1630 3034
103 181 158 221 14
472 176 516 219 C.
547 176 873 220 SALLUSTI
902 176 1128 221 CRISPI

101 294 247 338 virtuti
280 293 429 337 honos
455 292 606 348 datur,
653 307 801 352 neque
835 294 921 349 illi,
966 294 1128 353 quibus
1162 310 1248 355 per
1282 296 1490 342 fraudem

96 466 220 494 stt-cmo
239 470 307 502 quo
324 469 426 493 sensu
444 458 575 493 dictum
592 458 656 500 sit,
680 457 880 494 monuimus
903 458 948 494 ad
972 459 1074 495 Catil.
1096 472 1124 495 c.
1137 461 1244 504 XVII,
1257 462 1292 497 6.
1312 474 1346 507 p.
1361 461 1423 499 73.
1445 483 1491 489 —

100 521 283 565 capiunda
300 520 323 554 1.
342 530 373 553 8.
391 519 498 564 digna
512 531 603 563 quae
619 524 847 564 expetantur,
871 520 946 555 sive
964 522 1153 565 optabilia,
1178 523 1221 555 de
1237 533 1306 565 qua
1327 523 1491 568 particip.

96 582 160 617 fut.
179 592 268 625 pass.
288 584 457 624 potestate
476 579 624 614 diximus
643 581 687 614 ad
708 582 784 619 Cat.
802 594 832 615 c.
854 583 899 623 X,
920 581 954 618 2.
974 594 1009 625 p.
1026 581 1083 616 52.
1131 582 1269 616 Tamen
1285 584 1363 617 leve
1382 595 1491 628 zeug-

95 654 155 676 ma
176 644 212 676 11.
235 644 257 675 1.
281 642 452 683 habetur,
478 652 586 684 quum
605 642 779 685 cupiunda
797 642 1037 676 tantummodo
1058 642 1103 676 ad
1123 642 1191 676 duo
1209 641 1330 686 priora
1349 643 1492 678 nomina

95 707 259 738 accurate
287 702 482 747 pertineat,
514 702 582 735 hoc
610 703 684 736 fere
712 713 833 736 sensu:
857 714 967 746 neque
989 714 1084 748 mag.
1112 708 1145 737 et
1172 703 1259 746 imp.
1287 703 1490 748 expetenda,

93 775 205 808 neque
231 762 374 797 omnino
405 774 492 796 cura
523 772 645 796 rerum
675 762 772 806 publ.
797 764 1026 807 suscipienda.
1075 763 1121 796 cf.
1141 764 1185 797 ad
1203 764 1307 798 Catil.
1325 777 1355 799 c.
1378 765 1434 806 LI,
1455 764 1489 800 8.

93 830 129 860 et
153 825 186 859 9.
220 843 269 849 —-
306 824 495 866 Quoniam,
527 824 619 867 quod
646 824 839 858 Muellerus
868 823 1028 867 imperite
1059 824 1150 857 idem
1183 835 1258 858 esse
1285 824 1370 857 dicit
1397 824 1491 867 1111011

93 898 198 931 quum
223 886 447 930 praesertim,
483 883 736 928 explicavimus
761 884 806 918 ad
832 885 910 919 Cat.
938 897 967 919 c.
996 886 1174 924 xxxvu,
1194 886 1227 920 3.
1259 898 1292 929 p.
1314 885 1394 920 171.
1441 885 1489 919 cf.

93 949 248 991 Herzog.
271 946 315 979 ad
337 958 367 980 e.
387 947 416 988 I,
437 946 471 981 3.
504 946 565 990 qui
597 947 691 979 haud
713 947 807 979 male
827 949 962 986 monet,
988 945 1055 978 ista
1072 945 1247 988 particula
1263 957 1423 980 caussam
1441 945 1488 980 εἰ·

92 1006 273 1053 gnificari,
305 1005 340 1040 in
358 1007 462 1041 rebus
483 1006 586 1040 factis
604 1010 806 1050 certumque
825 1010 989 1040 eventum
1010 1007 1223 1041 habentibus
1244 1007 1406 1051 positam.
1452 1017 1488 1039 v.

91 1070 184 1103 infra.
221 1080 252 1102 c.
287 1068 380 1108 xlv,
415 1067 449 1101 3.
495 1067 622 1109 xxiv,
659 1067 716 1100 10.
747 1068 879 1109 xxxi,
912 1067 970 1101 21.
1005 1068 1152 1109 xxxii,
1186 1068 1219 1102 5.
1256 1068 1418 1110 Lxxlx,
1450 1067 1486 1102 l.

88 1129 266 1169 LXXXII,
287 1128 320 1162 1.
343 1145 390 1152 —
415 1127 578 1161 ceterum
604 1128 693 1160 haec
718 1128 813 1161 haud
843 1128 948 1160 dubie
974 1128 1017 1160 de
1046 1139 1088 1161 80
1110 1132 1268 1171 tempore
1285 1127 1379 1162 dicta
1395 1131 1486 1168 sunt,

89 1202 158 1234 quo
180 1190 380 1233 respublica
406 1192 482 1232 post
501 1187 663 1221 Caesaris
681 1188 822 1222 caedem
844 1199 955 1232 paene
979 1188 1146 1222 exstincta
1166 1189 1210 1222 ab
1230 1189 1390 1228 Antonio,
1419 1188 1487 1221 Le-

88 1251 171 1295 pido
199 1255 234 1284 et
259 1250 456 1284 Octaviano
484 1249 727 1290 lacerabatur3
752 1260 834 1282 nam
861 1253 934 1282 tum
959 1249 1059 1282 bonis
1087 1250 1248 1283 omnibus
1275 1247 1487 1294 gravissima

89 1323 245 1355 quaeque
273 1314 372 1344 erant
401 1305 573 1351 timenda,
607 1314 642 1344 et
668 1320 737 1353 quo
763 1309 840 1352 quis
869 1314 945 1344 erat
972 1311 1167 1354 promptior
1189 1310 1234 1345 ad
1264 1309 1424 1343 facinora
1451 1311 1486 1342 et

89 1374 125 1407 10
157 1372 261 1406 malis
287 1371 421 1406 artibus
444 1371 683 1411 exercitatior,
719 1381 760 1403 eo
796 1370 933 1403 maiora
966 1370 1140 1414 nequitiae
1174 1370 1334 1414 praemia
1364 1381 1485 1404 conse-

85 1435 280 1478 quebatur,
316 1443 528 1476 quamquam
559 1431 594 1464 111
620 1436 694 1464 tam
719 1430 867 1464 turbidis
891 1431 995 1477 rebus
1024 1442 1092 1464 non
1121 1431 1251 1465 licebat
1275 1431 1368 1464 male
1400 1441 1485 1474 par·-

86 1496 132 1529 tis
167 1494 348 1527 commode
379 1497 412 1527 et
441 1504 560 1527 secure
590 1490 674 1524 frui.
729 1492 778 1524 Ut
803 1496 920 1524 autem
948 1495 1083 1526 certum
1114 1496 1167 1526 est
1192 1492 1282 1525 haec
1312 1494 1392 1525 ante
1418 1502 1484 1534 pu-

85 1567 194 1601 gnam
221 1554 401 1588 Actiacam
428 1564 502 1587 esse
529 1551 678 1594 scripta,
718 1562 788 1594 qua
822 1562 961 1586 summa
996 1562 1116 1585 rerum
1145 1552 1277 1595 potitus
1304 1552 1484 1596 Augustus

85 1617 265 1650 civitatem
303 1614 422 1648 multis
460 1612 722 1656 tempestatibus
764 1612 930 1646 iactatam
973 1616 1007 1646 et
1045 1618 1310 1655 conquassatam
1352 1613 1483 1646 confir-

84 1689 184 1711 mare
207 1680 241 1710 ct
267 1675 310 1710 1111
339 1674 521 1708 meliorem
549 1677 679 1706 statum
705 1673 871 1706 reducere
902 1674 1055 1717 studuit,
1082 1673 1133 1706 ita
1157 1683 1225 1716 quo
1249 1676 1404 1716 spectent
1426 1685 1481 1707 se-

83 1737 245 1782 quentia,
286 1746 369 1769 nam
404 1734 440 1767 υί
477 1735 614 1779 quidem
650 1751 698 1757 ——
727 1732 957 1777 portendant,
1003 1734 1092 1768 mihi
1125 1745 1192 1766 non
1224 1734 1327 1776 plane
1358 1733 1480 1776 liquet.

84 1800 268 1833 Caesarem
294 1797 432 1840 quidem
455 1794 571 1828 notari
595 1805 676 1827 cum
701 1794 844 1827 Tellero
868 1795 1037 1840 Langius,
1063 1794 1233 1828 Miillerus
1257 1798 1291 1828 et
1314 1795 1480 1828 1110111110-

82 1871 146 1893 nus
170 1862 334 1898 statuunt,
360 1856 467 1889 verba
492 1856 621 1889 delicta
645 1856 802 1899 corrigas
823 1856 866 1889 ad
891 1857 1048 1889 salubres
1071 1856 1146 1889 eius
1168 1855 1276 1899 leges,
1302 1854 1388 1889 mite
1410 1854 1480 1888 im-

81 1919 219 1964 perium
249 1928 492 1960 summamque
522 1916 743 1949 clementium
776 1917 984 1957 referentes,
1024 1927 1094 1959 qua
1125 1916 1224 1960 regni
1249 1915 1284 1949 vi
1315 1915 1479 1959 occupati

82 1982 224 2024 cuipam
256 1977 543 2021 compensaverit.
599 1977 668 2010 Sed
700 1989 808 2021 quum
842 1982 963 2011 auctor
986 1977 1022 2010 in
1059 1976 1268 2020 antegressis
1290 1981 1412 2019 aperte
1434 1976 1479 2009 118

80 2041 211 2075 seriore
244 2043 401 2082 tempore
423 2038 572 2079 dixerit,
606 2049 716 2081 neque
738 2039 810 2071 ullo
846 2037 949 2071 modo
973 2049 1010 2071 se
1034 2038 1076 2071 ad
1101 2037 1260 2080 superius
1282 2040 1419 2078 tempus
1442 2039 1477 2069 et

81 2104 125 2136 ad
150 2103 336 2135 Caesarem
366 2100 481 2133 redire
505 2099 781 2143 significaverit,
819 2099 882 2131 sub
908 2099 1010 2131 finem
1035 2109 1118 2132 vero
1144 2097 1200 2141 (e.
1223 2097 1279 2138 IV,
1304 2096 1326 2129 7
1347 2113 1394 2121 —-
1411 2096 1475 2139 9.)

80 2164 207 2197 iterum
240 2162 283 2194 de
314 2172 377 2194 sua
410 2164 524 2193 aetate
547 2160 729 2202 loquatur,
761 2160 851 2192 mihi
885 2159 1093 2203 persuadere
1124 2169 1191 2191 non
1223 2167 1385 2200 possum,
1409 2155 1477 2189 ista

79 2225 187 2257 verba
210 2224 252 2256 de
277 2223 426 2255 Caesare
449 2219 675 2263 intelligendu
699 2232 783 2255 esse.
830 2221 952 2262 'Ni-que
975 2223 1241 2253 consentaneum
1265 2221 1328 2258 est,
1355 2216 1476 2249 Sullu-

77 2286 183 2319 stium
209 2284 259 2317 ita
282 2283 324 2316 de
347 2295 388 2315 eo
414 2279 605 2321 iudicasse,
636 2280 665 2313 si
690 2280 905 2324 reputaveris
930 2284 964 2312 et
985 2279 1111 2322 quibus
1133 2278 1188 2312 illi
1210 2276 1388 2311 beneficiis
1410 2277 1472 2309 ob-

77 2347 215 2381 strictus
239 2345 354 2383 suerit,
378 2347 412 2375 et
437 2341 573 2383 quantis
597 2341 759 2374 laudibus
783 2353 863 2374 cum
885 2341 920 2374 in
945 2341 1094 2374 Catilina
1116 2339 1307 2373 ornaverit.
1354 2338 1474 2380 Quare

77 2407 166 2440 haec
191 2407 297 2439 verba
320 2415 429 2446 11011110.
454 2403 496 2435 ad
523 2404 719 2444 caesam-m,
757 2414 867 2444 neque
891 2402 934 2435 ud
960 2407 1070 2435 certos
1090 2401 1259 2445 quosdam
1285 2398 1372 2432 ulios
1395 2409 1471 2442 spo-

76 2471 174 2501 cture
197 2467 375 2503 videntur,
400 2465 456 2495 sed
483 2462 692 2496 Sallustium
717 2469 813 2506 puto,
839 2468 875 2496 ut
899 2464 1060 2507 generali
1083 2461 1253 2496 sententia
1277 2459 1472 2494 ostenderet

76 2525 211 2558 nullum
236 2536 275 2556 rx
302 2523 432 2562 tribus,
470 2524 595 2565 quitum
620 2530 693 2556 tum
725 2523 769 2556 nd
794 2524 964 2565 rempubl.
989 2523 1152 2556 accedere
1177 2521 1333 2561 licuerit,
1373 2519 1470 2553 viam

75 2583 387 2618 commendabilem
417 2585 531 2620 fnisse,
556 2584 604 2617 itn
629 2588 912 2627 urgunwntntmn
938 2594 1030 2615 csse:
1059 2582 1213 2615 involare
1238 2581 1271 2614 in
1295 2580 1466 2624 rempubl.

76 2651 111 2681 et
136 2647 168 2679 vi
194 2646 295 2678 mulis
312 2644 451 2677 modum
477 2649 640 2683 statne-ro,
665 2655 876 2687 quamquam
900 2644 932 2676 in
958 2643 1013 2676 bis
1033 2641 1143 2676 turbis
1161 2647 1196 2676 et
1220 2640 1368 2675 miseriis
1388 2640 1466 2673 luu-

76 2707 194 2741 dnbilc
218 2706 390 2749 inceptum
416 2705 527 2738 videri
551 2705 668 2747 possit,
695 2709 810 2737 tumen
836 2703 1004 2737 imidinm
1028 2703 1147 2742 habet,
1174 2713 1284 2745 neque
1307 2700 1382 2734 sine
1403 2711 1466 2733 no-

75 2768 129 2803 vis
153 2762 263 2802 turbis
285 2765 359 2800 fieri
384 2770 517 2809 potest3
545 2764 585 2799 iis
611 2775 707 2807 vcro,
733 2764 792 2808 qui
816 2765 985 2807 rempubl.
1010 2773 1212 2808 oppressam
1234 2762 1365 2797 liabent
1390 2762 1465 2795 sru—
