1630 3034
434 104 792 148 IUGURTHA.
827 105 954 148 CAP.
986 105 1108 148 XIV.
1417 112 1474 150 87

82 240 140 269 ne
190 239 302 282 quos
347 223 522 282 privata
567 221 758 266 amicitia
800 220 1045 281 Iugurthae
1088 237 1250 281 parum
1290 224 1472 283 cognita

81 328 353 365 transvorsos
389 326 522 379 agat,
569 333 681 377 quos
715 332 808 377 ego
852 318 984 362 audio
1020 333 1227 361 maxuma
1262 333 1351 377 ope
1379 321 1469 375 niti,

81 418 272 473 ambire,
312 416 503 476 fatigare
547 429 627 459 vos
680 415 902 474 singulos,
951 430 1008 458 ne
1045 415 1154 472 quid
1189 415 1247 459 de
1283 417 1468 460 absente

80 513 308 574 incognita
347 527 503 557 caussa
536 511 759 563 statuatis;
803 510 979 571 fingere
1028 526 1100 555 me
1144 513 1283 556 verba
1320 519 1364 556 et
1392 513 1467 556 fu-

78 625 186 670 gam
221 609 442 663 simulare,
479 609 550 651 cui
577 608 748 652 licuerit
784 609 827 651 in
862 622 1005 667 regno
1039 623 1230 652 manere.
1304 609 1530 664 Quod-21

78 706 242 749 utinam
278 705 424 761 illum,
469 706 591 749 cuius
637 705 775 764 impio
823 703 1020 747 facinore
1064 705 1109 747 in
1153 704 1233 748 has
1269 706 1464 750 miserias

74 801 299 861 proiectus
336 816 456 857 sum,
506 800 664 844 eadem
707 801 822 844 haec
868 800 1147 844 simulantem
1182 801 1383 857 videam,
1421 808 1466 845 et

75 897 314 956 aliquando
350 903 425 940 aut
460 896 583 957 apud
620 912 721 951 vos,
769 903 844 940 aut
884 896 1011 956 apud
1058 896 1167 940 deos
1204 898 1463 941 immortalis

76 979 96 994 h

74 1052 168 1086 cibus
191 1052 348 1095 usurpati
371 1064 406 1087 v.
430 1053 617 1086 Ruhnken.
643 1051 686 1084 ad
703 1051 861 1085 Terentii
884 1056 918 1086 et
937 1051 1064 1085 Rutilii
1086 1052 1122 1085 ll.
1146 1053 1207 1093 ll.;
1232 1063 1336 1096 quam
1361 1064 1464 1096 saepe

73 1115 192 1146 autem
225 1123 306 1145 cum
340 1114 501 1147 accedere
545 1113 728 1145 confusum
763 1111 807 1144 sit
847 1123 1037 1156 cognoscas
1071 1124 1113 1146 ex
1151 1113 1268 1146 Cottio
1307 1114 1351 1146 ad
1383 1114 1462 1158 lug.

72 1172 300 1215 Lxxxvffl,
323 1173 357 1207 6.
393 1175 563 1207 Goerenz.
603 1171 647 1206 ad
672 1172 747 1205 Cic.
780 1172 822 1204 de
854 1173 955 1206 Finn.
987 1174 1014 1214 1,
1040 1173 1097 1213 12,
1123 1173 1179 1206 41.
1216 1175 1393 1207 Drakenb.
1417 1175 1462 1207 ad

71 1233 148 1267 Liv.
173 1233 269 1273 xxi,
292 1233 349 1273 lo,
379 1234 435 1267 12.
482 1232 640 1274 Denique
672 1233 829 1265 occidam
854 1232 890 1265 in
923 1245 964 1266 eo
987 1233 1121 1277 aliquid
1145 1233 1308 1276 praesidii
1332 1234 1465 1267 habere

71 1293 228 1336 videtur,
252 1295 343 1336 quod
368 1293 460 1337 apud
480 1292 657 1326 IVassium
679 1292 715 1324 in
739 1294 817 1325 cod.
840 1294 882 1329 B.
907 1294 996 1327 Pub.
1022 1295 1186 1327 mendose
1210 1294 1379 1337 scriptum
1411 1299 1465 1328 est

71 1366 135 1398 quo
160 1354 563 1388 acciderat.—Relicua
587 1353 632 1386 ab
656 1353 870 1387 Ruhnkenio
894 1359 1026 1388 tentata
1049 1355 1236 1388 sanissima
1259 1360 1356 1396 sunt3
1380 1366 1462 1388 nam

70 1415 317 1459 appellare
349 1415 499 1459 aliquem
530 1412 851 1456 frequentissimum
886 1419 938 1448 est
970 1415 1012 1447 de
1042 1415 1086 1448 iis
1109 1415 1169 1458 qui
1194 1415 1277 1458 aliq.
1302 1415 1463 1458 precibus

70 1475 220 1516 adeunt‚
249 1474 392 1517 eiusque
415 1475 585 1509 auxilium
618 1473 826 1517 implorant3
862 1475 908 1508 cf.
933 1476 1027 1509 Cort.
1063 1477 1107 1509 ad
1139 1477 1175 1509 h.
1200 1476 1224 1510 1.
1255 1475 1316 1519 qni
1340 1476 1461 1510 laudat

69 1535 143 1571 Cic.
165 1546 201 1578 p.
225 1535 352 1568 Flacco
374 1535 408 1578 2,
422 1535 455 1568 4.
481 1547 513 1578 p.
531 1533 670 1578 Quinct.
696 1534 754 1575 30,
777 1534 833 1568 94.
857 1546 891 1570 v,
915 1536 1052 1570 Ernest.
1079 1537 1114 1569 in
1141 1537 1239 1570 ClaV.
1265 1536 1336 1569 Cic.
1361 1536 1398 1570 11.
1423 1548 1456 1570 V.

67 1595 201 1628 Bremi.
225 1595 269 1628 ad
300 1594 385 1638 Nep.
410 1595 515 1629 Attio.
542 1607 571 1629 c.
598 1594 698 1635 ΠΗ,
732 1594 767 1629 3.
798 1596 956 1640 Herzog.
982 1597 1027 1632 ad
1062 1598 1160 1632 Caes.
1181 1598 1222 1631 Β.
1251 1597 1295 1631 G.
1322 1597 1395 1638 Vll,
1421 1596 1456 1632 4.

67 1660 102 1690 et
126 1656 169 1690 ad
193 1655 279 1689 Sall.
305 1655 380 1689 Cat.
405 1656 513 1697 XVII,
540 1655 574 1689 1.
597 1675 640 1680 —
667 1656 765 1688 Mihi
789 1656 927 1690 Cortius
951 1658 1020 1691 fide
1043 1658 1145 1691 unius
1168 1659 1287 1692 Guelf.
1316 1658 1372 1692 11.
1396 1659 1457 1691 de·

64 1716 163 1750 levit.
186 1735 232 1741 —
255 1716 353 1749 Idem
387 1716 470 1750 fecit
504 1717 611 1749 verbo
643 1715 862 1749 substantivo
897 1719 986 1760 sint,
1024 1719 1116 1761 quod
1148 1719 1183 1752 in
1216 1719 1332 1752 Guelf.
1358 1718 1392 1752 5.
1423 1723 1457 1752 et

63 1778 136 1811 Ine.
152 1777 185 1810 1.
210 1778 324 1817 deest,
348 1780 382 1809 et
404 1775 440 1809 in
463 1781 628 1819 quattuor
650 1776 729 1810 aliis
754 1777 789 1810 in
812 1783 892 1812 sunt
917 1784 1089 1813 mutatum
1114 1786 1185 1821 est,
1219 1791 1309 1822 quae
1333 1783 1467 1812 caussa

64 1849 134 1872 non
156 1837 287 1872 sufficit
313 1837 357 1870 ad
380 1836 416 1870 id
439 1837 679 1870 omittendum.
704 1857 748 1862 —
771 1839 842 1872 Pro
867 1845 944 1873 aut
973 1841 1153 1885 quisquam
1177 1839 1334 1872 nonnulli
1357 1839 1454 1879 libri,

63 1899 124 1932 sed
147 1898 356 1938 deteriores,
389 1898 554 1931 exhibent
586 1909 644 1930 an
669 1900 791 1943 quisq„
827 1899 951 1932 scribis
982 1913 1049 1934 non
1086 1899 1362 1944 intelligentibus
1384 1910 1453 1932 non

63 1960 211 1993 alteram
237 1958 523 2003 interrogationis
552 1959 717 2001 obliquae
749 1964 886 2003 partem
922 1960 982 1993 hic
1019 1960 1165 2003 haberi,
1199 1971 1306 2003 quum
1340 1959 1454 2002 potius

63 2031 291 2064 praegressae
321 2022 435 2052 rectae
467 2029 557 2052 nova
588 2019 801 2062 adiungatur
833 2025 949 2061 recta,
982 2031 1052 2063 qua
1083 2020 1145 2053 illa
1168 2024 1386 2053 retractetur.
1412 2020 1452 2052 V.

64 2080 108 2113 de
137 2080 205 2113 isto
239 2081 318 2113 loco
352 2078 532 2111 Handium
563 2079 607 2112 de
630 2080 782 2114 Particc.
815 2081 907 2114 Latt.
933 2080 978 2113 T.
1006 2081 1030 2113 I.
1068 2092 1102 2123 p.
1127 2079 1207 2113 354.
1233 2082 1268 2121 §-
1294 2079 1350 2113 15.
1372 2080 1453 2114 coll.

65 2140 112 2173 lb.
137 2152 172 2183 p.
198 2139 279 2173 551.
326 2139 424 2172 Bene
448 2139 566 2172 Faber
595 2151 636 2173 ex
661 2140 828 2173 Sallustio
853 2140 1071 2182 comparavit
1094 2140 1238 2184 Fragm.
1262 2140 1397 2174 Hister.
1422 2140 1451 2182 1,

63 2196 122 2238 15,
147 2197 205 2230 21.
255 2197 340 2239 Quis
366 2199 486 2232 eadem
518 2200 618 2233 volt?
649 2205 734 2234 aut
767 2201 843 2244 quis
872 2213 937 2233 non
975 2201 1092 2233 omnia
1124 2206 1281 2242 mutata,
1308 2206 1452 2245 praeter

64 2258 275 2292 victoriam?
309 2259 434 2293 Incert.
461 2259 516 2303 17,
542 2260 577 2294 3.
629 2261 712 2301 Quis
745 2262 829 2294 mihi
854 2262 929 2294 vivo
954 2261 1126 2296 cruciatus
1148 2262 1235 2295 satis
1258 2261 1337 2295 est?
1372 2267 1449 2295 aut

63 2331 154 2364 quae
183 2330 297 2362 poena
327 2318 487 2353 mortuo?
511 2339 556 2345 —-
583 2321 702 2354 Nostri
736 2321 950 2364 pronominis
979 2322 1249 2365 grammaticam
1281 2321 1451 2356 rationem

64 2379 318 2424 explicavimus
347 2380 392 2413 ad
415 2379 518 2413 Catil.
544 2393 575 2414 c.
600 2381 765 2424 xxxin,
787 2383 822 2416 2.
847 2395 881 2426 p.
905 2381 984 2415 151.

156 2443 188 2482 §-
214 2440 390 2475 19—21.
438 2443 589 2474 secunda
626 2448 660 2476 et
698 2441 918 2485 obedientia]
949 2442 987 2475 In
1010 2442 1108 2476 Leid.
1124 2443 1170 2476 Η.
1195 2445 1275 2477 ante
1298 2443 1448 2476 secunda

63 2500 222 2535 additum
244 2502 362 2541 vobi33
385 2500 478 2534 idem
502 2501 536 2534 in
560 2502 672 2536 tribus
695 2503 804 2536 Cortii
827 2503 957 2547 legitur
979 2508 1055 2546 post
1079 2504 1293 2545 obedientia,
1325 2504 1448 2538 scribis

63 2573 170 2606 aegre
194 2561 385 2597 ferentibus
409 2563 567 2596 dativum
590 2564 722 2597 abesse.
745 2563 791 2597 cf.
816 2564 860 2596 ad
885 2565 961 2598 Cat.
987 2565 1044 2605 LI,
1066 2564 1122 2598 28.
1148 2566 1225 2610 Ing.
1250 2566 1278 2605 1,
1296 2565 1329 2598 ὃ.
1356 2566 1400 2607 X,
1413 2565 1448 2598 3.

64 2623 143 2663 XII,
165 2621 198 2656 4.
221 2623 262 2664 L,
285 2623 319 2657 1.
344 2623 523 2664 LXXXII,
544 2624 578 2660 l.
600 2624 772 2665 LXXXV,
797 2624 831 2658 5.
849 2644 893 2649 -
920 2626 1095 2659 Sociorum
1118 2626 1266 2659 iniurias
1289 2625 1314 2658 i.
1337 2636 1368 2658 e.
1391 2637 1448 2658 so-

65 2681 129 2716 ciis
151 2682 268 2717 illatas
299 2683 404 2717 iniur.
426 2695 461 2718 v,
498 2684 543 2718 ad
577 2684 654 2718 Cat.
686 2697 717 2718 c.
741 2685 822 2726 LII,
845 2685 879 2719 6.
915 2698 950 2729 p.
976 2684 1057 2720 265.
1082 2705 1126 2713 -
1158 2687 1214 2719 De
1245 2685 1448 2729 pronomine
