1630 3034
345 219 687 295 CATlLINA.
757 253 893 294 CAP.
926 252 1117 294 XXXIX.
1342 257 1421 296 181

41 370 117 416 ciis
176 376 340 416 terrere
363 402 375 424 ‚
451 371 528 430 qui
595 370 779 431 plebem
841 370 886 417 iu
956 370 1218 434 magistratu
1274 369 1419 429 placi-

36 640 210 684 pertinere
232 639 397 674 voluisset
430 638 634 681 Sallustius,
666 638 734 672 nisi
765 639 883 672 omnia
913 649 970 672 me
1000 638 1146 680 fallunt,
1179 636 1319 671 dixisset
1350 649 1415 681 quo

34 699 130 741 ipsi
158 699 292 742 plebem
321 702 387 731 etc.
443 697 592 730 Damius
634 700 777 739 autem,
813 701 941 730 ceteros
974 697 1019 730 ad
1061 696 1219 730 tribunos
1261 695 1415 727 reserens

33 755 165 790 relicua
188 755 238 788 sic
266 755 452 788 convertitz
492 754 616 787 (lami
625 759 637 787 t
668 754 716 786 sie
750 754 885 788 nicht
916 754 1082 787 wiihrend
1110 754 1202 786 ihrer
1236 752 1416 794 Amtsf12h-

32 824 127 857 rung
150 813 216 846 den
240 814 419 857 gemeinen
444 812 553 844 Manu
583 823 626 844 zu
648 812 789 855 galinde
813 812 1062 851 behanclelten3
1092 810 1151 843 sed
1173 809 1287 853 quivis
1309 809 1415 849 videt,

32 879 98 914 qno
122 881 184 913 pro
208 882 251 904 ne
284 869 446 904 habitum
479 879 546 900 non
579 869 695 914 magis
725 869 812 903 ferri
843 880 963 912 posse,
998 878 1103 911 quam
1124 871 1200 910 post
1231 876 1298 909 prov
1319 869 1412 905 ante,

31 938 146 961 omnes
169 939 233 971 pro
256 939 374 968 nemo,
406 930 440 958 et
464 936 553 968 quae
584 930 663 960 sunt
699 926 756 960 his
780 926 920 960 similia.
975 925 1172 960 Novissime
1203 922 1413 957 Gerlachius

30 984 109 1018 loco
145 984 195 1018 ita
226 984 496 1017 succurrendum
530 984 690 1026 putavit,
732 987 771 1017 ut
802 988 955 1017 tractare
987 983 1133 1026 explicet
1162 982 1301 1016 trahere
1332 980 1354 1013 i.
1381 989 1411 1012 e.

29 1052 185 1084 vexare„
209 1042 381 1085 placidius
404 1052 490 1073 vero
513 1040 649 1084 passive
679 1039 723 1074 sit
745 1041 896 1074 securius
912 1065 922 1083 ,
954 1041 1024 1074 hoc
1053 1051 1176 1074 seusu:
1215 1036 1318 1082 pauci
1349 1046 1413 1068 no-

29 1099 118 1132 biles
156 1103 288 1133 ceteros
318 1098 537 1141 maximeque
579 1096 690 1141 plebis
732 1098 926 1131 defensores
965 1098 1103 1131 iudiciis
1146 1096 1338 1134 terrebant,
1373 1095 1411 1126 ut

28 1156 113 1200 ipsis
145 1158 272 1191 securis
305 1156 511 1200 (placidius)
543 1155 680 1198 plebem
718 1166 846 1188 vexare
876 1155 1008 1190 liceret.
1063 1156 1132 1189 Sed
1167 1155 1412 1198 praeterquam

28 1213 120 1257 quod
144 1214 211 1247 hac
235 1213 464 1256 explicatione
487 1212 707 1245 difficultates
737 1223 805 1245 non
829 1213 1015 1254 tolluntur,
1048 1213 1199 1246 insolens
1222 1210 1410 1243 verborum

27 1276 182 1306 tractare
196 1274 239 1307 ,ct
261 1271 431 1314 placidius
461 1281 579 1303 sensus
600 1269 702 1302 valde
724 1269 893 1312 displicet.
939 1270 1016 1304 Non
1039 1270 1154 1314 magis
1177 1268 1262 1302 ferri
1285 1269 1409 1310 potest,

26 1328 120 1372 quod
151 1328 348 1372 Herzogius
386 1331 500 1360 censet
532 1328 593 1360 aut
632 1327 909 1369 comparativam
950 1328 1197 1360 sententiarum
1238 1324 1408 1359 rationem

26 1397 120 1426 esse,
144 1385 213 1419 hoc
235 1396 350 1418 sensu:
377 1395 460 1427 quo
481 1383 727 1426 placidius
750 1385 855 1419 ceteri
876 1385 1030 1417 nonnulli
1047 1385 1190 1428 plebem.
1204 1385 1410 1422 tractarent,

28 1454 74 1477 eo
97 1443 245 1486 magis
273 1442 408 1476 iudiciis
432 1441 628 1481 torrebant,
662 1444 723 1474 aut
746 1453 810 1485 quo
842 1452 905 1484 pro
929 1442 1019 1485 quod
1041 1442 1114 1475 sivo
1144 1441 1304 1486 quoniam
1335 1450 1410 1471 esse

26 1499 203 1543 positum3
233 1502 355 1532 neutra
378 1498 470 1531 enim
493 1497 678 1540 explicatio
703 1510 782 1532 cum
805 1499 970 1542 loquendi
993 1510 1058 1533 usu
1080 1502 1192 1543 potest
1216 1495 1406 1530 conciliari.

25 1555 66 1588 In
90 1559 186 1588 tanta
209 1554 414 1588 difficultate
437 1555 533 1587 locus
556 1555 655 1588 nobis
677 1559 817 1589 sanatus
841 1556 1000 1597 videtur,
1033 1569 1096 1602 quo
1119 1556 1156 1590 in
1179 1555 1238 1599 qui
1262 1556 1405 1588 mutato.

27 1613 165 1646 Ceteros
199 1611 429 1656 intelligimus
459 1612 645 1655 patricios,
677 1613 792 1646 minus
823 1617 978 1657 potentes
1006 1614 1164 1657 aliasque
1191 1611 1341 1645 rationes
1373 1612 1408 1643 et

24 1673 139 1714 partes
161 1669 197 1702 in
220 1670 354 1712 republ.
379 1674 575 1713 sequentes3
616 1681 739 1704 caussa
770 1674 904 1712 autem,
937 1683 999 1704 cur
1029 1671 1068 1704 hi
1092 1682 1113 1705 a
1136 1668 1255 1714 paucis
1286 1671 1408 1712 poten-

24 1727 117 1761 tibus
157 1726 295 1760 iudiciis
334 1730 562 1768 terrerentur,
595 1727 686 1762 haec
717 1727 803 1769 fuit,
835 1728 927 1771 quod
958 1729 1096 1771 plebem
1128 1729 1166 1761 in
1197 1727 1408 1770 magistratu

25 1783 65 1827 (i.
90 1795 120 1817 e.
145 1795 252 1826 quum
275 1783 483 1828 magistratu
514 1785 759 1828 fungerentur)
791 1786 961 1828 placidius
984 1787 1187 1824 tractarent,
1210 1783 1233 1816 i.
1260 1794 1290 1815 e.
1316 1782 1409 1825 quod

23 1841 165 1884 plebem
189 1840 322 1882 minus,
353 1851 458 1883 quam
482 1841 554 1877 illis
579 1841 664 1875 utile
686 1842 893 1885 videbatur,
919 1846 1132 1884 coercerent,
1157 1842 1312 1883 adeoque
1335 1839 1409 1873 eius

24 1897 104 1931 iura
132 1897 400 1940 libertatemque
428 1898 668 1940 defenderent3
699 1900 836 1934 iudiciis
865 1905 996 1935 terr-eme
1028 1904 1080 1934 est
1110 1899 1187 1933 lites
1216 1898 1406 1938 intendere,

24 1954 167 1999 negotia
195 1954 384 1997 facessere,
418 1957 511 1998 quod
543 1956 597 1989 illi
631 1957 741 1990 facile
772 1961 932 2000 poterant
960 1968 1022 2001 per
1045 1967 1220 1990 summam
1250 1954 1406 1999 ipsorum

21 2012 225 2057 potentiam.
282 2012 353 2056 Qui
384 2012 622 2057 significentur
652 2025 866 2059 quamquam
906 2025 974 2049 non
1017 2014 1100 2048 satis
1142 2016 1257 2057 patet,
1287 2016 1405 2046 tamen

24 2070 210 2114 probabile
230 2072 281 2103 est
304 2070 487 2112 Crassum,
511 2072 759 2112 Hortensium,
783 2072 984 2112 Lucullum,
1008 2071 1193 2104 Metellum
1218 2069 1405 2107 Creticum,

23 2127 67 2170 Q.
85 2118 272 2170 Catulum,
296 2127 479 2160 Caesarem
504 2129 757 2172 nonnullosque
780 2130 869 2163 alios
890 2129 1014 2163 notari.
1047 2128 1175 2161 Sensus
1197 2126 1308 2170 igitur
1331 2128 1407 2159 est:

24 2183 128 2228 pauci
167 2183 222 2217 illi
265 2187 441 2227 potentes,
483 2188 522 2218 ut
553 2186 620 2229 ipsi
653 2197 827 2220 summam
868 2197 985 2219 rerum
1026 2184 1175 2218 firmiter
1205 2182 1404 2223 retinerent,

24 2241 190 2275 nolebant
212 2241 298 2274 alios
329 2241 419 2284 apud
441 2242 579 2284 plebem
614 2243 747 2286 aliquid
778 2254 899 2286 posse,
932 2253 1041 2285 eoque
1073 2244 1206 2274 ceteros
1228 2239 1406 2283 patricios²

23 2297 84 2342 qui
107 2296 220 2341 plebis
240 2298 407 2341 gratiam,
431 2299 602 2341 placidius
625 2300 817 2341 tractando,
841 2309 1009 2342 quaerere
1031 2298 1243 2338 viderentur,
1266 2296 1404 2330 iudiciis

24 2355 216 2396 vexabant,
249 2365 376 2398 eosque
410 2365 432 2388 a
461 2357 574 2390 studio
597 2357 709 2400 plebis
732 2356 800 2390 sibi
824 2356 1061 2390 conciliandae
1093 2355 1267 2388 deterrere
1298 2365 1400 2388 cona-

21 2413 162 2447 bantur.
208 2411 419 2454 Depravatio
447 2412 530 2446 inde
562 2418 660 2455 orta,
694 2414 785 2456 quod
816 2414 970 2447 librariis
998 2413 1035 2446 ia
1067 2412 1215 2456 proclivi
1245 2411 1314 2446 fuit
1343 2412 1403 2457 qui

25 2468 227 2513 compendio
251 2468 418 2511 scriptum
439 2474 580 2513 propter
601 2464 799 2515 sequentem
814 2470 1090 2514 comparativum
1111 2470 1148 2504 in
1163 2482 1227 2514 quo
1251 2474 1400 2512 mutare,

23 2527 117 2571 quod
140 2526 244 2560 etiam
268 2525 370 2559 Livio
388 2527 459 2568 XL,
478 2527 535 2567 26,
556 2526 589 2561 5.
615 2528 751 2562 accidit.
799 2529 867 2565 Ex,
884 2527 1023 2562 relativi
1046 2531 1163 2562 autem
1194 2527 1285 2572 siglo
1307 2527 1402 2560 male

26 2584 199 2618 intellecto
252 2586 409 2616 veterum
449 2584 558 2619 libros
596 2597 699 2629 saepe
740 2586 828 2620 vitia
857 2585 1004 2619 traxisse
1052 2589 1086 2619 et
1115 2585 1318 2619 documento
1351 2586 1402 2618 est

27 2642 123 2674 locus
145 2639 248 2674 Catil.
271 2640 394 2681 xvln,
413 2640 444 2675 1.
468 2645 502 2675 et
524 2645 693 2677 testantur
721 2644 859 2677 Walch.
882 2643 1050 2678 Emeudd.
1074 2642 1172 2678 Livv.
1204 2653 1240 2688 p.
1267 2641 1326 2679 46.
1357 2651 1401 2677 aa

26 2696 247 2733 Schwarzius
270 2697 314 2736 ad
337 2697 427 2733 Pliu.
451 2697 624 2745 Panegyr.
649 2712 684 2746 p.
706 2700 784 2736 437.
811 2704 844 2736 ct
866 2698 945 2736 585.
