1630 3034
422 143 784 186 IUGURTHA.
848 141 977 183 CAP.
1014 139 1131 181 XIV.
1421 142 1479 181 85

88 265 376 309 honestarum
401 257 569 304 'rerum
611 274 779 318 egens,
831 272 921 315 quo
959 255 1192 309 aceniam,
1252 261 1328 298 aut
1365 269 1476 312 quos

88 359 348 422 appellem?
389 357 645 402 nationesne
682 370 738 398 an
774 369 933 414 reges,
981 353 1056 410 qui
1090 366 1244 395 omnes
1282 351 1476 394 familiae

88 465 264 504 nostrae
303 455 362 499 ob
399 458 592 496 vostram
638 451 876 494 amicitiam
911 448 1056 493 infesti
1099 447 1229 491 sunt?
1275 462 1329 490 an
1362 462 1478 505 qno-

89 570 224 615 quam
262 551 370 596 mihi
411 549 534 592 adire
583 546 712 602 lieet,
761 547 837 590 ubi
886 561 974 590 non
1011 545 1228 589 maiorum
1273 558 1478 587 meorum

88 651 266 696 hostilia
301 650 586 691 monumenta
618 642 810 703 plurima
846 643 931 685 sint
951 642 972 684 ἓ
1023 647 1099 683 aut
1128 624 1360 697 qnisquam
1391 655 1475 683 no-

89 749 163 794 stri
199 742 400 791 misereri
425 746 602 802 potest,
643 739 718 798 qui
755 738 995 797 aliquando
1027 737 1154 782 vobis
1189 735 1327 782 hostis
1363 735 1476 780 fuit?

86 926 165 949 eam
197 914 512 955 necessitudinem,
543 923 613 957 qna
646 922 727 946 cum
760 911 936 956 Iugurtha
970 910 1108 945 iunctus
1145 913 1242 951 erat,
1287 907 1476 952 intelligat.

66 976 199 1021 dgitur
221 976 289 1008 hoc
309 975 416 1009 dicit:
450 977 480 1009 εἰ
504 975 620 1008 omnia
652 972 739 1005 mihi
772 972 956 1005 incolumia
986 977 1119 1015 essent,
1154 982 1263 1016 neque
1287 970 1478 1014 quidquam

84 1048 199 1082 rerum
233 1047 389 1069 mearum
422 1037 641 1076 amisissem,
682 1043 792 1076 neque
827 1033 1067 1077 Iugurtha
1101 1032 1259 1076 aliique,
1305 1031 1363 1074 qui
1392 1029 1479 1063 mihi

83 1096 233 1142 proximi
257 1100 291 1129 et
315 1094 459 1139 cognati
482 1098 572 1134 sunt,
597 1097 775 1126 mutato
799 1093 946 1125 animo
974 1093 1088 1126 hostes
1111 1097 1145 1126 et
1170 1090 1366 1125 adversarii
1381 1089 1477 1132 sacti

86 1162 209 1191 essent.
257 1155 388 1189 Neutro
419 1165 547 1199 genere
581 1152 686 1186 etiam
719 1164 880 1195 personas
903 1152 1093 1197 significari
1128 1162 1234 1195 supra
1259 1150 1302 1184 ad
1328 1162 1357 1183 c.
1382 1149 1476 1190 Xlss,

85 1217 120 1251 6.
144 1216 378 1257 ostendimus;
404 1225 493 1258 quae
516 1214 606 1248 ratio
630 1225 692 1246 cur
714 1213 773 1245 hic
798 1213 914 1246 valeat
931 1213 1044 1256 quivis
1066 1212 1210 1254 videbit,
1234 1211 1295 1255 qui
1319 1210 1476 1245 animum

85 1277 296 1319 adverterit,
328 1276 372 1310 ad
397 1274 665 1309 concinnitatem
693 1273 859 1308 orationis
881 1274 1088 1308 servandam
1120 1277 1297 1307 auctorem
1322 1270 1478 1315 explica-

84 1339 176 1374 tivas
197 1337 402 1377 sententias,
435 1346 584 1378 quarum
617 1334 728 1368 altera
750 1334 799 1368 ad'
817 1346 892 1377 res,
926 1335 1038 1368 altera
1070 1334 1114 1367 ad
1145 1344 1308 1377 personas
1333 1335 1478 1375 spectat,

86 1400 156 1433 una
178 1399 222 1432 ad
245 1407 490 1441 praegressum
511 1396 627 1429 omnia
649 1406 712 1438 per
736 1395 925 1428 relativum
949 1399 982 1428 et
1006 1398 1068 1427 aut
1091 1394 1282 1437 particulas
1305 1392 1477 1427 retulisse.

84 1460 246 1493 Ceterum
270 1457 389 1490 Faber
411 1460 504 1489 recte
527 1455 615 1488 vidit
639 1467 728 1499 qaae
752 1455 904 1499 primum
929 1455 1203 1497 nominativum,
1232 1459 1305 1488 tum
1331 1464 1477 1487 accusa-

83 1519 196 1553 tivum
221 1529 308 1559 esse,
332 1517 433 1560 plane
457 1521 496 1550 ut
519 1516 612 1549 infra
639 1528 670 1549 c.
695 1517 824 1557 XXXI,
847 1515 903 1550 18.
950 1514 1125 1548 Nimirum
1149 1513 1208 1547 hic
1232 1525 1370 1558 qnoque
1394 1524 1478 1547 con-

84 1577 258 1613 cinnitatis
289 1577 442 1611 studium
478 1577 557 1620 plus
589 1577 720 1618 valuit,
752 1588 857 1620 quam
897 1586 1019 1610 severa
1051 1563 1313 1609 constructionis
1345 1575 1476 1607 lex.—

87 1640 273 1673 manerent
296 1641 330 1671 et
354 1637 574 1680 implorarem
598 1637 754 1681 Langius
778 1649 842 1681 pro
871 1636 1214 1681 plusquamperfecto
1240 1635 1373 1669 dictum
1396 1645 1476 1667 cen-

84 1704 157 1741 set,
191 1710 282 1742 quae
311 1698 503 1731 multorum
537 1701 590 1730 est
626 1699 795 1732 sententia
829 1699 871 1732 de
903 1696 1076 1731 eiusmodi
1108 1695 1346 1739 imperfectis,
1378 1694 1476 1727 velut

83 1758 297 1803 Heusingeri
328 1758 372 1792 ad
407 1757 483 1791 Cic.
510 1757 553 1790 de
585 1757 656 1792 Off.
681 1760 754 1801 111,
775 1759 838 1803 19,
864 1759 897 1792 2.
936 1762 970 1792 et
1002 1757 1123 1800 intprr.
1157 1757 1208 1790 ibi
1239 1756 1475 1790 laudatorum,

85 1820 267 1855 Heindorf.
288 1819 330 1852 ad
351 1818 440 1852 Hor.
457 1817 530 1851 Sat.
555 1819 582 1859 1,
601 1818 634 1859 3,
654 1818 686 1852 5.
711 1823 746 1853 et
760 1820 806 1866 Il,
826 1820 860 1860 3,
883 1818 955 1859 93„
975 1818 1147 1859 aliorum;
1173 1817 1231 1850 sed
1251 1816 1287 1849 in
1310 1819 1474 1860 promptu

83 1884 136 1915 est
147 1880 384 1914 Adherbalem
408 1879 495 1913 haec
513 1890 582 1912 non
605 1882 770 1923 tanquam
795 1878 984 1923 praeterito
1009 1882 1164 1922 tempore
1187 1878 1348 1912 absoluta
1369 1887 1476 1909 enun-

85 1941 196 1982 ciare,
223 1939 281 1973 sed
306 1939 440 1984 fingere
463 1940 667 1982 etiamtum,
703 1951 811 1982 quum
834 1939 991 1983 dicebat,
1017 1939 1114 1980 fieri3
1141 1939 1230 1972 unde
1254 1935 1476 1979 consequitur

83 2001 328 2045 imperfectum
352 2000 531 2044 propriam
554 2000 628 2033 vim
651 2011 719 2033 non
743 2000 961 2044 deposuisse3
988 2011 1021 2035 v.
1044 2001 1183 2043 Zumpt.
1209 1999 1370 2032 Gramm.
1394 1996 1474 2029 Lat.

85 2065 119 2104 ἓ.
141 2061 200 2103 78,
223 2061 256 2094 2.
282 2065 352 2096 not.
375 2060 409 2094 2.
433 2072 466 2104 p.
492 2060 573 2095 393.
599 2061 814 2094 Ramshorn.
848 2062 881 2102 §-
905 2059 986 2100 190,
1009 2060 1038 2098 Ι,
1061 2059 1095 2092 3.
1121 2062 1192 2092 not.
1221 2058 1254 2091 1.
1279 2070 1312 2101 p.
1335 2055 1405 2090 586
1422 2067 1473 2099 sq.

85 2124 121 2155 et
143 2132 233 2164 quae
263 2121 356 2155 infra
379 2122 424 2155 ad
454 2134 484 2155 c.
510 2123 600 2162 le,
628 2122 662 2155 3.
697 2121 840 2155 uberius
872 2118 1137 2164 disputavimus.
1165 2136 1211 2141 —
1243 2117 1334 2150 Mali
1356 2126 1476 2150 omnes

85 2181 185 2215 codd.
220 2184 336 2214 tenent
365 2186 442 2224 post
475 2183 680 2226 improvis03
715 2181 926 2215 Gerlachius
957 2180 992 2212 in
1025 2179 1080 2212 ed.
1117 2177 1250 2211 maiore
1281 2181 1359 2221 post
1392 2176 1475 2220 quid

87 2240 291 2280 collocavit,
326 2241 465 2276 Cottius
492 2244 595 2286 piane
621 2241 760 2284 omisit,
791 2240 918 2274 codicis
942 2239 1088 2273 Eccard.
1112 2238 1191 2272 fide.
1241 2236 1333 2281 Quin
1357 2237 1477 2270 abesse

85 2302 193 2347 possit
216 2313 286 2336 non
310 2306 360 2337 est
390 2302 552 2343 dubium3
590 2302 649 2336 sed
682 2313 724 2336 eo
756 2301 875 2335 addito
897 2299 1087 2334 certiorem
1113 2297 1190 2332 fieri
1213 2297 1407 2333 orationem
1432 2308 1474 2331 ac

85 2363 288 2409 graviorem
312 2363 485 2396 neminem
510 2362 617 2407 fugit.

177 2426 211 2466 ς.
237 2423 294 2457 17.
344 2422 443 2457 Nunc
466 2434 544 2457 eam
564 2423 635 2456 vim
658 2421 778 2461 habet,
799 2422 840 2454 ut
863 2419 1046 2454 transitum
1068 2422 1168 2463 paret
1189 2418 1233 2453 ad
1257 2422 1474 2463 praesentem

84 2484 239 2528 aliquem
263 2495 382 2517 rerum
405 2486 555 2524 statum,
579 2493 659 2515 cum
683 2493 747 2522 eo,
772 2481 814 2514 de
837 2492 908 2524 quo
933 2485 1035 2515 antea
1058 2480 1188 2514 dictum
1214 2484 1277 2520 est,
1300 2490 1367 2512 non
1392 2489 1474 2510 con-

85 2548 271 2590 gruentem
294 2548 329 2578 et
349 2547 533 2588 propterea
555 2542 609 2576 illi
633 2543 845 2587 oppositum,
880 2552 969 2586 quae
996 2540 1189 2585 opponendi
1213 2542 1363 2583 potestas
1387 2538 1424 2570 h.
1447 2537 1472 2571 l.

86 2616 153 2638 non
180 2605 346 2646 infertur,
380 2605 440 2638 sed
473 2609 621 2648 augetur
658 2614 739 2636 vero
773 2602 965 2646 particula3
1001 2603 1046 2637 cf.
1069 2601 1164 2635 infra
1189 2603 1220 2643 ς.
1246 2598 1303 2633 24.
1328 2599 1358 2632 F
1361 2609 1475 2642 ragin.

87 2665 220 2700 Histor.
243 2666 302 2706 111,
325 2665 383 2706 22,
408 2664 440 2698 2.
465 2665 641 2698 Kuehner.
665 2664 709 2697 ad
735 2663 807 2697 Cic.
831 2663 958 2696 Tusce.
984 2663 1052 2703 111,
1077 2663 1110 2703 l,
1135 2661 1168 2695 2.
1192 2661 1284 2705 Aug.
1308 2658 1477 2693 Matthias

88 2725 133 2760 ad
156 2725 229 2760 Cic.
255 2737 288 2769 p.
303 2726 411 2759 Arch.
435 2729 527 2770 poet.
554 2724 610 2767 11,
634 2724 690 2758 29.
714 2723 897 2758 Heindorf.
922 2721 967 2757 ad
977 2721 1019 2757 N.
1034 2723 1078 2757 D.
1105 2722 1148 2762 Π,
1171 2720 1230 2756 36.
1278 2718 1414 2754 Meiner
1435 2719 1477 2752 de
