<?xml version="1.0" encoding="UTF-8"?>
<!DOCTYPE html PUBLIC "-//W3C//DTD XHTML 1.0 Transitional//EN"
    "http://www.w3.org/TR/xhtml1/DTD/xhtml1-transitional.dtd">
<html xmlns="http://www.w3.org/1999/xhtml" xml:lang="en" lang="en">
 <head>
  <title>
</title>
<meta http-equiv="Content-Type" content="text/html;charset=utf-8" />
  <meta name='ocr-system' content='tesseract 3.04.00' />
  <meta name='ocr-capabilities' content='ocr_page ocr_carea ocr_par ocr_line ocrx_word'/>
</head>
<body>
  <div class='ocr_page' id='page_1' title='image "./operaquaesupeappx01salluoft_0188.png"; bbox 0 0 1630 3034; ppageno 0'>
   <div class='ocr_carea' id='block_1_1' title="bbox 238 196 1288 244">
    <p class='ocr_par' dir='ltr' id='par_1_1' title="bbox 238 196 1288 244">
     <span class='ocr_line' id='line_1_1' title="bbox 238 196 1288 244; baseline -0.005 0"><span class='ocrx_word' id='word_1_1' title='bbox 238 202 323 244; x_wconf 78' lang='lat'><strong>158</strong></span> <span class='ocrx_word' id='word_1_2' title='bbox 589 196 636 237; x_wconf 82' lang='lat' dir='ltr'><strong>C.</strong></span> <span class='ocrx_word' id='word_1_3' title='bbox 676 197 1022 240; x_wconf 85' lang='lat' dir='ltr'>SALLUSTI</span> <span class='ocrx_word' id='word_1_4' title='bbox 1060 197 1288 239; x_wconf 87' lang='lat' dir='ltr'>CRISPI</span> 
     </span>
    </p>
   </div>
   <div class='ocr_carea' id='block_1_2' title="bbox 192 312 1623 461">
    <p class='ocr_par' dir='ltr' id='par_1_2' title="bbox 192 312 1623 461">
     <span class='ocr_line' id='line_1_2' title="bbox 238 312 1623 372; baseline -0.002 -12"><span class='ocrx_word' id='word_1_5' title='bbox 238 314 416 360; x_wconf 86' lang='lat' dir='ltr'><strong>sceleris</strong></span> <span class='ocrx_word' id='word_1_6' title='bbox 469 313 669 359; x_wconf 89' lang='lat' dir='ltr'><strong>conscius</strong></span> <span class='ocrx_word' id='word_1_7' title='bbox 720 317 856 369; x_wconf 85' lang='lat' dir='ltr'><strong>esset,</strong></span> <span class='ocrx_word' id='word_1_8' title='bbox 907 312 988 357; x_wconf 84' lang='lat' dir='ltr'><strong>sed</strong></span> <span class='ocrx_word' id='word_1_9' title='bbox 1045 312 1109 356; x_wconf 90' lang='lat' dir='ltr'><strong>uti</strong></span> <span class='ocrx_word' id='word_1_10' title='bbox 1161 313 1418 372; x_wconf 81' lang='lat' dir='ltr'><strong>respublica</strong></span> <span class='ocrx_word' id='word_1_11' title='bbox 1472 312 1623 372; x_wconf 86' lang='lat' dir='ltr'><strong>quieta</strong></span> 
     </span>
     <span class='ocr_line' id='line_1_3' title="bbox 192 402 1623 461; baseline -0.001 -11"><span class='ocrx_word' id='word_1_12' title='bbox 192 419 218 458; x_wconf 78' lang='lat'><strong>3</strong></span> <span class='ocrx_word' id='word_1_13' title='bbox 238 407 380 461; x_wconf 84' lang='lat' dir='ltr'><strong>foret,</strong></span> <span class='ocrx_word' id='word_1_14' title='bbox 418 420 530 449; x_wconf 81' lang='lat' dir='ltr'><strong>neve</strong></span> <span class='ocrx_word' id='word_1_15' title='bbox 564 419 620 448; x_wconf 81' lang='lat' dir='ltr'><strong>ex</strong></span> <span class='ocrx_word' id='word_1_16' title='bbox 653 419 732 448; x_wconf 81' lang='lat' dir='ltr'><strong>sua</strong></span> <span class='ocrx_word' id='word_1_17' title='bbox 766 404 1049 450; x_wconf 82' lang='lat' dir='ltr'>contentione</span> <span class='ocrx_word' id='word_1_18' title='bbox 1083 402 1242 447; x_wconf 88' lang='lat' dir='ltr'><strong>seditio</strong></span> <span class='ocrx_word' id='word_1_19' title='bbox 1279 404 1480 449; x_wconf 86' lang='lat' dir='ltr'><strong>oriretur.</strong></span> <span class='ocrx_word' id='word_1_20' title='bbox 1547 405 1623 449; x_wconf 92' lang='lat' dir='ltr'><strong>Ab</strong></span> 
     </span>
    </p>
   </div>
   <div class='ocr_carea' id='block_1_3' title="bbox 211 493 1624 556">
    <p class='ocr_par' dir='ltr' id='par_1_3' title="bbox 211 493 1624 556">
     <span class='ocr_line' id='line_1_4' title="bbox 211 493 1624 556; baseline -0.003 -14"><span class='ocrx_word' id='word_1_21' title='bbox 211 496 307 542; x_wconf 76' lang='lat' dir='ltr'><strong>his</strong></span> <span class='ocrx_word' id='word_1_22' title='bbox 359 497 498 556; x_wconf 83' lang='lat' dir='ltr'><strong>longe</strong></span> <span class='ocrx_word' id='word_1_23' title='bbox 552 495 750 540; x_wconf 84' lang='lat' dir='ltr'><strong>divorsas</strong></span> <span class='ocrx_word' id='word_1_24' title='bbox 805 494 972 539; x_wconf 81' lang='lat' dir='ltr'><strong>litteras</strong></span> <span class='ocrx_word' id='word_1_25' title='bbox 1025 494 1084 550; x_wconf 80' lang='lat' dir='ltr'><strong>Q.</strong></span> <span class='ocrx_word' id='word_1_26' title='bbox 1128 493 1313 539; x_wconf 83' lang='lat' dir='ltr'>Catulus</span> <span class='ocrx_word' id='word_1_27' title='bbox 1363 495 1410 540; x_wconf 91' lang='lat' dir='ltr'><strong>in</strong></span> <span class='ocrx_word' id='word_1_28' title='bbox 1455 494 1624 540; x_wconf 80' lang='lat' dir='ltr'><strong>Senatu</strong></span> 
     </span>
    </p>
   </div>
   <div class='ocr_carea' id='block_1_4' title="bbox 214 637 1630 2754">
    <p class='ocr_par' dir='ltr' id='par_1_4' title="bbox 214 637 1630 2754">
     <span class='ocr_line' id='line_1_5' title="bbox 236 637 1626 685; baseline -0.002 -10"><span class='ocrx_word' id='word_1_29' title='bbox 236 641 289 685; x_wconf 86' lang='lat' dir='ltr'><strong>(v.</strong></span> <span class='ocrx_word' id='word_1_30' title='bbox 313 640 478 685; x_wconf 72' lang='lat' dir='ltr'><strong>Thucyd.</strong></span> <span class='ocrx_word' id='word_1_31' title='bbox 498 639 527 682; x_wconf 91' lang='lat'><strong>1,</strong></span> <span class='ocrx_word' id='word_1_32' title='bbox 545 637 643 684; x_wconf 64' lang='lat'><strong>13),</strong></span> <span class='ocrx_word' id='word_1_33' title='bbox 669 648 758 682; x_wconf 83' lang='lat' dir='ltr'><strong>quae</strong></span> <span class='ocrx_word' id='word_1_34' title='bbox 780 638 1019 680; x_wconf 78' lang='lat' dir='ltr'><strong>humanitate,</strong></span> <span class='ocrx_word' id='word_1_35' title='bbox 1050 637 1245 673; x_wconf 83' lang='lat' dir='ltr'><strong>litterarum</strong></span> <span class='ocrx_word' id='word_1_36' title='bbox 1275 638 1398 674; x_wconf 83' lang='lat' dir='ltr'><strong>studiis</strong></span> <span class='ocrx_word' id='word_1_37' title='bbox 1419 637 1626 684; x_wconf 83' lang='lat' dir='ltr'><strong>legibusque</strong></span> 
     </span>
     <span class='ocr_line' id='line_1_6' title="bbox 238 694 1622 740; baseline -0.003 -7"><span class='ocrx_word' id='word_1_38' title='bbox 238 701 335 733; x_wconf 86' lang='lat' dir='ltr'><strong>clara</strong></span> <span class='ocrx_word' id='word_1_39' title='bbox 355 698 444 738; x_wconf 82' lang='lat' dir='ltr'><strong>fuit,</strong></span> <span class='ocrx_word' id='word_1_40' title='bbox 472 697 518 730; x_wconf 77' lang='lat' dir='ltr'><strong>cf.</strong></span> <span class='ocrx_word' id='word_1_41' title='bbox 543 696 614 730; x_wconf 85' lang='lat' dir='ltr'><strong>Cic.</strong></span> <span class='ocrx_word' id='word_1_42' title='bbox 648 708 682 740; x_wconf 90' lang='lat' dir='ltr'><strong>p.</strong></span> <span class='ocrx_word' id='word_1_43' title='bbox 707 696 838 730; x_wconf 86' lang='lat' dir='ltr'><strong>Flacco</strong></span> <span class='ocrx_word' id='word_1_44' title='bbox 870 707 901 730; x_wconf 89' lang='lat' dir='ltr'><strong>c.</strong></span> <span class='ocrx_word' id='word_1_45' title='bbox 931 696 990 738; x_wconf 79' lang='lat'><strong>26,</strong></span> <span class='ocrx_word' id='word_1_46' title='bbox 1017 694 1075 730; x_wconf 83' lang='lat'><strong>63.</strong></span> <span class='ocrx_word' id='word_1_47' title='bbox 1098 696 1219 730; x_wconf 87' lang='lat' dir='ltr'><strong>lustin.</strong></span> <span class='ocrx_word' id='word_1_48' title='bbox 1246 696 1376 738; x_wconf 86' lang='lat' dir='ltr'>XLIII,</span> <span class='ocrx_word' id='word_1_49' title='bbox 1404 696 1439 738; x_wconf 76' lang='lat'><strong>4,</strong></span> <span class='ocrx_word' id='word_1_50' title='bbox 1471 696 1508 730; x_wconf 82' lang='lat'><strong>5.</strong></span> <span class='ocrx_word' id='word_1_51' title='bbox 1541 696 1622 730; x_wconf 88' lang='lat' dir='ltr'><strong>coll.</strong></span> 
     </span>
     <span class='ocr_line' id='line_1_7' title="bbox 237 753 1626 798; baseline -0.002 -8"><span class='ocrx_word' id='word_1_52' title='bbox 237 756 383 791; x_wconf 84' lang='lat' dir='ltr'><strong>Moebio</strong></span> <span class='ocrx_word' id='word_1_53' title='bbox 407 755 452 789; x_wconf 89' lang='lat' dir='ltr'><strong>ad</strong></span> <span class='ocrx_word' id='word_1_54' title='bbox 476 755 574 788; x_wconf 81' lang='lat' dir='ltr'><strong>Caes.</strong></span> <span class='ocrx_word' id='word_1_55' title='bbox 601 755 642 788; x_wconf 88' lang='lat' dir='ltr'><strong>B.</strong></span> <span class='ocrx_word' id='word_1_56' title='bbox 669 754 714 789; x_wconf 86' lang='lat' dir='ltr'><strong>G.</strong></span> <span class='ocrx_word' id='word_1_57' title='bbox 735 754 761 794; x_wconf 90' lang='lat'><strong>1,</strong></span> <span class='ocrx_word' id='word_1_58' title='bbox 779 754 812 787; x_wconf 91' lang='lat'><strong>1.</strong></span> <span class='ocrx_word' id='word_1_59' title='bbox 842 771 885 778; x_wconf 83' lang='lat'><strong>—</strong></span> <span class='ocrx_word' id='word_1_60' title='bbox 930 753 1011 788; x_wconf 71' lang='lat' dir='ltr'><strong>Non</strong></span> <span class='ocrx_word' id='word_1_61' title='bbox 1043 765 1108 797; x_wconf 81' lang='lat' dir='ltr'><strong>quo</strong></span> <span class='ocrx_word' id='word_1_62' title='bbox 1140 754 1217 787; x_wconf 71' lang='lat' dir='ltr'><strong>sibi.</strong></span> <span class='ocrx_word' id='word_1_63' title='bbox 1264 754 1324 787; x_wconf 90' lang='lat' dir='ltr'><strong>Sic</strong></span> <span class='ocrx_word' id='word_1_64' title='bbox 1355 754 1512 798; x_wconf 79' lang='lat' dir='ltr'><strong>plerique</strong></span> <span class='ocrx_word' id='word_1_65' title='bbox 1542 753 1626 788; x_wconf 89' lang='lat' dir='ltr'><strong>libri</strong></span> 
     </span>
     <span class='ocr_line' id='line_1_8' title="bbox 238 811 1627 856; baseline -0.004 -7"><span class='ocrx_word' id='word_1_66' title='bbox 238 826 341 855; x_wconf 86' lang='lat' dir='ltr'><strong>mss.;</strong></span> <span class='ocrx_word' id='word_1_67' title='bbox 373 813 434 847; x_wconf 87' lang='lat' dir='ltr'><strong>sed</strong></span> <span class='ocrx_word' id='word_1_68' title='bbox 466 815 629 856; x_wconf 80' lang='lat' dir='ltr'><strong>quattuor</strong></span> <span class='ocrx_word' id='word_1_69' title='bbox 660 811 760 844; x_wconf 82' lang='lat' dir='ltr'><strong>codd.</strong></span> <span class='ocrx_word' id='word_1_70' title='bbox 793 822 861 843; x_wconf 83' lang='lat' dir='ltr'><strong>non</strong></span> <span class='ocrx_word' id='word_1_71' title='bbox 900 811 990 855; x_wconf 79' lang='lat' dir='ltr'><strong>quod</strong></span> <span class='ocrx_word' id='word_1_72' title='bbox 1020 811 1106 852; x_wconf 71' lang='lat' dir='ltr'><strong>sibi,</strong></span> <span class='ocrx_word' id='word_1_73' title='bbox 1138 813 1304 844; x_wconf 86' lang='lat' dir='ltr'><strong>consueta</strong></span> <span class='ocrx_word' id='word_1_74' title='bbox 1335 811 1466 845; x_wconf 85' lang='lat' dir='ltr'><strong>harum</strong></span> <span class='ocrx_word' id='word_1_75' title='bbox 1498 822 1627 845; x_wconf 85' lang='lat' dir='ltr'><strong>vocum</strong></span> 
     </span>
     <span class='ocr_line' id='line_1_9' title="bbox 237 867 1627 917; baseline -0.004 -10"><span class='ocrx_word' id='word_1_76' title='bbox 237 871 505 917; x_wconf 84' lang='lat' dir='ltr'><strong>permutatione.</strong></span> <span class='ocrx_word' id='word_1_77' title='bbox 553 867 724 902; x_wconf 87' lang='lat' dir='ltr'><strong>Dicticnis</strong></span> <span class='ocrx_word' id='word_1_78' title='bbox 754 867 927 911; x_wconf 87' lang='lat' dir='ltr'><strong>originem</strong></span> <span class='ocrx_word' id='word_1_79' title='bbox 951 878 993 901; x_wconf 87' lang='lat' dir='ltr'><strong>ac</strong></span> <span class='ocrx_word' id='word_1_80' title='bbox 1015 868 1088 901; x_wconf 70' lang='lat' dir='ltr'><strong>vim</strong></span> <span class='ocrx_word' id='word_1_81' title='bbox 1121 879 1243 901; x_wconf 89' lang='lat' dir='ltr'><strong>eruere</strong></span> <span class='ocrx_word' id='word_1_82' title='bbox 1275 868 1391 902; x_wconf 86' lang='lat' dir='ltr'><strong>conati</strong></span> <span class='ocrx_word' id='word_1_83' title='bbox 1424 872 1504 903; x_wconf 84' lang='lat' dir='ltr'><strong>sunt</strong></span> <span class='ocrx_word' id='word_1_84' title='bbox 1526 867 1627 902; x_wconf 80' lang='lat' dir='ltr'><strong>Peri-</strong></span> 
     </span>
     <span class='ocr_line' id='line_1_10' title="bbox 239 924 1627 970; baseline -0.004 -7"><span class='ocrx_word' id='word_1_85' title='bbox 239 942 315 963; x_wconf 85' lang='lat' dir='ltr'><strong>zon.</strong></span> <span class='ocrx_word' id='word_1_86' title='bbox 339 930 384 963; x_wconf 87' lang='lat' dir='ltr'><strong>ad</strong></span> <span class='ocrx_word' id='word_1_87' title='bbox 409 928 525 961; x_wconf 87' lang='lat' dir='ltr'><strong>Sanct.</strong></span> <span class='ocrx_word' id='word_1_88' title='bbox 550 925 636 959; x_wconf 72' lang='lat' dir='ltr'><strong>Min.</strong></span> <span class='ocrx_word' id='word_1_89' title='bbox 658 925 717 966; x_wconf 76' lang='lat' dir='ltr'><strong>IV,</strong></span> <span class='ocrx_word' id='word_1_90' title='bbox 744 924 802 959; x_wconf 82' lang='lat'><strong>12.</strong></span> <span class='ocrx_word' id='word_1_91' title='bbox 837 936 871 968; x_wconf 87' lang='lat' dir='ltr'><strong>p.</strong></span> <span class='ocrx_word' id='word_1_92' title='bbox 900 924 970 959; x_wconf 79' lang='lat'><strong>387</strong></span> <span class='ocrx_word' id='word_1_93' title='bbox 992 937 1042 968; x_wconf 83' lang='lat' dir='ltr'><strong>sq.</strong></span> <span class='ocrx_word' id='word_1_94' title='bbox 1077 929 1112 959; x_wconf 86' lang='lat' dir='ltr'><strong>et</strong></span> <span class='ocrx_word' id='word_1_95' title='bbox 1136 926 1230 959; x_wconf 89' lang='lat' dir='ltr'><strong>Cort.</strong></span> <span class='ocrx_word' id='word_1_96' title='bbox 1265 926 1310 960; x_wconf 86' lang='lat' dir='ltr'><strong>ad</strong></span> <span class='ocrx_word' id='word_1_97' title='bbox 1336 926 1373 958; x_wconf 89' lang='lat' dir='ltr'><strong>h.</strong></span> <span class='ocrx_word' id='word_1_98' title='bbox 1397 926 1443 967; x_wconf 89' lang='lat'><strong>1.‚</strong></span> <span class='ocrx_word' id='word_1_99' title='bbox 1476 935 1627 970; x_wconf 85' lang='lat' dir='ltr'><strong>quorum</strong></span> 
     </span>
     <span class='ocr_line' id='line_1_11' title="bbox 238 981 1627 1027; baseline -0.005 -6"><span class='ocrx_word' id='word_1_100' title='bbox 238 987 302 1021; x_wconf 86' lang='lat' dir='ltr'><strong>ille</strong></span> <span class='ocrx_word' id='word_1_101' title='bbox 324 998 400 1020; x_wconf 86' lang='lat' dir='ltr'><strong>rem</strong></span> <span class='ocrx_word' id='word_1_102' title='bbox 424 984 507 1018; x_wconf 84' lang='lat' dir='ltr'><strong>satis</strong></span> <span class='ocrx_word' id='word_1_103' title='bbox 531 984 741 1027; x_wconf 82' lang='lat' dir='ltr'><strong>explicatam</strong></span> <span class='ocrx_word' id='word_1_104' title='bbox 765 981 922 1025; x_wconf 74' lang='lat' dir='ltr'><strong>putavit,</strong></span> <span class='ocrx_word' id='word_1_105' title='bbox 957 982 987 1016; x_wconf 83' lang='lat' dir='ltr'><strong>si</strong></span> <span class='ocrx_word' id='word_1_106' title='bbox 1010 986 1167 1016; x_wconf 85' lang='lat' dir='ltr'><strong>teneatur</strong></span> <span class='ocrx_word' id='word_1_107' title='bbox 1203 994 1242 1016; x_wconf 87' lang='lat' dir='ltr'><strong>eo</strong></span> <span class='ocrx_word' id='word_1_108' title='bbox 1277 983 1510 1027; x_wconf 86' lang='lat' dir='ltr'><strong>supplendum</strong></span> <span class='ocrx_word' id='word_1_109' title='bbox 1539 993 1627 1022; x_wconf 85' lang='lat' dir='ltr'><strong>esse,</strong></span> 
     </span>
     <span class='ocr_line' id='line_1_12' title="bbox 238 1039 1627 1087; baseline -0.004 -9"><span class='ocrx_word' id='word_1_110' title='bbox 238 1045 319 1087; x_wconf 90' lang='lat' dir='ltr'><strong>hic,</strong></span> <span class='ocrx_word' id='word_1_111' title='bbox 350 1044 419 1077; x_wconf 88' lang='lat' dir='ltr'><strong>ista</strong></span> <span class='ocrx_word' id='word_1_112' title='bbox 442 1041 555 1085; x_wconf 80' lang='lat' dir='ltr'><strong>ellipsi</strong></span> <span class='ocrx_word' id='word_1_113' title='bbox 578 1052 646 1074; x_wconf 89' lang='lat' dir='ltr'><strong>non</strong></span> <span class='ocrx_word' id='word_1_114' title='bbox 669 1039 844 1079; x_wconf 81' lang='lat' dir='ltr'><strong>admissa,</strong></span> <span class='ocrx_word' id='word_1_115' title='bbox 877 1050 942 1082; x_wconf 80' lang='lat' dir='ltr'><strong>quo</strong></span> <span class='ocrx_word' id='word_1_116' title='bbox 974 1040 1097 1074; x_wconf 79' lang='lat' dir='ltr'><strong>statuit</strong></span> <span class='ocrx_word' id='word_1_117' title='bbox 1127 1051 1190 1083; x_wconf 86' lang='lat' dir='ltr'><strong>per</strong></span> <span class='ocrx_word' id='word_1_118' title='bbox 1220 1051 1257 1073; x_wconf 86' lang='lat' dir='ltr'><strong>se</strong></span> <span class='ocrx_word' id='word_1_119' title='bbox 1290 1046 1325 1073; x_wconf 87' lang='lat' dir='ltr'><strong>et</strong></span> <span class='ocrx_word' id='word_1_120' title='bbox 1348 1039 1385 1073; x_wconf 80' lang='lat' dir='ltr'><strong>vi</strong></span> <span class='ocrx_word' id='word_1_121' title='bbox 1418 1039 1505 1073; x_wconf 87' lang='lat' dir='ltr'><strong>sexti</strong></span> <span class='ocrx_word' id='word_1_122' title='bbox 1527 1049 1627 1072; x_wconf 81' lang='lat' dir='ltr'><strong>casus</strong></span> 
     </span>
     <span class='ocr_line' id='line_1_13' title="bbox 239 1095 1627 1146; baseline -0.006 -10"><span class='ocrx_word' id='word_1_123' title='bbox 239 1102 438 1146; x_wconf 84' lang='lat' dir='ltr'><strong>significare</strong></span> <span class='ocrx_word' id='word_1_124' title='bbox 459 1104 600 1143; x_wconf 82' lang='lat' dir='ltr'><strong>propter</strong></span> <span class='ocrx_word' id='word_1_125' title='bbox 623 1098 733 1142; x_wconf 79' lang='lat' dir='ltr'><strong>quod,</strong></span> <span class='ocrx_word' id='word_1_126' title='bbox 769 1095 792 1129; x_wconf 90' lang='lat' dir='ltr'><strong>i.</strong></span> <span class='ocrx_word' id='word_1_127' title='bbox 817 1106 848 1129; x_wconf 93' lang='lat' dir='ltr'><strong>e.</strong></span> <span class='ocrx_word' id='word_1_128' title='bbox 873 1096 966 1140; x_wconf 81' lang='lat' dir='ltr'><strong>quia.</strong></span> <span class='ocrx_word' id='word_1_129' title='bbox 1014 1097 1150 1140; x_wconf 83' lang='lat' dir='ltr'><strong>Quibus</strong></span> <span class='ocrx_word' id='word_1_130' title='bbox 1187 1098 1278 1131; x_wconf 89' lang='lat' dir='ltr'><strong>haec</strong></span> <span class='ocrx_word' id='word_1_131' title='bbox 1313 1097 1390 1131; x_wconf 90' lang='lat' dir='ltr'><strong>iurc</strong></span> <span class='ocrx_word' id='word_1_132' title='bbox 1424 1095 1627 1130; x_wconf 71' lang='lat' dir='ltr'><strong>obscuriora</strong></span> 
     </span>
     <span class='ocr_line' id='line_1_14' title="bbox 236 1152 1624 1204; baseline -0.006 -11"><span class='ocrx_word' id='word_1_133' title='bbox 236 1170 434 1204; x_wconf 81' lang='lat' dir='ltr'><strong>parumque</strong></span> <span class='ocrx_word' id='word_1_134' title='bbox 456 1161 618 1190; x_wconf 87' lang='lat' dir='ltr'><strong>accurate</strong></span> <span class='ocrx_word' id='word_1_135' title='bbox 647 1155 825 1198; x_wconf 81' lang='lat' dir='ltr'><strong>disputata</strong></span> <span class='ocrx_word' id='word_1_136' title='bbox 846 1152 1076 1198; x_wconf 73' lang='lat' dir='ltr'><strong>videbuntur,</strong></span> <span class='ocrx_word' id='word_1_137' title='bbox 1101 1166 1160 1188; x_wconf 89' lang='lat' dir='ltr'><strong>eos</strong></span> <span class='ocrx_word' id='word_1_138' title='bbox 1191 1155 1340 1190; x_wconf 89' lang='lat' dir='ltr'><strong>meliora</strong></span> <span class='ocrx_word' id='word_1_139' title='bbox 1374 1153 1510 1187; x_wconf 84' lang='lat' dir='ltr'><strong>docebit</strong></span> <span class='ocrx_word' id='word_1_140' title='bbox 1531 1153 1624 1196; x_wconf 82' lang='lat' dir='ltr'><strong>Aug.</strong></span> 
     </span>
     <span class='ocr_line' id='line_1_15' title="bbox 238 1209 1630 1256; baseline -0.007 -4"><span class='ocrx_word' id='word_1_141' title='bbox 238 1217 410 1252; x_wconf 80' lang='lat' dir='ltr'><strong>Matthias</strong></span> <span class='ocrx_word' id='word_1_142' title='bbox 433 1216 477 1249; x_wconf 89' lang='lat' dir='ltr'><strong>ad</strong></span> <span class='ocrx_word' id='word_1_143' title='bbox 501 1215 574 1247; x_wconf 87' lang='lat' dir='ltr'><strong>Cic.</strong></span> <span class='ocrx_word' id='word_1_144' title='bbox 608 1220 697 1246; x_wconf 79' lang='lat' dir='ltr'><strong>orat.</strong></span> <span class='ocrx_word' id='word_1_145' title='bbox 731 1224 762 1255; x_wconf 87' lang='lat' dir='ltr'><strong>p.</strong></span> <span class='ocrx_word' id='word_1_146' title='bbox 788 1211 892 1243; x_wconf 81' lang='lat' dir='ltr'><strong>Rose.</strong></span> <span class='ocrx_word' id='word_1_147' title='bbox 927 1210 1004 1244; x_wconf 85' lang='lat' dir='ltr'><strong>Am.</strong></span> <span class='ocrx_word' id='word_1_148' title='bbox 1030 1223 1059 1244; x_wconf 96' lang='lat' dir='ltr'><strong>c.</strong></span> <span class='ocrx_word' id='word_1_149' title='bbox 1080 1212 1138 1253; x_wconf 80' lang='lat'><strong>48,</strong></span> <span class='ocrx_word' id='word_1_150' title='bbox 1158 1212 1237 1246; x_wconf 65' lang='lat'><strong>111.</strong></span> <span class='ocrx_word' id='word_1_151' title='bbox 1271 1212 1331 1256; x_wconf 87' lang='lat' dir='ltr'><strong>qui</strong></span> <span class='ocrx_word' id='word_1_152' title='bbox 1361 1215 1454 1245; x_wconf 84' lang='lat' dir='ltr'><strong>recte</strong></span> <span class='ocrx_word' id='word_1_153' title='bbox 1486 1209 1630 1254; x_wconf 66' lang='lat' dir='ltr'><strong>praeci«</strong></span> 
     </span>
     <span class='ocr_line' id='line_1_16' title="bbox 237 1268 1627 1320; baseline -0.006 -11"><span class='ocrx_word' id='word_1_154' title='bbox 237 1275 309 1320; x_wconf 82' lang='lat' dir='ltr'><strong>pit,</strong></span> <span class='ocrx_word' id='word_1_155' title='bbox 333 1286 401 1307; x_wconf 80' lang='lat' dir='ltr'><strong>non</strong></span> <span class='ocrx_word' id='word_1_156' title='bbox 423 1285 488 1317; x_wconf 85' lang='lat' dir='ltr'><strong>quo</strong></span> <span class='ocrx_word' id='word_1_157' title='bbox 520 1270 694 1315; x_wconf 83' lang='lat' dir='ltr'><strong>originem</strong></span> <span class='ocrx_word' id='word_1_158' title='bbox 717 1268 856 1302; x_wconf 83' lang='lat' dir='ltr'><strong>duxisse</strong></span> <span class='ocrx_word' id='word_1_159' title='bbox 879 1269 923 1301; x_wconf 90' lang='lat' dir='ltr'><strong>ab</strong></span> <span class='ocrx_word' id='word_1_160' title='bbox 949 1268 990 1301; x_wconf 83' lang='lat' dir='ltr'><strong>iis</strong></span> <span class='ocrx_word' id='word_1_161' title='bbox 1014 1269 1331 1312; x_wconf 72' lang='lat' dir='ltr'><strong>cnunciafionibus,</strong></span> <span class='ocrx_word' id='word_1_162' title='bbox 1353 1269 1388 1302; x_wconf 91' lang='lat' dir='ltr'><strong>in</strong></span> <span class='ocrx_word' id='word_1_163' title='bbox 1411 1268 1536 1312; x_wconf 88' lang='lat' dir='ltr'><strong>quibus</strong></span> <span class='ocrx_word' id='word_1_164' title='bbox 1558 1279 1627 1300; x_wconf 79' lang='lat' dir='ltr'><strong>non</strong></span> 
     </span>
     <span class='ocr_line' id='line_1_17' title="bbox 239 1326 1626 1375; baseline -0.006 -9"><span class='ocrx_word' id='word_1_165' title='bbox 239 1344 278 1366; x_wconf 84' lang='lat' dir='ltr'><strong>eo</strong></span> <span class='ocrx_word' id='word_1_166' title='bbox 295 1350 342 1357; x_wconf 82' lang='lat'><strong>——</strong></span> <span class='ocrx_word' id='word_1_167' title='bbox 357 1330 447 1375; x_wconf 78' lang='lat' dir='ltr'><strong>quod</strong></span> <span class='ocrx_word' id='word_1_168' title='bbox 472 1328 587 1362; x_wconf 78' lang='lat' dir='ltr'><strong>fuerit.</strong></span> <span class='ocrx_word' id='word_1_169' title='bbox 636 1327 792 1367; x_wconf 84' lang='lat' dir='ltr'><strong>Deinde,</strong></span> <span class='ocrx_word' id='word_1_170' title='bbox 815 1337 923 1368; x_wconf 83' lang='lat' dir='ltr'><strong>quum</strong></span> <span class='ocrx_word' id='word_1_171' title='bbox 958 1327 1048 1369; x_wconf 82' lang='lat' dir='ltr'><strong>quod</strong></span> <span class='ocrx_word' id='word_1_172' title='bbox 1071 1338 1134 1370; x_wconf 85' lang='lat' dir='ltr'><strong>pro</strong></span> <span class='ocrx_word' id='word_1_173' title='bbox 1159 1327 1307 1361; x_wconf 82' lang='lat' dir='ltr'><strong>relativo</strong></span> <span class='ocrx_word' id='word_1_174' title='bbox 1338 1326 1502 1360; x_wconf 84' lang='lat' dir='ltr'><strong>habitum</strong></span> <span class='ocrx_word' id='word_1_175' title='bbox 1526 1328 1626 1363; x_wconf 70' lang='lat' dir='ltr'><strong>esset.</strong></span> 
     </span>
     <span class='ocr_line' id='line_1_18' title="bbox 239 1382 1627 1428; baseline -0.006 -5"><span class='ocrx_word' id='word_1_176' title='bbox 239 1390 285 1424; x_wconf 84' lang='lat' dir='ltr'><strong>ad</strong></span> <span class='ocrx_word' id='word_1_177' title='bbox 299 1390 517 1422; x_wconf 78' lang='lat' dir='ltr'><strong>Graecorum</strong></span> <span class='ocrx_word' id='word_1_178' title='bbox 537 1396 672 1418; x_wconf 87' lang='lat' dir='ltr'><strong>morem</strong></span> <span class='ocrx_word' id='word_1_179' title='bbox 693 1395 753 1428; x_wconf 84' lang='lat' dir='ltr'><strong>per</strong></span> <span class='ocrx_word' id='word_1_180' title='bbox 776 1382 1019 1416; x_wconf 77' lang='lat' dir='ltr'><strong>attractionem</strong></span> <span class='ocrx_word' id='word_1_181' title='bbox 1046 1385 1264 1427; x_wconf 79' lang='lat' dir='ltr'><strong>praecedenti</strong></span> <span class='ocrx_word' id='word_1_182' title='bbox 1289 1396 1328 1418; x_wconf 83' lang='lat' dir='ltr'><strong>eo</strong></span> <span class='ocrx_word' id='word_1_183' title='bbox 1351 1388 1403 1418; x_wconf 86' lang='lat' dir='ltr'><strong>est</strong></span> <span class='ocrx_word' id='word_1_184' title='bbox 1425 1393 1627 1417; x_wconf 84' lang='lat' dir='ltr'><strong>accommo—</strong></span> 
     </span>
     <span class='ocr_line' id='line_1_19' title="bbox 214 1439 1628 1487; baseline -0.006 -6"><span class='ocrx_word' id='word_1_185' title='bbox 214 1479 215 1482; x_wconf 76' lang='grc'>,</span> <span class='ocrx_word' id='word_1_186' title='bbox 237 1447 370 1487; x_wconf 87' lang='lat' dir='ltr'><strong>datum,</strong></span> <span class='ocrx_word' id='word_1_187' title='bbox 390 1445 487 1487; x_wconf 89' lang='lat' dir='ltr'><strong>isque</strong></span> <span class='ocrx_word' id='word_1_188' title='bbox 502 1454 603 1477; x_wconf 89' lang='lat' dir='ltr'><strong>casus</strong></span> <span class='ocrx_word' id='word_1_189' title='bbox 620 1445 740 1485; x_wconf 86' lang='lat' dir='ltr'><strong>postea</strong></span> <span class='ocrx_word' id='word_1_190' title='bbox 759 1440 808 1473; x_wconf 92' lang='lat' dir='ltr'><strong>ibi</strong></span> <span class='ocrx_word' id='word_1_191' title='bbox 826 1452 962 1484; x_wconf 87' lang='lat' dir='ltr'><strong>quoque</strong></span> <span class='ocrx_word' id='word_1_192' title='bbox 983 1441 1144 1482; x_wconf 83' lang='lat' dir='ltr'><strong>obtinuit,</strong></span> <span class='ocrx_word' id='word_1_193' title='bbox 1163 1442 1224 1475; x_wconf 90' lang='lat' dir='ltr'><strong>ubi</strong></span> <span class='ocrx_word' id='word_1_194' title='bbox 1250 1453 1287 1475; x_wconf 85' lang='lat' dir='ltr'><strong>eo</strong></span> <span class='ocrx_word' id='word_1_195' title='bbox 1311 1453 1421 1485; x_wconf 88' lang='lat' dir='ltr'><strong>neque</strong></span> <span class='ocrx_word' id='word_1_196' title='bbox 1439 1439 1628 1484; x_wconf 76' lang='lat' dir='ltr'><strong>praecessit</strong></span> 
     </span>
     <span class='ocr_line' id='line_1_20' title="bbox 237 1496 1628 1547; baseline -0.006 -9"><span class='ocrx_word' id='word_1_197' title='bbox 237 1514 349 1547; x_wconf 88' lang='lat' dir='ltr'><strong>neque</strong></span> <span class='ocrx_word' id='word_1_198' title='bbox 376 1501 591 1546; x_wconf 84' lang='lat' dir='ltr'><strong>cogitatione</strong></span> <span class='ocrx_word' id='word_1_199' title='bbox 617 1498 848 1542; x_wconf 85' lang='lat' dir='ltr'><strong>supplendum</strong></span> <span class='ocrx_word' id='word_1_200' title='bbox 876 1498 952 1532; x_wconf 84' lang='lat' dir='ltr'><strong>fuit.</strong></span> <span class='ocrx_word' id='word_1_201' title='bbox 1012 1499 1095 1531; x_wconf 84' lang='lat' dir='ltr'><strong>Inde</strong></span> <span class='ocrx_word' id='word_1_202' title='bbox 1118 1498 1340 1542; x_wconf 84' lang='lat' dir='ltr'><strong>consequitur</strong></span> <span class='ocrx_word' id='word_1_203' title='bbox 1367 1504 1403 1532; x_wconf 88' lang='lat' dir='ltr'><strong>et</strong></span> <span class='ocrx_word' id='word_1_204' title='bbox 1425 1496 1628 1541; x_wconf 81' lang='lat' dir='ltr'><strong>Zumptium</strong></span> 
     </span>
     <span class='ocr_line' id='line_1_21' title="bbox 237 1555 1628 1602; baseline -0.006 -6"><span class='ocrx_word' id='word_1_205' title='bbox 237 1571 386 1601; x_wconf 85' lang='lat' dir='ltr'><strong>errasse,</strong></span> <span class='ocrx_word' id='word_1_206' title='bbox 411 1558 472 1602; x_wconf 85' lang='lat' dir='ltr'><strong>qui</strong></span> <span class='ocrx_word' id='word_1_207' title='bbox 497 1559 657 1591; x_wconf 69' lang='lat' dir='ltr'><strong>Gratum.</strong></span> <span class='ocrx_word' id='word_1_208' title='bbox 682 1557 758 1589; x_wconf 80' lang='lat' dir='ltr'><strong>Lat.</strong></span> <span class='ocrx_word' id='word_1_209' title='bbox 785 1557 816 1597; x_wconf 66' lang='grc' dir='ltr'><strong>ἓ.</strong></span> <span class='ocrx_word' id='word_1_210' title='bbox 836 1555 893 1595; x_wconf 74' lang='grc'><strong>78,</strong></span> <span class='ocrx_word' id='word_1_211' title='bbox 911 1555 944 1588; x_wconf 76' lang='grc' dir='ltr'><strong>(ἱ.</strong></span> <span class='ocrx_word' id='word_1_212' title='bbox 965 1566 994 1588; x_wconf 84' lang='lat' dir='ltr'><strong>c.</strong></span> <span class='ocrx_word' id='word_1_213' title='bbox 1020 1567 1054 1598; x_wconf 86' lang='lat' dir='ltr'><strong>p.</strong></span> <span class='ocrx_word' id='word_1_214' title='bbox 1072 1555 1152 1590; x_wconf 77' lang='lat'><strong>399.</strong></span> <span class='ocrx_word' id='word_1_215' title='bbox 1178 1556 1298 1597; x_wconf 85' lang='lat' dir='ltr'><strong>docet,</strong></span> <span class='ocrx_word' id='word_1_216' title='bbox 1322 1555 1358 1589; x_wconf 87' lang='lat' dir='ltr'><strong>iu</strong></span> <span class='ocrx_word' id='word_1_217' title='bbox 1382 1555 1537 1589; x_wconf 75' lang='lat' dir='ltr'><strong>formula</strong></span> <span class='ocrx_word' id='word_1_218' title='bbox 1559 1566 1628 1587; x_wconf 78' lang='lat' dir='ltr'><strong>non</strong></span> 
     </span>
     <span class='ocr_line' id='line_1_22' title="bbox 237 1610 1628 1664; baseline -0.006 -12"><span class='ocrx_word' id='word_1_219' title='bbox 237 1630 302 1664; x_wconf 76' lang='lat' dir='ltr'><strong>quo</strong></span> <span class='ocrx_word' id='word_1_220' title='bbox 336 1615 477 1650; x_wconf 71' lang='lat' dir='ltr'><strong>relativi</strong></span> <span class='ocrx_word' id='word_1_221' title='bbox 519 1614 714 1648; x_wconf 78' lang='lat' dir='ltr'><strong>ablativum</strong></span> <span class='ocrx_word' id='word_1_222' title='bbox 749 1612 949 1657; x_wconf 79' lang='lat' dir='ltr'><strong>siguificare</strong></span> <span class='ocrx_word' id='word_1_223' title='bbox 992 1618 1030 1647; x_wconf 83' lang='lat' dir='ltr'><strong>ut</strong></span> <span class='ocrx_word' id='word_1_224' title='bbox 1062 1625 1125 1655; x_wconf 85' lang='lat' dir='ltr'><strong>eo,</strong></span> <span class='ocrx_word' id='word_1_225' title='bbox 1164 1618 1197 1647; x_wconf 90' lang='lat' dir='ltr'><strong>et</strong></span> <span class='ocrx_word' id='word_1_226' title='bbox 1224 1612 1525 1653; x_wconf 78' lang='lat' dir='ltr'><strong>Ramshornium,</strong></span> <span class='ocrx_word' id='word_1_227' title='bbox 1565 1610 1628 1655; x_wconf 87' lang='lat' dir='ltr'><strong>qui</strong></span> 
     </span>
     <span class='ocr_line' id='line_1_23' title="bbox 238 1669 1630 1715; baseline -0.005 -6"><span class='ocrx_word' id='word_1_228' title='bbox 238 1677 400 1709; x_wconf 87' lang='lat' dir='ltr'><strong>Gramm.</strong></span> <span class='ocrx_word' id='word_1_229' title='bbox 423 1674 500 1707; x_wconf 87' lang='lat' dir='ltr'><strong>Lat.</strong></span> <span class='ocrx_word' id='word_1_230' title='bbox 524 1675 555 1715; x_wconf 65' lang='grc' dir='ltr'><strong>ἓ.</strong></span> <span class='ocrx_word' id='word_1_231' title='bbox 578 1672 657 1714; x_wconf 82' lang='grc'><strong>186,</strong></span> <span class='ocrx_word' id='word_1_232' title='bbox 675 1671 713 1704; x_wconf 76' lang='lat' dir='ltr'><strong>V.</strong></span> <span class='ocrx_word' id='word_1_233' title='bbox 749 1682 782 1714; x_wconf 87' lang='lat' dir='ltr'><strong>p.</strong></span> <span class='ocrx_word' id='word_1_234' title='bbox 810 1670 890 1704; x_wconf 70' lang='lat'><strong>560.</strong></span> <span class='ocrx_word' id='word_1_235' title='bbox 926 1682 1045 1704; x_wconf 85' lang='lat' dir='ltr'><strong>sensus</strong></span> <span class='ocrx_word' id='word_1_236' title='bbox 1079 1671 1265 1706; x_wconf 83' lang='lat' dir='ltr'><strong>discrimen</strong></span> <span class='ocrx_word' id='word_1_237' title='bbox 1297 1670 1418 1706; x_wconf 86' lang='lat' dir='ltr'><strong>statuit</strong></span> <span class='ocrx_word' id='word_1_238' title='bbox 1440 1669 1545 1706; x_wconf 55' lang='lat' dir='ltr'><strong>inter„</strong></span> <span class='ocrx_word' id='word_1_239' title='bbox 1561 1680 1630 1702; x_wconf 81' lang='lat' dir='ltr'><strong>non</strong></span> 
     </span>
     <span class='ocr_line' id='line_1_24' title="bbox 230 1726 1628 1778; baseline -0.005 -12"><span class='ocrx_word' id='word_1_240' title='bbox 230 1731 303 1778; x_wconf 64' lang='lat' dir='ltr'><strong>&gt;quo</strong></span> <span class='ocrx_word' id='word_1_241' title='bbox 346 1736 380 1765; x_wconf 87' lang='lat' dir='ltr'><strong>et</strong></span> <span class='ocrx_word' id='word_1_242' title='bbox 412 1743 480 1764; x_wconf 83' lang='lat' dir='ltr'><strong>non</strong></span> <span class='ocrx_word' id='word_1_243' title='bbox 518 1730 608 1775; x_wconf 79' lang='lat' dir='ltr'><strong>quod</strong></span> <span class='ocrx_word' id='word_1_244' title='bbox 644 1740 725 1762; x_wconf 86' lang='lat' dir='ltr'><strong>cum</strong></span> <span class='ocrx_word' id='word_1_245' title='bbox 756 1727 978 1761; x_wconf 78' lang='lat' dir='ltr'><strong>coniunctim</strong></span> <span class='ocrx_word' id='word_1_246' title='bbox 1018 1728 1258 1770; x_wconf 82' lang='lat' dir='ltr'><strong>coniunctum3</strong></span> <span class='ocrx_word' id='word_1_247' title='bbox 1294 1739 1400 1772; x_wconf 73' lang='lat' dir='ltr'><strong>quain</strong></span> <span class='ocrx_word' id='word_1_248' title='bbox 1430 1727 1492 1760; x_wconf 87' lang='lat' dir='ltr'><strong>hic</strong></span> <span class='ocrx_word' id='word_1_249' title='bbox 1533 1726 1628 1760; x_wconf 88' lang='lat' dir='ltr'><strong>enim</strong></span> 
     </span>
     <span class='ocr_line' id='line_1_25' title="bbox 237 1785 1630 1829; baseline -0.004 -5"><span class='ocrx_word' id='word_1_250' title='bbox 237 1791 322 1827; x_wconf 72' lang='lat' dir='ltr'><strong>vult,</strong></span> <span class='ocrx_word' id='word_1_251' title='bbox 339 1786 584 1829; x_wconf 79' lang='lat' dir='ltr'><strong>differentiam,</strong></span> <span class='ocrx_word' id='word_1_252' title='bbox 609 1798 651 1820; x_wconf 89' lang='lat' dir='ltr'><strong>ea</strong></span> <span class='ocrx_word' id='word_1_253' title='bbox 677 1785 867 1819; x_wconf 77' lang='lat' dir='ltr'><strong>indicativo</strong></span> <span class='ocrx_word' id='word_1_254' title='bbox 891 1785 1023 1826; x_wconf 85' lang='lat' dir='ltr'><strong>nititur,</strong></span> <span class='ocrx_word' id='word_1_255' title='bbox 1047 1797 1115 1829; x_wconf 91' lang='lat' dir='ltr'><strong>quo</strong></span> <span class='ocrx_word' id='word_1_256' title='bbox 1139 1797 1224 1820; x_wconf 80' lang='lat' dir='ltr'><strong>vera</strong></span> <span class='ocrx_word' id='word_1_257' title='bbox 1248 1787 1395 1820; x_wconf 71' lang='lat' dir='ltr'><strong>affertur</strong></span> <span class='ocrx_word' id='word_1_258' title='bbox 1418 1795 1566 1826; x_wconf 86' lang='lat' dir='ltr'><strong>caussa,</strong></span> <span class='ocrx_word' id='word_1_259' title='bbox 1590 1789 1630 1818; x_wconf 83' lang='lat' dir='ltr'><strong>ut</strong></span> 
     </span>
     <span class='ocr_line' id='line_1_26' title="bbox 238 1842 1628 1888; baseline -0.004 -7"><span class='ocrx_word' id='word_1_260' title='bbox 238 1847 410 1882; x_wconf 83' lang='lat' dir='ltr'><strong>Matthias</strong></span> <span class='ocrx_word' id='word_1_261' title='bbox 446 1845 519 1879; x_wconf 88' lang='lat'><strong>1.1.</strong></span> <span class='ocrx_word' id='word_1_262' title='bbox 553 1843 698 1876; x_wconf 86' lang='lat' dir='ltr'><strong>monuit.</strong></span> <span class='ocrx_word' id='word_1_263' title='bbox 766 1843 878 1876; x_wconf 84' lang='lat' dir='ltr'><strong>Recte</strong></span> <span class='ocrx_word' id='word_1_264' title='bbox 920 1842 1031 1887; x_wconf 85' lang='lat' dir='ltr'><strong>igitur</strong></span> <span class='ocrx_word' id='word_1_265' title='bbox 1070 1842 1218 1877; x_wconf 73' lang='lat' dir='ltr'><strong>Beier-us</strong></span> <span class='ocrx_word' id='word_1_266' title='bbox 1249 1844 1343 1888; x_wconf 87' lang='lat' dir='ltr'><strong>apud</strong></span> <span class='ocrx_word' id='word_1_267' title='bbox 1373 1842 1446 1877; x_wconf 86' lang='lat' dir='ltr'><strong>Cic.</strong></span> <span class='ocrx_word' id='word_1_268' title='bbox 1480 1842 1523 1876; x_wconf 89' lang='lat' dir='ltr'><strong>de</strong></span> <span class='ocrx_word' id='word_1_269' title='bbox 1555 1842 1628 1876; x_wconf 82' lang='lat' dir='ltr'><strong>Off.</strong></span> 
     </span>
     <span class='ocr_line' id='line_1_27' title="bbox 237 1900 1630 1946; baseline -0.005 -7"><span class='ocrx_word' id='word_1_270' title='bbox 237 1903 376 1946; x_wconf 80' lang='lat'><strong>111‚22‚</strong></span> <span class='ocrx_word' id='word_1_271' title='bbox 396 1908 483 1936; x_wconf 85' lang='lat' dir='ltr'><strong>extr.</strong></span> <span class='ocrx_word' id='word_1_272' title='bbox 516 1901 643 1935; x_wconf 86' lang='lat' dir='ltr'><strong>edidit:</strong></span> <span class='ocrx_word' id='word_1_273' title='bbox 686 1912 824 1945; x_wconf 83' lang='lat' dir='ltr'><strong>eoque</strong></span> <span class='ocrx_word' id='word_1_274' title='bbox 858 1901 975 1944; x_wconf 77' lang='lat' dir='ltr'><strong>magis</strong></span> <span class='ocrx_word' id='word_1_275' title='bbox 1007 1901 1121 1943; x_wconf 78' lang='lat' dir='ltr'><strong>quod</strong></span> <span class='ocrx_word' id='word_1_276' title='bbox 1158 1901 1222 1933; x_wconf 83' lang='lat' dir='ltr'><strong>illa</strong></span> <span class='ocrx_word' id='word_1_277' title='bbox 1254 1902 1416 1935; x_wconf 81' lang='lat' dir='ltr'><strong>ordinum</strong></span> <span class='ocrx_word' id='word_1_278' title='bbox 1439 1900 1630 1933; x_wconf 73' lang='lat' dir='ltr'><strong>coniunctio</strong></span> 
     </span>
     <span class='ocr_line' id='line_1_28' title="bbox 239 1957 1629 2003; baseline -0.004 -7"><span class='ocrx_word' id='word_1_279' title='bbox 239 1964 288 1998; x_wconf 83' lang='lat' dir='ltr'><strong>ad</strong></span> <span class='ocrx_word' id='word_1_280' title='bbox 311 1963 464 1995; x_wconf 76' lang='lat' dir='ltr'><strong>salutum</strong></span> <span class='ocrx_word' id='word_1_281' title='bbox 486 1959 629 2003; x_wconf 76' lang='lat' dir='ltr'><strong>reipubl.</strong></span> <span class='ocrx_word' id='word_1_282' title='bbox 653 1958 952 2002; x_wconf 76' lang='lat' dir='ltr'><strong>pertinebat5</strong></span> <span class='ocrx_word' id='word_1_283' title='bbox 975 1957 1218 2002; x_wconf 79' lang='lat' dir='ltr'><strong>lleusingorus</strong></span> <span class='ocrx_word' id='word_1_284' title='bbox 1242 1958 1354 2000; x_wconf 87' lang='lat' dir='ltr'><strong>enim,</strong></span> <span class='ocrx_word' id='word_1_285' title='bbox 1390 1957 1503 1992; x_wconf 83' lang='lat' dir='ltr'><strong>Cottii</strong></span> <span class='ocrx_word' id='word_1_286' title='bbox 1524 1968 1629 2001; x_wconf 85' lang='lat' dir='ltr'><strong>prae-</strong></span> 
     </span>
     <span class='ocr_line' id='line_1_29' title="bbox 238 2014 1628 2064; baseline -0.004 -9"><span class='ocrx_word' id='word_1_287' title='bbox 238 2024 338 2064; x_wconf 87' lang='lat' dir='ltr'><strong>cepto</strong></span> <span class='ocrx_word' id='word_1_288' title='bbox 363 2019 408 2052; x_wconf 87' lang='lat' dir='ltr'><strong>ad</strong></span> <span class='ocrx_word' id='word_1_289' title='bbox 430 2019 466 2051; x_wconf 90' lang='grc' dir='ltr'><strong>Ιι.</strong></span> <span class='ocrx_word' id='word_1_290' title='bbox 492 2018 515 2050; x_wconf 90' lang='lat' dir='ltr'><strong>l.</strong></span> <span class='ocrx_word' id='word_1_291' title='bbox 542 2017 714 2056; x_wconf 86' lang='lat' dir='ltr'><strong>seductus,</strong></span> <span class='ocrx_word' id='word_1_292' title='bbox 738 2027 802 2059; x_wconf 81' lang='lat' dir='ltr'><strong>quo</strong></span> <span class='ocrx_word' id='word_1_293' title='bbox 827 2016 890 2048; x_wconf 76' lang='lat' dir='ltr'><strong>illa</strong></span> <span class='ocrx_word' id='word_1_294' title='bbox 912 2014 1109 2058; x_wconf 76' lang='lat' dir='ltr'><strong>scripserat.</strong></span> <span class='ocrx_word' id='word_1_295' title='bbox 1160 2016 1320 2050; x_wconf 88' lang='lat' dir='ltr'><strong>Ceterum</strong></span> <span class='ocrx_word' id='word_1_296' title='bbox 1345 2016 1487 2050; x_wconf 82' lang='lat' dir='ltr'><strong>Cottius</strong></span> <span class='ocrx_word' id='word_1_297' title='bbox 1511 2021 1628 2050; x_wconf 88' lang='lat' dir='ltr'><strong>nostro</strong></span> 
     </span>
     <span class='ocr_line' id='line_1_30' title="bbox 238 2073 1629 2119; baseline -0.004 -7"><span class='ocrx_word' id='word_1_298' title='bbox 238 2079 319 2112; x_wconf 88' lang='lat' dir='ltr'><strong>loco</strong></span> <span class='ocrx_word' id='word_1_299' title='bbox 341 2077 392 2110; x_wconf 87' lang='lat' dir='ltr'><strong>ita</strong></span> <span class='ocrx_word' id='word_1_300' title='bbox 414 2074 555 2119; x_wconf 85' lang='lat' dir='ltr'><strong>ingenio</strong></span> <span class='ocrx_word' id='word_1_301' title='bbox 580 2073 737 2114; x_wconf 78' lang='lat' dir='ltr'><strong>indulsit,</strong></span> <span class='ocrx_word' id='word_1_302' title='bbox 761 2078 798 2106; x_wconf 89' lang='lat' dir='ltr'><strong>ut</strong></span> <span class='ocrx_word' id='word_1_303' title='bbox 823 2073 928 2107; x_wconf 83' lang='lat' dir='ltr'><strong>etiam</strong></span> <span class='ocrx_word' id='word_1_304' title='bbox 954 2079 1041 2107; x_wconf 80' lang='lat' dir='ltr'><strong>essct</strong></span> <span class='ocrx_word' id='word_1_305' title='bbox 1064 2073 1137 2106; x_wconf 85' lang='lat' dir='ltr'><strong>sine</strong></span> <span class='ocrx_word' id='word_1_306' title='bbox 1160 2074 1260 2106; x_wconf 87' lang='lat' dir='ltr'><strong>codd.</strong></span> <span class='ocrx_word' id='word_1_307' title='bbox 1285 2073 1445 2115; x_wconf 86' lang='lat' dir='ltr'><strong>eiiceret,</strong></span> <span class='ocrx_word' id='word_1_308' title='bbox 1469 2074 1629 2108; x_wconf 83' lang='lat' dir='ltr'><strong>fidelibus</strong></span> 
     </span>
     <span class='ocr_line' id='line_1_31' title="bbox 238 2130 1626 2176; baseline -0.004 -6"><span class='ocrx_word' id='word_1_309' title='bbox 238 2135 380 2171; x_wconf 81' lang='lat' dir='ltr'><strong>asseclis</strong></span> <span class='ocrx_word' id='word_1_310' title='bbox 411 2132 699 2176; x_wconf 86' lang='lat' dir='ltr'><strong>obsequentibus,</strong></span> <span class='ocrx_word' id='word_1_311' title='bbox 733 2130 832 2164; x_wconf 84' lang='lat' dir='ltr'><strong>nobis</strong></span> <span class='ocrx_word' id='word_1_312' title='bbox 863 2142 930 2165; x_wconf 93' lang='lat' dir='ltr'><strong>non</strong></span> <span class='ocrx_word' id='word_1_313' title='bbox 962 2131 1057 2164; x_wconf 90' lang='lat' dir='ltr'><strong>item.</strong></span> <span class='ocrx_word' id='word_1_314' title='bbox 1115 2131 1322 2165; x_wconf 85' lang='lat' dir='ltr'><strong>Gerlucbius</strong></span> <span class='ocrx_word' id='word_1_315' title='bbox 1352 2132 1388 2166; x_wconf 87' lang='lat' dir='ltr'><strong>in</strong></span> <span class='ocrx_word' id='word_1_316' title='bbox 1419 2133 1626 2167; x_wconf 86' lang='lat' dir='ltr'><strong>Commentt.</strong></span> 
     </span>
     <span class='ocr_line' id='line_1_32' title="bbox 238 2187 1628 2235; baseline -0.001 -8"><span class='ocrx_word' id='word_1_317' title='bbox 238 2193 317 2227; x_wconf 75' lang='lat' dir='ltr'><strong>Vol.</strong></span> <span class='ocrx_word' id='word_1_318' title='bbox 335 2192 379 2226; x_wconf 91' lang='lat'><strong>11.</strong></span> <span class='ocrx_word' id='word_1_319' title='bbox 404 2192 443 2225; x_wconf 88' lang='grc' dir='ltr'><strong>Ρ.</strong></span> <span class='ocrx_word' id='word_1_320' title='bbox 463 2191 488 2223; x_wconf 91' lang='grc' dir='ltr'><strong>Ι.</strong></span> <span class='ocrx_word' id='word_1_321' title='bbox 514 2201 545 2233; x_wconf 86' lang='lat' dir='ltr'><strong>p.</strong></span> <span class='ocrx_word' id='word_1_322' title='bbox 566 2190 646 2223; x_wconf 77' lang='lat'><strong>109.</strong></span> <span class='ocrx_word' id='word_1_323' title='bbox 675 2189 794 2222; x_wconf 83' lang='lat' dir='ltr'><strong>Curtio</strong></span> <span class='ocrx_word' id='word_1_324' title='bbox 819 2187 1022 2228; x_wconf 74' lang='lat' dir='ltr'><strong>assentitur,</strong></span> <span class='ocrx_word' id='word_1_325' title='bbox 1046 2192 1224 2231; x_wconf 81' lang='lat' dir='ltr'><strong>permotus</strong></span> <span class='ocrx_word' id='word_1_326' title='bbox 1249 2189 1343 2232; x_wconf 84' lang='lat' dir='ltr'><strong>turpi</strong></span> <span class='ocrx_word' id='word_1_327' title='bbox 1364 2189 1493 2224; x_wconf 80' lang='lat' dir='ltr'><strong>calami</strong></span> <span class='ocrx_word' id='word_1_328' title='bbox 1514 2191 1628 2235; x_wconf 83' lang='lat' dir='ltr'><strong>lapsu,</strong></span> 
     </span>
     <span class='ocr_line' id='line_1_33' title="bbox 236 2244 1407 2295; baseline 0 -13"><span class='ocrx_word' id='word_1_329' title='bbox 236 2262 307 2295; x_wconf 85' lang='lat' dir='ltr'><strong>quo</strong></span> <span class='ocrx_word' id='word_1_330' title='bbox 330 2249 407 2283; x_wconf 88' lang='lat' dir='ltr'><strong>cod.</strong></span> <span class='ocrx_word' id='word_1_331' title='bbox 432 2247 526 2282; x_wconf 86' lang='lat' dir='ltr'><strong>Med.</strong></span> <span class='ocrx_word' id='word_1_332' title='bbox 543 2247 591 2289; x_wconf 85' lang='grc'><strong>6.,</strong></span> <span class='ocrx_word' id='word_1_333' title='bbox 619 2247 695 2290; x_wconf 77' lang='lat' dir='ltr'><strong>fuit</strong></span> <span class='ocrx_word' id='word_1_334' title='bbox 719 2258 782 2290; x_wconf 86' lang='lat' dir='ltr'><strong>pro</strong></span> <span class='ocrx_word' id='word_1_335' title='bbox 807 2250 893 2279; x_wconf 83' lang='lat' dir='ltr'><strong>esset</strong></span> <span class='ocrx_word' id='word_1_336' title='bbox 916 2246 1102 2288; x_wconf 85' lang='lat' dir='ltr'><strong>exhibens,</strong></span> <span class='ocrx_word' id='word_1_337' title='bbox 1128 2244 1326 2287; x_wconf 87' lang='lat' dir='ltr'><strong>inquinatus</strong></span> <span class='ocrx_word' id='word_1_338' title='bbox 1345 2250 1407 2282; x_wconf 74' lang='lat' dir='ltr'><strong>est.</strong></span> 
     </span>
     <span class='ocr_line' id='line_1_34' title="bbox 330 2302 1627 2349; baseline -0.001 -9"><span class='ocrx_word' id='word_1_339' title='bbox 330 2317 416 2340; x_wconf 80' lang='lat' dir='ltr'><strong>neve</strong></span> <span class='ocrx_word' id='word_1_340' title='bbox 441 2317 481 2339; x_wconf 70' lang='lat' dir='ltr'><strong>cx</strong></span> <span class='ocrx_word' id='word_1_341' title='bbox 505 2317 570 2338; x_wconf 78' lang='lat' dir='ltr'><strong>sua</strong></span> <span class='ocrx_word' id='word_1_342' title='bbox 594 2306 705 2349; x_wconf 84' lang='lat' dir='ltr'><strong>cont.]</strong></span> <span class='ocrx_word' id='word_1_343' title='bbox 744 2305 900 2347; x_wconf 82' lang='lat' dir='ltr'><strong>Cottius,</strong></span> <span class='ocrx_word' id='word_1_344' title='bbox 923 2314 1075 2348; x_wconf 86' lang='lat' dir='ltr'><strong>quocum</strong></span> <span class='ocrx_word' id='word_1_345' title='bbox 1110 2302 1238 2336; x_wconf 88' lang='lat' dir='ltr'><strong>iterum</strong></span> <span class='ocrx_word' id='word_1_346' title='bbox 1269 2304 1369 2338; x_wconf 85' lang='lat' dir='ltr'><strong>nobis</strong></span> <span class='ocrx_word' id='word_1_347' title='bbox 1399 2303 1627 2349; x_wconf 85' lang='lat' dir='ltr'><strong>pugnandum</strong></span> 
     </span>
     <span class='ocr_line' id='line_1_35' title="bbox 237 2359 1628 2406; baseline -0.001 -6"><span class='ocrx_word' id='word_1_348' title='bbox 237 2368 312 2406; x_wconf 87' lang='lat' dir='ltr'><strong>cst,</strong></span> <span class='ocrx_word' id='word_1_349' title='bbox 344 2364 418 2397; x_wconf 79' lang='lat' dir='ltr'><strong>vim</strong></span> <span class='ocrx_word' id='word_1_350' title='bbox 451 2374 536 2396; x_wconf 78' lang='lat' dir='ltr'><strong>neve</strong></span> <span class='ocrx_word' id='word_1_351' title='bbox 560 2363 752 2406; x_wconf 84' lang='lat' dir='ltr'><strong>particulae</strong></span> <span class='ocrx_word' id='word_1_352' title='bbox 775 2363 876 2406; x_wconf 84' lang='lat' dir='ltr'><strong>plane</strong></span> <span class='ocrx_word' id='word_1_353' title='bbox 899 2360 1076 2406; x_wconf 81' lang='lat' dir='ltr'><strong>neglexit,</strong></span> <span class='ocrx_word' id='word_1_354' title='bbox 1110 2359 1287 2403; x_wconf 83' lang='lat' dir='ltr'><strong>explicans</strong></span> <span class='ocrx_word' id='word_1_355' title='bbox 1318 2367 1352 2396; x_wconf 79' lang='lat' dir='ltr'><strong>ct</strong></span> <span class='ocrx_word' id='word_1_356' title='bbox 1375 2374 1444 2396; x_wconf 82' lang='lat' dir='ltr'><strong>non</strong></span> <span class='ocrx_word' id='word_1_357' title='bbox 1466 2363 1541 2397; x_wconf 83' lang='lat' dir='ltr'><strong>sive</strong></span> <span class='ocrx_word' id='word_1_358' title='bbox 1563 2367 1628 2398; x_wconf 78' lang='lat' dir='ltr'><strong>aut</strong></span> 
     </span>
     <span class='ocr_line' id='line_1_36' title="bbox 237 2418 1627 2465; baseline -0.001 -9"><span class='ocrx_word' id='word_1_359' title='bbox 237 2435 318 2463; x_wconf 80' lang='lat' dir='ltr'><strong>non,</strong></span> <span class='ocrx_word' id='word_1_360' title='bbox 343 2433 450 2465; x_wconf 84' lang='lat' dir='ltr'><strong>quum</strong></span> <span class='ocrx_word' id='word_1_361' title='bbox 474 2421 601 2464; x_wconf 89' lang='lat' dir='ltr'><strong>ubique</strong></span> <span class='ocrx_word' id='word_1_362' title='bbox 628 2421 661 2453; x_wconf 89' lang='lat' dir='ltr'><strong>in</strong></span> <span class='ocrx_word' id='word_1_363' title='bbox 686 2420 829 2454; x_wconf 86' lang='lat' dir='ltr'><strong>consilio</strong></span> <span class='ocrx_word' id='word_1_364' title='bbox 853 2418 1094 2463; x_wconf 81' lang='lat' dir='ltr'><strong>significando,</strong></span> <span class='ocrx_word' id='word_1_365' title='bbox 1118 2419 1333 2461; x_wconf 84' lang='lat' dir='ltr'><strong>praegressis</strong></span> <span class='ocrx_word' id='word_1_366' title='bbox 1354 2425 1414 2462; x_wconf 80' lang='lat' dir='ltr'><strong>ut,</strong></span> <span class='ocrx_word' id='word_1_367' title='bbox 1433 2431 1496 2462; x_wconf 80' lang='lat' dir='ltr'><strong>ne,</strong></span> <span class='ocrx_word' id='word_1_368' title='bbox 1520 2426 1559 2455; x_wconf 80' lang='lat' dir='ltr'><strong>ut</strong></span> <span class='ocrx_word' id='word_1_369' title='bbox 1582 2432 1627 2455; x_wconf 77' lang='lat' dir='ltr'><strong>ne</strong></span> 
     </span>
     <span class='ocr_line' id='line_1_37' title="bbox 237 2475 1625 2523; baseline -0.001 -10"><span class='ocrx_word' id='word_1_370' title='bbox 237 2478 423 2523; x_wconf 80' lang='lat' dir='ltr'><strong>particulis</strong></span> <span class='ocrx_word' id='word_1_371' title='bbox 453 2483 487 2511; x_wconf 87' lang='lat' dir='ltr'><strong>et</strong></span> <span class='ocrx_word' id='word_1_372' title='bbox 520 2477 685 2522; x_wconf 74' lang='lat' dir='ltr'><strong>negativa</strong></span> <span class='ocrx_word' id='word_1_373' title='bbox 716 2477 884 2511; x_wconf 81' lang='lat' dir='ltr'><strong>sententia</strong></span> <span class='ocrx_word' id='word_1_374' title='bbox 915 2481 1098 2519; x_wconf 81' lang='lat' dir='ltr'><strong>sequente,</strong></span> <span class='ocrx_word' id='word_1_375' title='bbox 1121 2475 1329 2518; x_wconf 84' lang='lat' dir='ltr'><strong>prohibendi</strong></span> <span class='ocrx_word' id='word_1_376' title='bbox 1351 2479 1479 2512; x_wconf 78' lang='lat' dir='ltr'><strong>vocula</strong></span> <span class='ocrx_word' id='word_1_377' title='bbox 1512 2483 1546 2514; x_wconf 79' lang='lat' dir='ltr'><strong>ct</strong></span> <span class='ocrx_word' id='word_1_378' title='bbox 1570 2490 1625 2521; x_wconf 80' lang='lat' dir='ltr'><strong>nc,</strong></span> 
     </span>
     <span class='ocr_line' id='line_1_38' title="bbox 239 2533 1626 2579; baseline -0.001 -8"><span class='ocrx_word' id='word_1_379' title='bbox 239 2537 264 2571; x_wconf 84' lang='lat' dir='ltr'><strong>i.</strong></span> <span class='ocrx_word' id='word_1_380' title='bbox 290 2549 320 2570; x_wconf 87' lang='lat' dir='ltr'><strong>e.</strong></span> <span class='ocrx_word' id='word_1_381' title='bbox 345 2548 429 2569; x_wconf 81' lang='lat' dir='ltr'><strong>neve</strong></span> <span class='ocrx_word' id='word_1_382' title='bbox 452 2547 538 2578; x_wconf 79' lang='lat' dir='ltr'><strong>opus</strong></span> <span class='ocrx_word' id='word_1_383' title='bbox 560 2536 616 2569; x_wconf 84' lang='lat' dir='ltr'><strong>sit.</strong></span> <span class='ocrx_word' id='word_1_384' title='bbox 663 2536 739 2569; x_wconf 73' lang='lat' dir='ltr'><strong>Non</strong></span> <span class='ocrx_word' id='word_1_385' title='bbox 762 2535 953 2578; x_wconf 84' lang='lat' dir='ltr'><strong>probamus</strong></span> <span class='ocrx_word' id='word_1_386' title='bbox 984 2538 1103 2568; x_wconf 75' lang='lat' dir='ltr'><strong>autem</strong></span> <span class='ocrx_word' id='word_1_387' title='bbox 1127 2533 1284 2577; x_wconf 78' lang='lat' dir='ltr'><strong>Zuinptii</strong></span> <span class='ocrx_word' id='word_1_388' title='bbox 1305 2536 1529 2579; x_wconf 78' lang='lat' dir='ltr'><strong>sententiam,</strong></span> <span class='ocrx_word' id='word_1_389' title='bbox 1564 2535 1626 2579; x_wconf 78' lang='lat' dir='ltr'><strong>qui</strong></span> 
     </span>
     <span class='ocr_line' id='line_1_39' title="bbox 241 2590 1630 2638; baseline 0 -10"><span class='ocrx_word' id='word_1_390' title='bbox 241 2595 402 2628; x_wconf 73' lang='lat' dir='ltr'><strong>Gramm.</strong></span> <span class='ocrx_word' id='word_1_391' title='bbox 427 2594 503 2627; x_wconf 80' lang='lat' dir='ltr'><strong>Lat.</strong></span> <span class='ocrx_word' id='word_1_392' title='bbox 528 2595 559 2635; x_wconf 66' lang='grc' dir='ltr'><strong>ς.</strong></span> <span class='ocrx_word' id='word_1_393' title='bbox 572 2593 630 2634; x_wconf 74' lang='grc' dir='ltr'><strong>Ἱὸ,</strong></span> <span class='ocrx_word' id='word_1_394' title='bbox 640 2593 674 2633; x_wconf 82' lang='grc'><strong>6,</strong></span> <span class='ocrx_word' id='word_1_395' title='bbox 694 2593 729 2626; x_wconf 87' lang='lat' dir='ltr'><strong>b.</strong></span> <span class='ocrx_word' id='word_1_396' title='bbox 753 2593 865 2627; x_wconf 90' lang='lat' dir='ltr'><strong>not.l.</strong></span> <span class='ocrx_word' id='word_1_397' title='bbox 890 2602 972 2636; x_wconf 85' lang='lat' dir='ltr'><strong>pag.</strong></span> <span class='ocrx_word' id='word_1_398' title='bbox 982 2590 1063 2625; x_wconf 73' lang='lat'><strong>398.</strong></span> <span class='ocrx_word' id='word_1_399' title='bbox 1088 2601 1130 2625; x_wconf 87' lang='lat' dir='ltr'><strong>ca</strong></span> <span class='ocrx_word' id='word_1_400' title='bbox 1153 2591 1294 2627; x_wconf 81' lang='lat' dir='ltr'><strong>serenda</strong></span> <span class='ocrx_word' id='word_1_401' title='bbox 1317 2598 1432 2628; x_wconf 87' lang='lat' dir='ltr'><strong>censet</strong></span> <span class='ocrx_word' id='word_1_402' title='bbox 1448 2594 1630 2638; x_wconf 70' lang='lat' dir='ltr'><strong>exempla,</strong></span> 
     </span>
     <span class='ocr_line' id='line_1_40' title="bbox 241 2650 1623 2696; baseline 0.001 -11"><span class='ocrx_word' id='word_1_403' title='bbox 241 2651 303 2685; x_wconf 86' lang='lat' dir='ltr'><strong>ubi</strong></span> <span class='ocrx_word' id='word_1_404' title='bbox 318 2662 426 2695; x_wconf 74' lang='lat' dir='ltr'><strong>neque</strong></span> <span class='ocrx_word' id='word_1_405' title='bbox 443 2655 504 2685; x_wconf 85' lang='lat' dir='ltr'><strong>aut</strong></span> <span class='ocrx_word' id='word_1_406' title='bbox 526 2661 588 2683; x_wconf 80' lang='lat' dir='ltr'><strong>uec</strong></span> <span class='ocrx_word' id='word_1_407' title='bbox 612 2650 754 2684; x_wconf 84' lang='lat' dir='ltr'><strong>illatum</strong></span> <span class='ocrx_word' id='word_1_408' title='bbox 778 2655 843 2692; x_wconf 81' lang='lat' dir='ltr'><strong>est,</strong></span> <span class='ocrx_word' id='word_1_409' title='bbox 868 2661 932 2693; x_wconf 86' lang='lat' dir='ltr'><strong>pro</strong></span> <span class='ocrx_word' id='word_1_410' title='bbox 956 2660 1040 2683; x_wconf 81' lang='lat' dir='ltr'><strong>neve</strong></span> <span class='ocrx_word' id='word_1_411' title='bbox 1063 2653 1124 2684; x_wconf 84' lang='lat' dir='ltr'><strong>aut</strong></span> <span class='ocrx_word' id='word_1_412' title='bbox 1146 2661 1230 2691; x_wconf 83' lang='lat' dir='ltr'><strong>neu;</strong></span> <span class='ocrx_word' id='word_1_413' title='bbox 1253 2661 1344 2694; x_wconf 79' lang='lat' dir='ltr'><strong>quae</strong></span> <span class='ocrx_word' id='word_1_414' title='bbox 1366 2651 1495 2694; x_wconf 84' lang='lat' dir='ltr'><strong>omnia,</strong></span> <span class='ocrx_word' id='word_1_415' title='bbox 1517 2662 1623 2696; x_wconf 84' lang='lat' dir='ltr'><strong>quum</strong></span> 
     </span>
     <span class='ocr_line' id='line_1_41' title="bbox 241 2707 1623 2754; baseline 0 -10"><span class='ocrx_word' id='word_1_416' title='bbox 241 2709 314 2744; x_wconf 85' lang='lat' dir='ltr'><strong>siue</strong></span> <span class='ocrx_word' id='word_1_417' title='bbox 344 2708 452 2743; x_wconf 86' lang='lat' dir='ltr'><strong>dubio</strong></span> <span class='ocrx_word' id='word_1_418' title='bbox 475 2708 674 2746; x_wconf 77' lang='lat' dir='ltr'><strong>scribarum</strong></span> <span class='ocrx_word' id='word_1_419' title='bbox 697 2708 808 2744; x_wconf 84' lang='lat' dir='ltr'><strong>errori</strong></span> <span class='ocrx_word' id='word_1_420' title='bbox 831 2708 1041 2754; x_wconf 79' lang='lat' dir='ltr'><strong>debeantur,</strong></span> <span class='ocrx_word' id='word_1_421' title='bbox 1075 2707 1285 2754; x_wconf 82' lang='lat' dir='ltr'><strong>corrigenda</strong></span> <span class='ocrx_word' id='word_1_422' title='bbox 1315 2707 1512 2746; x_wconf 70' lang='lat' dir='ltr'><strong>iudicamus</strong></span> <span class='ocrx_word' id='word_1_423' title='bbox 1544 2719 1623 2744; x_wconf 86' lang='lat' dir='ltr'><strong>cum</strong></span> 
     </span>
    </p>
   </div>
  </div>
 </body>
</html>
