1630 3034
124 151 182 191 36
499 145 543 187 c.
574 142 896 187 SALLUSTI
924 118 1148 189 bRISPI

66 264 363 309 18Postremo
387 259 622 304 Masinissa
650 275 730 305 nos
752 261 813 304 ita
839 261 1038 318 instituit,
1072 262 1227 306 Patres
1261 263 1517 324 conscripti,

131 375 188 404 ne
224 373 360 417 quem
393 357 643 401 coleremus
679 358 761 402 nisi
796 358 1019 418 populum
1045 358 1315 412 Romanum,
1350 375 1408 404 ne
1443 375 1519 404 so-

132 456 340 512 cietates,
366 470 423 498 ne
440 454 630 498 foedera
653 469 772 498 nova
790 454 1121 514 acciperemus3
1156 455 1336 499 abunde
1355 470 1522 516 magna

131 551 354 612 praesidia
388 551 517 595 nobis
560 552 606 595 in
644 557 796 595 vostra
835 551 1027 594 amicitia
1062 551 1186 605 fore3
1223 553 1260 595 si
1293 552 1399 595 huic
1434 553 1521 596 im-

131 648 260 708 perio
295 648 473 692 fortuna
507 653 776 704 mutaretur,
811 662 898 692 una
933 647 1062 691 nobis
1092 648 1390 693 occidendum
1413 664 1521 693 esse.

70 753 119 791 19
132 744 306 788 Virtute
349 760 403 787 ac
450 744 518 789 dis
562 745 814 788 volentibus
855 744 1009 804 magni
1054 745 1156 789 estis
1204 751 1249 790 et
1299 745 1524 805 opulenti,

133 841 287 884 omnia
321 840 520 885 secunda
556 846 602 885 et
644 840 903 885 obedientia
947 847 1070 895 sunt3
1113 857 1203 901 quo
1240 842 1410 886 facilius
1447 857 1525 886 so—

66 943 122 982 20
135 937 306 981 ciorum
348 937 524 982 iniurias
572 953 729 982 curare
773 938 890 984 licet.
961 937 1161 981 Tantum
1196 937 1309 982 illud
1351 952 1526 993 vereor,

133 1098 287 1133 Par-tice.
309 1099 399 1133 Latt.
422 1111 455 1144 p.
475 1098 558 1134 329.
578 1119 625 1124 —
646 1099 717 1133 Pro
737 1103 853 1143 atque,
878 1101 958 1132 ante
981 1098 1141 1138 omnium,
1167 1098 1260 1142 quod
1283 1109 1404 1132 omnes
1419 1108 1531 1141 paene

134 1159 236 1192 codd.
265 1163 401 1203 tenent,
432 1160 574 1194 Cortius
605 1160 712 1194 tacite
736 1160 873 1204 scripsit
897 1165 942 1194 et.
971 1178 1017 1184 —
1055 1159 1129 1201 Quo
1155 1160 1332 1199 accidam,
1361 1163 1425 1192 aut
1447 1160 1530 1204 Quos

134 1220 332 1265 appellem?
366 1222 471 1254 Hunc
505 1222 622 1255 locum
652 1221 884 1255 Ruhnkenius
917 1220 961 1254 ad
992 1220 1077 1255 Rut.
1111 1219 1198 1263 Lup.
1223 1221 1267 1261 11,
1293 1218 1328 1255 6.
1353 1231 1387 1263 p.
1410 1220 1457 1255 96
1479 1232 1531 1264 sq.

134 1281 287 1315 novandi
311 1282 424 1315 studio
459 1281 643 1327 indulgens
666 1293 736 1315 non
759 1293 829 1315 uno
851 1280 993 1314 nomine
1016 1280 1185 1322 tentavit3
1215 1281 1275 1314 sed
1296 1280 1334 1314 in
1358 1280 1534 1324 plerisque

134 1343 303 1377 audacius
327 1355 434 1387 quam
450 1343 566 1376 verius
589 1346 642 1377 est
663 1342 739 1376 eius
762 1342 946 1376 iudicium.
993 1340 1084 1384 Nam
1109 1347 1219 1384 quum
1239 1343 1368 1376 Donat.
1390 1342 1434 1375 ad
1448 1342 1532 1375 Ter.

135 1404 268 1447 Hecyr.
301 1405 361 1446 ΙΙΙ,
385 1404 421 1445 3,
446 1402 503 1436 18.
529 1403 660 1437 referat
693 1403 901 1438 Sallustium
927 1401 1059 1436 alicubi
1083 1402 1228 1436 dixisse:
1267 1414 1337 1447 qua
1361 1403 1532 1446 accidam,

137 1469 200 1499 aut
232 1458 327 1509 quo?
359 1463 593 1498 Rulmkcnius
637 1467 793 1499 statuens
832 1468 990 1498 nostrum
1028 1463 1145 1497 locum
1178 1474 1200 1497 a
1230 1464 1369 1498 Donato
1408 1463 1535 1507 respici

135 1524 292 1569 primum
315 1526 536 1559 scribendum
571 1529 686 1559 censet
709 1538 773 1570 quo
803 1526 973 1558 accidam.
1022 1524 1116 1557 Tum
1148 1524 1280 1558 collato
1303 1523 1409 1558 Ennii
1431 1534 1535 1558 versu

136 1586 229 1628 apud
253 1585 328 1621 Cic.
352 1586 512 1621 Tusculi.
539 1587 600 1627 111,
627 1586 685 1629 19,
710 1585 767 1619 44.
797 1597 877 1619 arce
903 1590 937 1618 et
960 1585 1044 1618 urbe
1068 1584 1153 1617 orba
1176 1595 1275 1625 sum,·
1308 1595 1388 1629 quo
1421 1585 1535 1619 acci-

138 1645 262 1680 dam?
298 1658 384 1691 quo
417 1645 681 1690 applicem?
713 1657 803 1691 quae
827 1647 938 1679 verba
963 1656 1092 1688 quum,
1115 1644 1232 1678 nescio
1255 1655 1324 1687 quo
1349 1644 1437 1686 iure,
1455 1645 1538 1678 Sal-

137 1706 282 1740 lustium
314 1706 510 1741 imitatione
541 1707 750 1751 expressisse
782 1706 894 1747 dicat,
934 1716 1018 1749 quos
1052 1706 1225 1749 appellem
1257 1709 1372 1739 mutat
1403 1705 1438 1739 in
1471 1718 1537 1750 quo

138 1768 325 1811 appellum,
351 1767 485 1802 scilicet
509 1773 548 1802 ut
570 1769 640 1803 hoc
664 1767 871 1811 respondeat
894 1765 1052 1800 Enniano
1075 1766 1265 1807 vocabulo,
1291 1777 1311 1799 c
1335 1777 1374 1799 re
1396 1767 1538 1800 nautica

139 1827 257 1863 ducto.
306 1828 465 1872 Denique
497 1834 536 1863 ut
563 1828 782 1873 sequentium
818 1827 1011 1861 verborum
1046 1830 1220 1861 structura
1253 1832 1444 1871 congruat,
1479 1828 1537 1862 ad

140 1888 342 1922 nationesne
376 1889 483 1924 scribi
514 1890 622 1926 iubet.
670 1891 772 1934 Quae
804 1892 982 1931 postrema
1021 1892 1061 1921 nt
1099 1888 1194 1921 omni
1225 1887 1539 1922 verisimilitudinis

141 1948 257 1992 specie
280 1948 447 1984 destituta
481 1955 581 1993 sunt,
618 1951 668 1985 ita
700 1949 736 1983 in
760 1950 868 1982 verbo
893 1948 1051 1981 accidam
1084 1952 1177 1981 recte
1208 1949 1339 1982 vidisse
1368 1949 1540 1983 Ruhnke-

142 2008 240 2043 nium
263 2009 473 2053 putaverim.
521 2010 613 2044 Nam
637 2021 744 2053 quum
769 2010 811 2044 de
835 2021 877 2043 co
899 2008 950 2043 ita
974 2007 1069 2042 dicat
1096 2009 1275 2053 Donatus,
1298 2014 1336 2043 ut
1359 2015 1540 2054 corrupte-

142 2070 196 2103 lae
218 2069 369 2113 suspicio
393 2081 467 2104 esse
489 2074 659 2113 nequeat,
692 2083 809 2106 sensus
837 2075 955 2105 autem
979 2068 1059 2102 talis
1081 2068 1146 2108 sit,
1170 2073 1208 2102 ut
1232 2071 1380 2103 verbum
1405 2071 1541 2105 nonnisi

141 2130 178 2164 in
201 2130 352 2174 supplici
376 2135 411 2165 et
433 2131 627 2165 miserabili
661 2133 845 2166 cuiusdam
878 2131 1038 2165 oratione
1066 2129 1137 2173 legi
1171 2130 1338 2173 potuerit,
1372 2131 1454 2165 talis
1477 2143 1541 2165 au-

142 2195 213 2226 tem
236 2192 350 2226 oratio
374 2192 409 2226 in
434 2192 602 2226 Historiis
635 2193 742 2227 fuisse
765 2204 833 2226 non
866 2192 1043 2232 videntur,
1079 2190 1170 2223 nihil
1194 2191 1328 2234 obstat,
1354 2191 1542 2235 quominus

142 2253 319 2286 Donatum
342 2253 412 2286 hoc
445 2253 583 2287 dicendi
607 2254 807 2297 exemplum
831 2264 872 2286 cx
896 2252 1107 2286 Adherbalis
1132 2252 1289 2286 oratione
1312 2251 1542 2295 desumpsisse

143 2316 318 2358 putemus.
366 2314 486 2357 Neque
509 2315 607 2349 obest
631 2315 665 2348 ci
689 2313 878 2348 sentcntiae
912 2313 1005 2355 quod
1038 2313 1155 2356 priore
1179 2314 1256 2346 loco
1281 2324 1350 2357 qua
1374 2324 1437 2356 pro
1461 2325 1541 2358 quo,

145 2374 256 2407 altero
281 2385 347 2417 quo
370 2385 432 2417 pro
457 2388 540 2420 quos
563 2376 714 2421 legitur,
739 2385 847 2418 quum
870 2373 960 2406 nihil
985 2373 1198 2417 frequentius
1219 2373 1264 2407 sit
1286 2373 1428 2406 relativi
1451 2373 1543 2418 siglo

143 2444 329 2479 perperam
353 2434 548 2477 intellecto,
583 2434 785 2479 praesertim
810 2434 871 2468 ubi
897 2435 1145 2469 sententiarum
1170 2446 1276 2468 nexus
1299 2435 1456 2468 sublatus
1480 2439 1541 2468 est.

145 2497 190 2530 cf.
225 2497 301 2532 Cat.
328 2496 464 2537 xxm,
490 2497 524 2530 1.
556 2496 732 2536 xxmx,
755 2496 789 2532 ⁸2..
823 2496 999 2529 Drakenb.
1034 2496 1077 2529 ad
1102 2495 1176 2530 Liv.
1203 2497 1247 2536 x,
1274 2494 1330 2537 14,
1355 2494 1390 2529 4.
1439 2495 1543 2539 Quod

147 2557 285 2591 Coi-tius
309 2561 428 2592 autem
453 2558 617 2590 accedam
637 2568 679 2590 co
704 2555 844 2589 defendi
864 2556 998 2598 credit,
1023 2556 1115 2599 quod
1134 2558 1166 2599 §-
1193 2555 1249 2589 15.
1274 2555 1426 2600 legitur:
1458 2565 1541 2599 quo

145 2619 368 2661 potissumum
393 2618 514 2662 infelix
540 2618 773 2659 accedam,
799 2621 835 2650 ct
855 2617 974 2650 statim
1001 2620 1098 2660 post:
1122 2629 1169 2649 an
1193 2626 1419 2660 quoquam
1443 2614 1542 2647 ndi-

148 2689 193 2712 rc
218 2679 315 2719 licet,
351 2678 409 2713 isti
445 2677 512 2712 loci
547 2677 674 2711 Donati
708 2677 822 2720 potius
854 2676 1064 2720 scripturam
1099 2677 1326 2716 confirmant,
1358 2678 1418 2708 ant
1450 2680 1542 2708 certe

148 2750 215 2772 non
241 2737 447 2783 infringunt.
498 2739 550 2772 ne
575 2742 744 2782 potestate
773 2742 808 2771 et
831 2741 1008 2772 structura
1031 2737 1188 2772 accidere
1222 2735 1321 2769 serbi
1347 2735 1390 2769 de
1412 2734 1542 2780 suppli-
