1630 3034
481 198 818 242 CATILINA.
888 199 1017 243 GAP.
1051 201 1099 247 L,
1132 201 1199 243 Ll.
1449 204 1534 244 235

155 315 273 359 ronis
315 315 478 359 iturum
523 331 569 360 se
616 315 811 370 dixerat,
858 316 984 373 quod
1019 316 1078 360 de
1114 332 1166 360 ea
1208 331 1258 362 re
1302 315 1533 376 praesidiis

155 405 316 451 additis
359 406 647 451 refero-ndum
694 414 935 452 censueram
1007 405 1100 451 Sed
1137 407 1325 464 Caesar,
1362 407 1439 453 ubi
1474 407 1576 456 ad5

155 513 259 541 eum
313 505 493 543 ventum
550 504 636 554 est,
701 504 884 558 rogatus
936 498 1195 543 sententiam
1251 514 1278 541 a
1341 497 1536 543 Consule

152 588 466 633 huiuscemodi
502 589 639 632 verba
673 590 846 634 loeutus
882 595 958 634 est.

287 680 364 726 LL
433 678 592 724 Omnis
626 679 847 737 homines,
880 681 1035 725 Patres
1071 680 1325 739 conscripti,
1361 680 1439 738 qui
1476 679 1535 728 de

151 771 284 815 rebus
320 771 464 816 dubiis
499 771 763 825 consultant,
800 772 858 815 ab
894 771 1016 826 odio,
1053 773 1260 825 amicitia,
1297 772 1363 814 ira
1399 778 1533 829 atque

151 862 456 907 misericordia
498 878 662 908 vacuos
709 879 803 909 esse
849 863 994 908 decet.
1075 863 1214 908 Haud
1255 863 1391 907 facile
1437 863 1573 921 ani-2

149 969 247 1001 mus
281 969 439 999 verum
473 953 685 1013 providet
719 955 797 999 ubi
830 955 908 1000 illa
953 955 1179 1014 officiunt,
1226 969 1374 1013 neque
1409 953 1532 1012 quis-

149 1112 258 1143 rent.
305 1108 374 1143 Sed
396 1107 456 1152 qni
478 1107 535 1142 his
553 1120 639 1152 opus
662 1113 748 1153 erat,
773 1121 907 1154 quaeve
929 1109 1080 1144 certiora
1107 1109 1314 1143 documenta
1336 1107 1531 1152 exspectari

148 1168 327 1209 poterant,
358 1177 468 1210 quum
499 1166 672 1200 coniurati
706 1168 856 1201 convicti
890 1167 1107 1210 confessique
1139 1166 1363 1201 tenerentur?
1387 1166 1440 1200 Ad
1464 1166 1532 1198 hoc.

145 1224 361 1267 praesidium
390 1224 457 1261 isto
494 1235 596 1258 sensu
628 1225 670 1257 de
704 1224 765 1266 iis,
803 1225 863 1267 qui
894 1225 930 1258 in
954 1225 1057 1267 culpa
1081 1228 1178 1265 sunt,
1209 1224 1304 1256 nullo
1335 1224 1439 1257 modo
1462 1222 1532 1257 dici

148 1286 279 1324 potest,
313 1280 495 1324 alienaque
535 1286 615 1314 sunt
650 1293 739 1325 quae
776 1283 974 1327 Herzogius
1015 1281 1171 1319 laudavit
1204 1281 1363 1324 exempla
1403 1280 1532 1316 omnia.

150 1337 302 1372 Omnino
324 1344 442 1372 autem
464 1339 500 1372 in
529 1350 570 1373 eo
595 1339 670 1373 fani
693 1339 832 1373 videtur
855 1341 894 1374 V.
920 1341 978 1381 D„
1001 1339 1094 1383 quod
1117 1339 1277 1373 Silanum
1301 1342 1335 1371 et
1359 1338 1532 1371 Neronem

149 1399 248 1439 putat
269 1406 416 1439 poenam
438 1397 548 1441 lenire
571 1397 743 1440 voluisse,
779 1409 865 1440 quos
896 1396 1010 1440 potius
1033 1401 1179 1440 apparet
1203 1396 1239 1429 in
1271 1408 1310 1429 re
1334 1395 1474 1430 difficili
1499 1398 1534 1428 et

149 1453 292 1497 ancipiti
322 1464 458 1487 moram
495 1454 717 1498 quaesivisse.
772 1455 960 1487 Praeterea
983 1454 1182 1498 Herzogius
1206 1454 1447 1487 tantummodo
1471 1453 1532 1485 de-

147 1516 304 1545 creverat
334 1511 478 1554 propria
508 1511 841 1556 plusquamperfecti
873 1511 909 1544 vi
932 1511 1082 1555 accipit,
1108 1513 1196 1549 dixit
1220 1523 1282 1556 pro
1307 1512 1442 1544 dixerat
1466 1521 1533 1553 po-

146 1567 298 1601 nendum
319 1568 428 1602 fuisse
449 1581 602 1612 censens,
626 1569 684 1602 cui
707 1568 896 1603 sententiae
918 1569 1060 1613 proprie
1082 1581 1164 1602 nam
1184 1590 1229 1601 —
1252 1569 1384 1602 censuit
1407 1566 1533 1603 subiici

147 1624 306 1659 debuerit
326 1636 391 1669 pro
423 1638 466 1660 eo
490 1628 582 1670 quod
606 1628 771 1671 vulgatur-
801 1627 891 1671 quod
915 1646 960 1652 —
984 1632 1178 1662 censuerat.
1224 1627 1399 1660 'Nimirum
1423 1625 1461 1657 V.
1488 1625 1532 1657 D.

145 1686 221 1716 tum
251 1683 424 1726 particula
457 1696 525 1718 non
550 1696 630 1721 eum
655 1689 793 1718 senatus
817 1688 1023 1718 conventum
1047 1684 1241 1728 significari
1273 1688 1390 1727 putat,
1413 1682 1473 1726 qui
1498 1681 1535 1714 in

148 1740 234 1774 aede
256 1739 349 1773 Iovis
364 1740 514 1776 Statoris
536 1743 744 1782 habebatur,
768 1742 827 1775 sed
846 1753 937 1782 eum,
963 1741 1023 1785 qui
1042 1742 1153 1785 pridie
1178 1743 1219 1785 (i.
1237 1754 1268 1776 e.
1292 1742 1411 1784 paullo
1430 1740 1532 1782 ante)

150 1795 186 1830 in
208 1797 294 1832 aede
317 1798 532 1832 Concordiae
554 1798 694 1832 habitus
726 1803 812 1835 erat,
867 1799 937 1833 Sed
972 1798 1010 1832 id
1042 1811 1108 1832 non
1133 1799 1217 1833 satis
1240 1804 1334 1832 recte
1357 1797 1536 1842 excogita-

145 1857 223 1889 tum
246 1867 321 1889 esse
342 1866 412 1889 non
435 1857 549 1891 solum
574 1858 758 1891 ostendunt
779 1857 888 1889 verba
909 1857 1039 1900 primus
1063 1858 1270 1891 sententiam
1294 1861 1452 1901 rogatus,
1475 1854 1535 1887 sed

145 1911 310 1946 universa
340 1913 410 1948 loci
434 1915 677 1949 conformatio.
727 1916 858 1949 Auctor
881 1914 974 1947 enim
1009 1925 1065 1948 res
1089 1914 1151 1948 illo
1184 1917 1304 1948 senatu
1338 1918 1434 1946 actas
1465 1922 1534 1945 non

145 1968 354 2013 simpliciter
375 1975 516 2014 narrat,
541 1973 601 2005 sed
623 1972 695 2014 ita,
725 1977 766 2006 ut
789 1972 974 2006 sententias
999 1971 1034 2004 in
1057 1971 1125 2004 ista
1149 1969 1400 2004 consultatione
1423 1968 1535 2002 dictas

145 2026 253 2062 tacite
284 2028 329 2062 ad
353 2034 493 2069 senatus
515 2030 714 2064 consultum
738 2034 914 2074 postremo
939 2030 1071 2062 factum
1095 2029 1241 2067 referat,
1266 2038 1373 2071 quam
1397 2025 1534 2060 dicendi

145 2084 319 2120 rationem
341 2085 483 2120 uberius
506 2087 758 2130 explicavimus
781 2088 826 2121 ad
850 2099 880 2120 e.
897 2086 1025 2127 XXIV,
1042 2086 1076 2118 l.
1124 2084 1273 2127 Propria
1305 2084 1415 2129 igitur
1437 2083 1534 2126 plus-

146 2142 489 2186 quamperfectorum
513 2144 732 2184 decreverat,
758 2144 913 2184 dixerat,
937 2147 1118 2176 censuerat
1141 2142 1233 2175 ratio
1256 2145 1401 2180 constat,
1425 2139 1534 2182 siqni-

147 2198 228 2232 dem
250 2199 340 2233 haec
363 2200 483 2234 omnia
504 2204 585 2234 ante
607 2200 693 2234 illud
717 2205 864 2244 tompus,
882 2201 974 2244 quod
989 2198 1175 2233 Sallustius
1199 2196 1411 2242 cogitatione
1433 2206 1534 2239 prae-

147 2255 252 2300 cipit,
283 2257 378 2291 facta
408 2260 518 2291 erant.
575 2250 750 2301 Quocirca
780 2269 849 2291 non
879 2262 1043 2301 putamus
1077 2267 1180 2299 eum,
1211 2255 1305 2300 quod
1335 2253 1534 2298 Ilerzogius

148 2313 243 2356 vult,
268 2313 502 2348 festinationis
524 2326 597 2348 esse
619 2314 862 2349 accusandum.

238 2370 297 2406 LL
344 2373 376 2414 ἓν
399 2371 434 2411 2.
484 2372 593 2406 Haud
616 2371 748 2415 facile]
784 2371 945 2405 Notanda
980 2367 1181 2410 ἀσύνδετος
1210 2368 1372 2403 Caesaris
1407 2367 1533 2409 oratio,

148 2426 322 2471 particula
355 2429 506 2463 caussali
538 2430 737 2472 frequenter
760 2427 898 2462 omissa.
948 2429 1002 2468 ef,
1029 2431 1061 2471 §.
1087 2428 1121 2461 6.
1147 2427 1202 2463 12.
1230 2428 1285 2462 14.
1311 2427 1368 2461 16.
1393 2426 1450 2459 32.
1475 2425 1534 2458 38.

148 2488 182 2518 et
210 2495 247 2520 v,
270 2488 393 2520 notata
416 2487 460 2520 ad
484 2499 514 2520 c.
536 2487 693 2528 XXXIX,
714 2486 747 2519 4.
775 2503 821 2511 —-
851 2486 922 2519 Pro
946 2487 1100 2529 officiunt
1125 2485 1201 2520 cod.
1225 2486 1337 2519 Heus.
1361 2484 1536 2527 afficiunt,

147 2543 242 2586 quod
267 2542 462 2578 certissimo
486 2548 538 2578 est
561 2545 788 2585 documento,
818 2543 1001 2592 obficiwt,
1025 2544 1115 2587 quod
1142 2543 1269 2577 relicui
1303 2545 1418 2576 tenent
1440 2539 1536 2580 libri,

146 2600 244 2634 haud
267 2600 457 2645 genuinam
479 2602 691 2646 scripturam
713 2611 799 2634 esse.
822 2619 869 2625 —
906 2601 977 2634 Pro
1000 2602 1152 2637 omnium
1173 2599 1281 2644 pauci
1305 2598 1404 2632 codd.
1427 2597 1536 2632 homi*

149 2669 250 2699 num,
275 2658 372 2692 haud
394 2669 476 2692 rara
498 2659 626 2693 horum
649 2659 903 2693 vocabulorum
925 2658 1199 2701 per-mutatione3
1230 2656 1380 2691 omnium
1405 2658 1536 2694 tamen,

149 2720 270 2760 utpote
291 2715 330 2751 iu
352 2715 523 2752 sententia
544 2715 721 2762 generali,
744 2715 845 2750 unice
867 2727 990 2751 verum
1013 2721 1074 2750 eet.
1123 2715 1268 2751 Praeter
1290 2713 1388 2749 locos
1409 2722 1431 2747 a
1449 2712 1535 2746 Cor-
