1630 3034
146 153 232 194 568
508 145 553 188 C.
584 144 911 200 SALLUSTI
949 143 1173 188 CRISPI

148 263 355 321 Boccho,
388 262 596 320 quoniam
625 262 852 322 poenitet,
885 260 1034 306 delicti
1063 261 1253 321 gratiam
1284 260 1413 315 facit3
1441 259 1554 315 foe!

153 363 237 414 dus
274 366 319 405 et
355 360 546 406 amicitia
583 359 822 414 (labuntur,
857 373 995 416 quum
1030 358 1252 403 meruerit.

295 456 389 502 CV.
447 457 559 512 Quis
604 456 738 500 rebus
779 456 966 516 cognitis
1001 455 1214 501 Bocchus
1255 471 1338 516 per
1373 456 1539 500 litteras

153 573 180 599 a
218 553 366 598 Mario
403 554 584 613 petivit,
630 553 692 597 uti
740 540 913 598 Sullam
957 553 1018 597 ad
1063 569 1111 598 se
1157 554 1374 611 mitteret,
1421 553 1544 596 cuius

119 651 373 697 2arbitratu
420 644 489 695 de(
524 651 832 696 communibus
875 651 1069 712 negotiis
1116 651 1429 695 consuleretur.
1500 649 1546 693 Is

157 816 203 822 -
228 796 408 841 deprecati
438 800 516 829 sunt
548 796 754 841 praegnanti
788 794 889 830 sensu
919 795 1093 841 significat
1121 802 1302 841 postquam
1327 797 1551 841 deprecantes

157 859 331 893 dixerunt.
348 877 390 882 —
416 858 468 890 De
489 858 606 891 verbis
628 858 819 892 amicitiam
839 862 873 892 et
890 858 1019 901 foedus
1042 869 1076 892 v.
1099 862 1266 893 annotata
1288 858 1332 892 ad
1356 869 1386 892 c.
1409 857 1551 899 LXXX,

157 918 191 953 4.
216 941 262 946 -
285 919 337 952 Ad
361 918 515 963 poenitet
539 930 607 952 non
631 919 860 963 supplendum
885 923 936 952 est
959 930 1049 961 eum,
1073 919 1132 952 sed
1157 918 1351 953 continetur
1373 929 1415 951 eo
1441 917 1551 950 verbo

158 979 395 1014 nominativus
418 989 518 1012 casus
544 980 720 1026 Bocchns3
746 980 839 1023 quod
862 991 1076 1024 quamquam
1097 980 1243 1024 vulgato
1267 977 1346 1012 usui
1367 982 1552 1022 repugnat,

159 1043 277 1074 tamen
313 1051 381 1074 non
414 1040 597 1074 soloecum
628 1041 822 1076 existimari
862 1042 981 1084 debet,
1022 1052 1129 1085 quum
1165 1044 1299 1074 certum
1335 1039 1380 1073 sit
1419 1044 1555 1073 veteres

161 1100 268 1135 etiam
290 1100 471 1145 poeniteo,
498 1101 522 1135 i.
548 1114 578 1136 e.
597 1103 817 1148 poenitentia
841 1104 977 1148 agitor,
1004 1100 1141 1134 dixisse.
1188 1101 1278 1133 Tale
1302 1099 1384 1143 quid
1409 1099 1451 1132 dc
1477 1099 1555 1133 Sal-

161 1162 268 1196 lustio
292 1161 399 1196 tradit
423 1162 559 1197 Charis.
583 1175 616 1207 p.
639 1164 718 1198 224.
744 1165 885 1198 Putsch.
934 1163 1082 1206 „Verba
1107 1161 1357 1205 impersonalia
1380 1160 1557 1194 declinan-

161 1227 219 1257 tur
243 1223 313 1257 sic:
337 1226 474 1266 oportet
499 1235 567 1266 me,
592 1225 746 1268 poenitet
766 1236 841 1267 me,
865 1226 973 1269 pudet
997 1236 1076 1266 me,
1100 1223 1197 1268 piget
1221 1234 1288 1265 me,
1313 1223 1454 1256 miseret
1477 1233 1556 1263 me3

162 1285 332 1329 quamvis„
343 1285 531 1318 Sallustius
555 1285 679 1320 dixerit
705 1286 740 1320 in
765 1286 878 1330 prima
901 1286 1050 1320 historia
1074 1285 1296 1330 Lepidum
1318 1284 1557 1329 poeniten-

163 1351 252 1381 tem
277 1346 503 1385 εοηείῑίςιι
536 1351 631 1390 patet
663 1347 756 1380 enim
779 1349 957 1392 poenitens
986 1359 1057 1381 non
1080 1347 1233 1390 potuisse
1257 1346 1336 1387 dici,
1362 1346 1426 1379 nisi
1452 1345 1559 1379 etiam

163 1408 322 1452 poeniteo
346 1407 533 1441 diceretur.
566 1407 612 1441 cf.
639 1408 711 1443 Cic.
737 1409 892 1454 Philipp.
919 1409 1007 1450 XII,
1031 1408 1074 1450 2,
1102 1407 1135 1442 7.
1186 1408 1343 1452 Optimus
1369 1401 1419 1440 est
1442 1411 1560 1450 portus

164 1469 355 1514 poenitenti
377 1468 420 1512 (i.
445 1479 473 1501 e.
502 1467 546 1510 ei,
572 1468 630 1512 qui
655 1469 831 1513 poenitens
855 1474 917 1513 est,
941 1471 1015 1505 sive
1037 1470 1096 1513 qui
1116 1470 1288 1513 poenitet)
1313 1469 1458 1502 mutatio
1482 1480 1561 1502 con-

166 1529 247 1563 silii.
297 1528 471 1562 Pacuvius
495 1530 591 1563 Arm.
616 1530 688 1564 iud.
722 1532 815 1576 apud
839 1532 992 1566 Nonium
1015 1532 1090 1573 Vll,
1115 1531 1171 1565 (53.
1222 1531 1323 1565 ,Nunc
1345 1531 1560 1575 poenite-

169 1590 302 1629 bunt5
340 1589 452 1624 libant
485 1591 584 1624 liberi
619 1597 725 1636 grato
760 1604 800 1626 ez·
832 1594 914 1626 loco.
949 1592 1069 1626 lustin.
1097 1593 1158 1633 xl,
1181 1592 1216 1636 3,
1240 1592 1274 1626 3.
1337 1593 1563 1627 Athenienses

117 1657 123 1665 ⁸
166 1651 304 1696 primi
325 1651 571 1694 poenitere
596 1659 789 1697 coeperunt.
813 1653 887 1687 Liv.
908 1654 1068 1694 xxxvl,
1092 1654 1150 1695 22,
1175 1653 1208 1688 3.
1258 1654 1395 1688 Aetolos
1419 1666 1562 1698 quoque,

169 1713 200 1746 si
221 1713 466 1756 poenitere
492 1714 694 1756 possint,
716 1724 815 1757 posse
840 1719 874 1748 et
899 1713 1084 1747 incolumes
1110 1725 1193 1750 esse.
1216 1734 1261 1739 —
1293 1716 1454 1749 Gratiam
1473 1716 1563 1759 facit

170 1773 194 1807 i.
229 1785 260 1807 e.
297 1772 437 1807 veniam
471 1773 549 1817 dat,
584 1774 757 1819 ignoscit;
800 1775 846 1810 cf.
878 1774 954 1808 cat.
988 1786 1019 1808 c.
1055 1776 1139 1818 LII,
1174 1775 1207 1808 8.
1258 1776 1325 1818 Qui
1349 1777 1434 1810 mihi
1458 1783 1563 1821 atque
1616 1819 1624 1823 x

171 1835 287 1868 animo
321 1846 410 1869 meo!
430 1835 558 1869 nullius
588 1848 742 1881 unquam
774 1836 892 1869 delicti
924 1836 1130 1881 gratiam
1153 1836 1374 1878 fecissem.
1418 1837 1563 1882 Fragm.

171 1896 304 1930 Hister.
329 1896 400 1937 ΙΙΙ,
426 1896 484 1930 34.
535 1896 613 1932 Post
640 1898 790 1932 reditum
815 1908 954 1940 eorum,
978 1897 1099 1941 quibus
1122 1901 1262 1931 senatus
1286 1897 1366 1931 belli
1391 1897 1565 1943 Lepidam'

172 1943 383 2004 gratiam
410 1960 608 2001 fecerat.

266 2020 336 2053 CV.
376 2021 408 2061 ἓ.
433 2019 466 2054 1.
518 2020 602 2063 Quis
635 2019 760 2064 rebus]
809 2019 926 2063 Vulgo
958 2021 1080 2065 quibus
1112 2031 1166 2061 r.‚·
1199 2022 1257 2055 sed
1289 2021 1364 2065 quis
1394 2025 1510 2056 exstat
1531 2021 1567 2056 in

174 2081 278 2115 Rem.
316 2080 350 2113 2.
386 2081 482 2115 Vrat.
514 2081 548 2115 3.
586 2082 703 2115 Guelt'.
734 2080 768 2114 6.
800 2080 835 2114 9.
868 2080 923 2114 Π.
958 2081 1075 2115 Berol.
1106 2082 1139 2115 l.
1163 2082 1196 2115 2.
1225 2083 1304 2116 Par.
1329 2083 1366 2117 b.
1390 2095 1419 2115 c.
1445 2103 1490 2108 —
1517 2085 1568 2118 De

174 2140 384 2185 praepositio
418 2141 455 2174 in
488 2143 606 2176 multis
640 2143 739 2175 codd.
775 2142 890 2184 deest,
925 2143 966 2175 de
997 2154 1066 2186 qua
1097 2155 1135 2176 re
1160 2144 1371 2177 Gerlachins
1397 2144 1430 2177 in
1457 2145 1567 2178 Com-

175 2206 296 2234 mentt.
325 2214 358 2244 p.
382 2201 463 2236 331.
515 2202 672 2246 ‚‚Lectio‚
697 2203 819 2246 inquit,
845 2204 941 2237 hand
966 2205 1227 2247 contemnenda,
1258 2217 1338 2238 cum
1363 2205 1455 2240 enim
1479 2207 1570 2240 Boc-

177 2263 263 2295 chus
288 2263 393 2296 totius
427 2263 478 2296 rei
511 2263 698 2298 arbitrium
719 2265 842 2298 Sullae
866 2265 1091 2309 permitteret,
1116 2265 1370 2299 consultatione
1394 2278 1461 2299 non
1485 2279 1572 2311 opus

179 2323 258 2357 suit.
284 2335 394 2367 quare
418 2324 475 2358 xix
500 2325 589 2359 mihi
614 2330 790 2369 tempero,
817 2327 898 2369 quin
923 2331 956 2360 et
980 2326 1055 2370 ipse
1079 2326 1370 2370 praepositionem
1394 2328 1570 2363 deleum.“

179 2384 249 2418 Sed
275 2385 363 2418 nihil
389 2386 454 2419 isto
477 2386 607 2420 iudicio
633 2387 842 2431 perversius.
889 2387 980 2421 Nam
1004 2399 1110 2431 quum
1144 2387 1200 2421 vix
1231 2388 1374 2422 dubium
1400 2389 1462 2431 sit,
1488 2389 1571 2434 quin

180 2446 317 2480 librarii
344 2447 635 2490 praepositionem
662 2449 863 2491 omiserint,
895 2450 979 2493 qnia
1003 2450 1177 2483 consulere
1201 2454 1360 2493 putarent
1383 2449 1474 2484 idem
1498 2462 1573 2485 esee

183 2511 288 2551 ntqne
319 2510 536 2552 prospicere,
568 2520 638 2552 qna
673 2510 709 2543 vi
742 2511 889 2544 verbum
923 2511 1082 2545 dativum
1107 2511 1221 2555 regit,
1246 2511 1313 2544 hac
1337 2511 1411 2554 ipsu
1435 2522 1473 2545 re
1500 2511 1570 2545 iam

183 2569 334 2602 concidit
367 2569 545 2603 Gerlachii
578 2580 736 2606 acumen.
794 2572 979 2606 Praeterea
1013 2572 1103 2606 falsa
1134 2572 1309 2606 arbitratu
1335 2571 1495 2606 vocabuli
1519 2572 1572 2606 in-

184 2630 430 2673 terpretatione
473 2638 650 2675 permotus
691 2636 758 2675 est,
801 2637 838 2667 ut
880 2638 1045 2667 statueret
1080 2633 1330 2667 consultatione
1366 2644 1432 2666 non
1466 2633 1573 2667 fnisse

186 2704 286 2736 opus,
312 2692 411 2735 qnasi
436 2703 518 2726 vero
545 2693 705 2726 Bocchus
728 2694 866 2727 Sullam
891 2694 1079 2736 acciverit,
1107 2699 1145 2728 ut
1169 2694 1314 2738 imperia
1339 2694 1412 2727 eins
1437 2694 1573 2738 accipe-

185 2756 246 2787 ret.
295 2753 487 2788 Verborum
524 2754 620 2787 cuins
655 2755 893 2789 arbitratu
920 2774 962 2780 -
995 2756 1227 2790 consulcrctur
1259 2766 1377 2789 sensus
1409 2759 1477 2790 est:
1512 2755 1574 2789 der
