1630 3034
154 205 211 245 82
522 199 566 241 C.
599 197 929 240 SALLUSTI
960 197 1178 241 CRISPI

90 326 140 363 12
155 331 261 361 sem.
333 313 442 374 Ego
486 314 549 358 sic
590 314 941 371 existumabam‚
988 315 1144 359 Patres
1191 316 1452 383 conscripti,
1501 323 1549 361 ut

152 411 489 473 praedicantem
523 410 782 455 audiveram
817 417 992 471 patrem
1027 426 1200 469 meum,
1236 412 1315 471 qui
1353 385 1548 459 vostram

153 509 391 552 amicitiam
441 507 677 567 diligenter
721 509 947 564 colerent,
994 523 1072 553 eos
1118 509 1308 553 multum
1345 509 1549 554 laborem

153 606 410 665 suscipere,
447 611 645 648 ceterum
677 620 732 648 ex
772 605 978 648 omnibus
1019 620 1227 650 maxume
1268 611 1387 649 tutos
1437 621 1545 650 esse.

90 709 139 748 13
154 701 293 757 Quod
323 702 368 745 in
399 700 565 744 familia
591 707 739 744 nostra
769 701 875 757 fuit,
907 702 1139 760 praestitit,
1175 702 1238 745 nti
1267 703 1313 745 in
1341 702 1545 747 omnibus

152 798 280 841 bellis
311 796 488 841 adesset
517 797 667 850 vobis3
711 812 794 841 nos
825 797 888 841 uti
926 812 1012 857 per
1048 798 1188 842 otium
1227 799 1308 841 tuti
1340 798 1472 842 simus
1504 799 1548 842 in

88 910 139 952 14
152 910 288 940 manu
321 900 471 938 vostra
503 899 593 949 est,
626 894 782 937 Patres
818 894 1072 953 conscripti.
1142 894 1278 938 Pater
1313 910 1394 939 nos
1432 894 1544 938 duos

151 991 314 1036 fratres
362 990 563 1048 reliquit3
608 991 813 1047 tertium,
858 990 1123 1051 Iugurtham
1143 1024 1154 1046 ,
1192 991 1420 1035 beneficiis
1459 991 1545 1035 suis

151 1094 270 1132 ratus
307 1092 373 1132 est
407 1087 693 1131 coniunctum
721 1087 848 1131 nobis
878 1088 989 1131 fore.
1059 1087 1188 1131 Alter
1228 1103 1382 1131 eorum
1411 1103 1548 1131 neca-

153 1213 341 1250 extorrem,
374 1209 531 1252 inopem,
568 1214 762 1252 coopertum
795 1209 908 1252 effecit
944 1207 1188 1252 praedicatum
1223 1208 1268 1242 sit
1302 1207 1428 1242 obiecti
1460 1208 1550 1242 nihil

150 1271 263 1303 minus
287 1274 654 1313 exspectantem,
678 1280 768 1313 quae
791 1270 902 1304 verba
925 1280 994 1302 non
1016 1268 1246 1313 appositionis
1269 1269 1306 1301 vi
1326 1269 1370 1302 ad
1394 1267 1550 1312 protasia

149 1330 340 1374 pertinent,
375 1330 436 1364 sed
461 1331 628 1374 apodasin
660 1330 843 1374 incipiunt.
891 1331 994 1375 Quae
1018 1334 1212 1374 sequuntur
1234 1335 1274 1363 vt
1300 1330 1410 1363 ubivis
1430 1348 1472 1353 —
1494 1340 1550 1362 es·-

150 1403 244 1433 sem,
274 1391 380 1425 facile
413 1394 539 1424 coeunt
569 1401 649 1425 cum
687 1391 927 1435 praegressis,
956 1391 1061 1426 modo
1094 1395 1213 1425 teneas
1246 1402 1308 1434 per
1342 1388 1550 1434 epexegesin

152 1452 288 1486 adiecta
307 1463 401 1492 esse,
433 1451 535 1484 cuius
556 1451 631 1485 vim
655 1451 801 1493 senties,
837 1452 868 1485 εἰ
891 1456 969 1495 post
991 1453 1105 1496 effecit
1130 1451 1344 1497 cogitatione
1366 1451 1550 1494 suppleve-

151 1513 200 1546 ris
223 1514 275 1547 ita
300 1513 449 1557 quidem.
498 1510 661 1544 ceteram
687 1511 895 1546 Gerlachins
920 1514 1056 1557 efficere
1079 1523 1264 1557 perperam
1289 1510 1426 1555 poetice
1448 1521 1550 1544 usur—

151 1577 272 1616 patum
303 1572 453 1614 iudicat,
488 1571 586 1605 cuius
615 1571 758 1615 propria
796 1573 912 1616 potius
943 1577 1094 1617 potestas
1127 1573 1165 1607 h.
1200 1573 1226 1606 l.
1259 1574 1406 1606 constat.
1462 1571 1552 1603 Vere

151 1633 246 1667 enim
273 1631 473 1676 Herzogius
497 1632 542 1665 ad
567 1632 672 1667 Catil.
698 1632 800 1674 XIV,
833 1633 868 1667 4.
900 1644 934 1676 p.
960 1633 1016 1666 72.
1051 1633 1170 1666 docuit
1203 1633 1299 1675 effici
1332 1632 1377 1665 de
1401 1642 1443 1665 co
1468 1629 1550 1672 dici,

151 1694 242 1737 quod
266 1693 427 1727 adhibito
453 1692 590 1737 studio,
617 1692 750 1734 labore,
774 1693 994 1727 contentione
1017 1697 1052 1727 et
1076 1692 1322 1727 exercitatione
1348 1692 1452 1735 plane
1481 1691 1552 1725 tale

151 1754 297 1797 existat,
328 1753 432 1797 quale
455 1752 490 1785 id
515 1763 590 1786 esse
623 1753 791 1795 velimus,
823 1757 884 1787 aut
917 1764 972 1787 res
1003 1753 1082 1797 ipsa
1112 1753 1288 1794 ostendat3
1323 1753 1371 1786 ct'.
1402 1752 1549 1795 Fragm-

149 1814 243 1849 nist.
274 1815 310 1856 1,
335 1813 401 1855 19,
424 1813 459 1847 3.
485 1824 520 1847 se
553 1825 572 1847 e
602 1819 794 1859 contempto
817 1815 1040 1848 metuendum
1076 1815 1255 1858 effecit.
1281 1812 1328 1848 id.
1352 1812 1411 1853 lv,
1434 1812 1492 1853 12,
1515 1809 1549 1844 8.

150 1876 311 1909 Attalum
333 1875 575 1908 miserrumum
600 1887 774 1909 servorum
800 1877 1026 1918 effecere.
1049 1876 1148 1910 caes.
1174 1875 1217 1908 Β.
1243 1873 1288 1907 G.
1314 1872 1372 1914 lv,
1397 1871 1430 1905 1.
1459 1881 1550 1916 quae

149 1945 204 1968 res
227 1940 262 1969 et
285 1935 351 1969 sibi
373 1946 504 1981 genere
539 1941 573 1970 et
605 1937 813 1981 quotidiana
848 1936 1196 1970 exercitatione
1215 1954 1261 1959 —
1292 1934 1382 1967 vires
1415 1933 1482 1966 alit
1515 1936 1549 1966 et

150 1995 295 2029 immani
318 2005 496 2039 corporum
520 1996 768 2041 magnitudine
803 1997 957 2030 homines
988 1996 1169 2040 efficit.
1205 1995 1252 2028 id.
1276 1994 1320 2027 B.
1346 1994 1384 2029 C.
1407 1993 1468 2034 ln,
1490 1991 1549 2033 84,

149 2054 181 2088 3.
207 2068 297 2100 quae
327 2068 384 2090 res
414 2057 459 2091 in
490 2058 588 2092 dics
621 2059 912 2102 confirmatiorem
949 2058 1022 2091 eius
1055 2056 1242 2090 exercitum
1275 2053 1547 2097 efficiebat,

150 2116 274 2149 Noster
297 2116 400 2151 Catil.
426 2119 534 2160 XLII,
557 2119 591 2152 2.
617 2120 847 2162 festinando,
883 2117 1120 2163 agitando
1154 2117 1308 2150 omnia
1337 2116 1417 2159 plus
1447 2115 1548 2148 timo-

149 2177 198 2211 ris
221 2189 323 2222 quam
347 2179 495 2222 periculi
528 2181 814 2223 effecerant.
838 2197 883 2204 —-
918 2179 970 2211 De
1004 2177 1147 2211 extorris
1180 2175 1345 2209 vocabuli
1373 2176 1491 2208 forma
1513 2185 1547 2207 v.

150 2238 253 2271 Conr.
279 2239 387 2283 Lcop.
423 2240 629 2274 Schneideri
657 2241 819 2275 Gramm.
849 2240 927 2274 Lat.
952 2239 998 2272 Τ.
1019 2239 1046 2272 Ι.
1072 2238 1114 2273 Ρ.
1131 2236 1159 2271 Ῑ.
1193 2248 1228 2280 p.
1250 2236 1295 2269 12
1313 2248 1378 2280 sq„
1414 2236 1459 2269 de
1481 2245 1546 2269 usu

150 2303 184 2332 et
207 2304 384 2334 structura
407 2301 537 2334 Duker.
563 2301 607 2335 ad
631 2300 708 2336 Liv.
732 2302 807 2342 vll,
831 2299 866 2342 4,
889 2298 923 2332 4.
949 2299 1037 2333 Sall.
1061 2299 1208 2342 Fragm.
1233 2296 1323 2331 nist.
1346 2296 1391 2339 n,
1414 2295 1449 2329 6.
1475 2295 1547 2329 Pro

149 2360 257 2393 tutius
292 2360 410 2395 Guelf.
443 2360 501 2394 11.
534 2364 570 2394 et
606 2361 676 2397 1nc.
707 2361 740 2396 1.
765 2362 896 2395 liabent
920 2361 1038 2400 tutior,
1061 2358 1186 2392 scribis
1215 2356 1460 2402 ignorantibus
1484 2354 1546 2389 ubi

149 2429 221 2453 ense
246 2421 392 2454 verbum
415 2421 624 2465 praegnanti
648 2433 747 2456 sensu
780 2422 981 2456 universam
1005 2419 1153 2454 alicuius
1176 2422 1286 2453 status
1309 2415 1548 2451 condicionem

150 2480 420 2523 complectatur,
454 2481 556 2516 istam
593 2482 832 2517 condicionem
863 2480 1023 2526 legitime
1057 2479 1225 2514 adverbio
1258 2476 1481 2523 significan-st
1505 2475 1548 2509 do

149 2552 218 2584 quo
243 2552 306 2575 usu
330 2542 481 2575 diximus
504 2543 548 2576 ad
573 2543 678 2578 Catil.
703 2544 832 2584 mul,
855 2542 891 2577 9.
926 2554 961 2586 p.
985 2539 1056 2574 306
1071 2552 1122 2583 sq.
1157 2543 1191 2573 et
1226 2539 1270 2573 ad
1307 2540 1385 2583 lug.
1409 2537 1486 2579 vu,
1507 2535 1543 2570 6.

149 2603 269 2646 Quare
291 2603 381 2637 hacc
406 2603 455 2637 ita
491 2603 685 2648 capienda:
720 2604 799 2638 dass
831 2602 891 2636 ich
923 2602 1061 2636 fiber-au
1093 2602 1129 2635 in
1155 2601 1250 2635 einer
1272 2598 1446 2634 eichcrem
1475 2596 1545 2629 Ia-

149 2673 197 2707 gc
222 2663 290 2696 bin.

244 2724 277 2764 §-
310 2723 366 2757 12.
412 2725 699 2769 praedicantem]
734 2726 785 2759 Dc
810 2725 983 2768 potestate
1012 2720 1119 2756 huius
1151 2718 1250 2754 verbi
1284 2729 1318 2751 v.
1353 2716 1398 2751 nd
1436 2715 1541 2750 Catil.

152 2785 308 2827 ΧΙΝΙΙΙ,
334 2786 366 2820 9.
390 2797 426 2828 p.
446 2784 525 2819 225.
550 2804 593 2810 -
618 2787 674 2819 Sic
708 2788 791 2819 ante
814 2783 1066 2817 existumabant
1099 2791 1168 2824 qno
1200 2777 1334 2812 dicendi
1360 2787 1424 2811 usn
1450 2775 1544 2819 poni-
