1630 3034
91 170 177 214 122
467 164 513 206 C.
540 155 863 210 S'ALLUSTI
895 162 1115 207 CRISPI

91 283 235 345 ptum
259 296 412 326 vorsus
458 281 594 325 finem
637 281 796 340 imperi
840 280 1044 325 habuere
1082 278 1482 340 CarthaginIense3‚

59 384 203 442 4post
245 379 357 424 aliae
403 378 599 421 Punicae
647 378 795 424 urbes.
885 377 1049 421 Cetera
1096 377 1194 421 loca
1237 391 1378 435 usque
1423 377 1483 420 ad

90 525 284 560 repressum
302 513 337 546 in
354 516 492 556 partem
513 511 611 545 illam
623 536 633 552 ,
658 522 747 555 quae
765 517 815 546 est
842 511 1096 555 Carthaginem
1125 520 1266 551 versus,
1285 512 1484 553 seratur

91 581 127 611 et
143 575 303 619 fluat!
334 573 403 606 Sed
429 571 530 606 unice
564 582 648 605 vera
681 571 814 605 Wussii
846 571 1018 605 sententia
1051 574 1124 614 est,
1157 570 1218 614 qui
1249 570 1396 604 ostendit
1417 569 1485 603 ista

91 637 202 671 verba
225 634 428 680 significare
451 633 772 673 secundummarc,
801 632 858 664 vel
882 632 1004 677 siquis
1020 632 1204 665 secundum
1221 642 1320 664 mare
1342 634 1486 675 pergat,

91 698 168 732 eive
186 698 294 731 maris
313 706 412 728 oram
431 698 609 737 sequatur.
656 692 747 726 Nam
772 697 810 727 ut
833 693 980 727 secundo
989 693 1138 736 flumine
1154 703 1223 725 non
1247 692 1361 726 solum
1375 690 1418 724 de
1442 689 1485 723 iis

91 756 243 798 dicitur,
267 754 329 798 qui
351 754 427 796 ipso
449 752 596 786 flumine
618 753 779 786 deorsum
804 753 987 795 feruntur,
1021 764 1112 797 quae
1137 751 1310 786 Gronovii
1333 754 1385 784 est
1407 761 1486 784 sen-

92 817 201 853 tentia
217 842 228 858 ‚
252 816 312 850 sed
336 814 444 849 etiam
467 814 509 846 de
534 813 597 855 iis,
622 813 684 857 qui
706 813 861 848 fluminis
886 818 1038 848 tractum
1053 814 1129 848 sive
1151 814 1336 847 decursum
1352 812 1388 845 in
1405 811 1485 854 ripa

92 882 301 923 sequuntur,
326 876 373 911 ef.
396 875 496 908 Caes.
522 875 565 908 B.
592 874 638 908 G.
666 874 749 916 Vll,
773 874 831 909 58.
852 879 981 919 refecto
1008 880 1132 919 ponte,
1166 885 1268 919 quem
1298 871 1484 916 superiori-

93 940 155 974 bus
178 939 298 972 diebus
338 937 451 970 hostes
490 936 726 977 resciderunt,
761 938 946 970 fremitum
991 936 1188 970 transducit
1223 939 1258 968 et
1290 931 1486 967 secundo

85 1000 288 1045 flumine
305 997 512 1041 (vernacula
533 997 674 1040 lc‘ings
698 997 794 1030 dem
818 997 999 1040 Flusse)
1023 997 1072 1030 aa
1088 995 1267 1030 Lutetiam
1288 994 1487 1035 iterfecere

91 1060 221 1104 coepit,
245 1059 296 1094 ita
317 1057 409 1092 nihil
433 1057 549 1091 obstat
572 1057 757 1099 quominus
771 1058 931 1092 Sallustii
954 1057 1063 1091 verba
1085 1056 1235 1089 eundem
1258 1065 1398 1089 sensum
1420 1053 1487 1086 ha-

89 1122 206 1155 beant.
256 1119 327 1163 Qui
350 1119 445 1153 enim
467 1119 518 1153 ita
540 1119 607 1153 iter
628 1118 737 1161 facit,
762 1121 801 1151 ut
823 1129 914 1160 non,
936 1116 1046 1151 maris
1069 1127 1132 1151 ora
1154 1116 1296 1156 relicta,
1319 1112 1488 1148 interiora

89 1187 206 1216 terrae
234 1184 352 1225 petat,
386 1181 445 1215 sed
478 1180 555 1225 pari
587 1191 724 1227 semper
756 1178 942 1213 intervallo
975 1189 997 1213 a
1029 1176 1121 1211 mari
1152 1176 1263 1218 absit,
1284 1175 1316 1210 is
1338 1173 1488 1209 seeundo

90 1243 182 1278 mari
205 1242 272 1276 iter
293 1240 392 1276 facit.

188 1302 387 1345 Theraeon]
411 1302 451 1336 ln
473 1301 573 1335 codd.
600 1303 634 1334 et
657 1300 734 1334 edd.
759 1299 922 1333 omnibus
958 1297 1127 1332 scribitur
1153 1298 1332 1337 Ther-eon,
1351 1306 1394 1330 ac
1417 1297 1489 1328 sta-

91 1365 155 1401 tim
190 1368 271 1408 post
303 1363 496 1400 Phile-non3
528 1362 587 1396 sed
621 1361 883 1405 diphthongum
910 1359 1023 1404 poscit
1046 1370 1177 1404 graeca
1198 1356 1373 1392 scribendi
1395 1354 1487 1390 ratio

95 1427 278 1471 Θηραῖοι,
325 1423 513 1465 Φίλαινοι,
554 1433 664 1465 quare
705 1421 812 1455 etiam
854 1420 929 1454 sine
968 1421 1068 1455 codd.
1099 1430 1223 1453 verum
1255 1415 1489 1462 reposuimus.

92 1488 270 1522 Graecam
291 1484 443 1530 genitivi
472 1483 625 1516 formam
657 1483 761 1516 Conr.
793 1483 900 1525 Leop.
937 1480 1175 1515 Schneiderus
1212 1481 1374 1514 Gramm.
1407 1479 1486 1512 Lat.

92 1549 139 1584 Τ.
163 1549 209 1582 11.
234 1548 274 1581 P.
298 1547 323 1580 1.
341 1558 377 1589 p.
409 1543 465 1578 83.
498 1546 592 1577 reete
626 1544 791 1576 observat
822 1542 859 1575 in
890 1541 1086 1575 rarioribus
1117 1544 1254 1575 tantum
1288 1538 1489 1574 nominibus

91 1606 344 1654 geographicis
378 1605 489 1638 fuisse
523 1603 724 1638 admissam.
793 1603 847 1634 De
881 1601 1011 1644 Cyrene
1044 1600 1290 1634 Theraeorum
1322 1596 1486 1637 colonia,

91 1671 199 1706 Batto
232 1668 322 1701 duce
354 1665 411 1700 Ol.
447 1666 607 1699 XXXVI.
631 1663 706 1698 sive
729 1674 761 1697 a.
785 1661 866 1695 631.
892 1672 925 1696 a.
948 1660 1033 1694 Chr.
1058 1672 1091 1693 n.
1115 1659 1271 1700 condita,
1296 1670 1328 1692 v,
1354 1657 1486 1691 Herod.
1553 1650 1558 1654 ’

91 1731 162 1771 lv,
188 1727 257 1763 145
280 1738 355 1770 sqq.
382 1726 499 1760 Strab.
524 1726 643 1766 xvn,
675 1723 710 1756 3.
736 1736 769 1766 p.
794 1722 874 1757 497.
901 1721 1063 1754 Tauchn.
1089 1731 1121 1763 p.
1148 1718 1251 1753 1194.
1277 1720 1322 1754 B.
1346 1719 1401 1752 ed.
1426 1717 1488 1751 Al-

91 1791 222 1825 melov.
255 1788 302 1822 cf.
334 1787 495 1821 Boeckh.
533 1785 577 1819 ad
609 1784 709 1821 Pina.
740 1784 846 1828 l’yth.
872 1783 928 1816 W.
965 1781 1101 1824 Explic.
1132 1792 1166 1824 p.
1190 1779 1272 1814 263.
1298 1778 1380 1812 265.
1406 1778 1488 1812 Car.

91 1851 224 1888 Ritteri
251 1847 456 1894 Geograph.
480 1847 521 1880 P.
547 1847 576 1883 1.
599 1856 690 1889 quae
715 1845 874 1886 Africam
899 1842 1166 1885 complectitur,
1198 1852 1231 1884 p.
1256 1840 1328 1874 915
1343 1858 1388 1864 -
1406 1838 1487 1874 949.

91 1911 271 1948 Mannerti
304 1911 435 1952 Geogr.
470 1909 597 1942 Graec.
638 1909 673 1939 et
705 1905 810 1938 Rom.
849 1904 944 1936 Tem
975 1904 1018 1936 X.
1053 1903 1093 1948 13.
1128 1902 1169 1936 11.
1206 1913 1240 1945 Ρ.
1265 1900 1311 1935 5Ἰ
1342 1911 1417 1943 sqq.
1442 1918 1488 1924 —

93 1976 211 2018 Syrtes
234 1983 277 2006 ae
301 1971 495 2004 Philaenon
515 1979 598 2002 aras
617 1967 711 2001 intra
727 1964 924 2000 accuratius
940 1963 1108 1998 describit
1123 1966 1246 1997 auctor
1261 1973 1291 1995 c.
1309 1960 1490 1996 Lxan

93 2039 128 2070 et
152 2033 324 2074 mmm
348 2031 408 2065 sed
430 2041 534 2074 quem
558 2027 754 2062 Philaenon
779 2025 850 2059 aris
882 2025 999 2058 locum
1032 2024 1092 2058 hic
1127 2023 1303 2069 assignat,
1335 2021 1489 2055 multum

94 2096 254 2129 diversus
285 2093 425 2127 videtur
460 2092 506 2125 ab
539 2101 602 2131 eo,
637 2098 741 2131 quem
776 2085 900 2120 relicui
932 2085 1119 2129 scriptores
1154 2094 1293 2118 summo
1323 2093 1489 2116 consensu

94 2157 246 2192 tradunt.
293 2153 385 2189 Nam
415 2152 477 2197 qui
510 2152 578 2184 has
610 2160 689 2185 uras
720 2150 1017 2188 commemorant,
1049 2146 1146 2179 velut
1177 2144 1326 2178 Ptolem.
1359 2142 1430 2184 lv,
1453 2142 1488 2179 4.

92 2217 224 2252 Strabo
250 2215 366 2256 xvn,
389 2213 424 2247 3.
451 2225 483 2257 Ρ.
509 2211 589 2246 495.
614 2209 775 2244 Tauchn.
800 2221 834 2251 Ρ.
861 2207 964 2242 1193.
988 2207 1030 2242 Β.
1054 2207 1109 2240 ed.
1146 2205 1319 2239 Almelov.
1344 2203 1440 2237 Mela
1460 2204 1488 2246 l,

93 2278 130 2313 7.
153 2277 246 2311 Plin.
270 2277 317 2312 H.
342 2274 384 2309 N.
410 2275 461 2318 V,
485 2273 520 2307 4.
545 2271 740 2306 clarissime
763 2270 886 2302 docent
909 2278 967 2301 cns
1003 2266 1038 2300 in
1069 2270 1225 2301 extremo
1260 2264 1339 2299 sinu
1373 2263 1490 2308 Syrtis

95 2348 247 2383 magnae
263 2361 275 2378 ,
297 2347 368 2380 qua
393 2335 485 2370 inter
508 2331 778 2377 septentrionem
803 2334 836 2364 et
861 2328 1031 2362 orientem
1056 2328 1100 2362 ad
1130 2328 1282 2361 Baream
1312 2328 1347 2359 et
1380 2325 1490 2368 Cyre·

96 2399 236 2433 naicam
271 2395 406 2441 vergit,
439 2393 522 2427 sitas
553 2403 648 2432 esse,
682 2401 794 2435 neque
826 2390 898 2423 alio
934 2389 1011 2422 loco
1041 2391 1172 2431 ponunt
1203 2384 1429 2426 recentiores,
1453 2388 1490 2419 ut

96 2457 274 2493 Cellarius
308 2456 392 2490 Not.
426 2453 513 2489 orb.
545 2455 615 2488 ant.
646 2452 713 2492 lv,
746 2451 782 2484 3.
813 2461 847 2494 p.
882 2448 966 2484 855.
999 2450 1053 2482 cd.
1093 2449 1212 2482 Schw.
1257 2445 1489 2487 D‘Anviuius,

99 2517 316 2556 ilem-cuius,
349 2516 431 2549 Gur.
464 2513 624 2549 Ritterus
659 2512 782 2556 Africa
814 2524 849 2555 p.
883 2510 964 2545 934.
998 2509 1176 2543 Sicklerus
1207 2508 1338 2552 Geogr.
1362 2509 1430 2542 ant.
1455 2518 1488 2551 Ρ.

99 2578 181 2613 820.
214 2577 288 2611 alii.
348 2577 399 2610 Ex
431 2574 589 2609 Sallustii
625 2577 743 2608 autem
776 2571 892 2606 verbi-1
926 2569 1090 2604 coniicias
1113 2581 1193 2603 cum
1219 2573 1296 2612 post
1317 2556 1489 2602 minorem

101 2640 244 2674 demum
268 2636 425 2681 Syrtim,
451 2640 513 2670 nul.
537 2639 630 2669 certo
653 2639 732 2677 post
754 2632 891 2675 Leptim
915 2642 1082 2675 magnum
1107 2631 1171 2664 has
1194 2641 1274 2678 aras
1294 2629 1489 2669 collocarc3

101 2710 184 2735 nam
218 2698 286 2733 isto
321 2696 442 2732 ordine
472 2695 661 2738 procedere
685 2693 759 2728 eius
783 2692 1018 2726 narrationem
1041 2691 1223 2726 ostendunt
1245 2690 1355 2724 verba
1374 2690 1491 2734 prima

111 2779 147 2784 >—
174 2771 216 2794 ac
234 2759 393 2802 ‹Leinccpn
410 2777 444 2782 -—
472 2756 596 2791 deinde
615 2775 657 2782 --
672 2760 772 2799 post,
798 2766 909 2797 eoque
933 2754 1129 2788 Glareanus
1162 2751 1328 2786 Nostrum
1361 2750 1489 2784 errori-
