1630 3034
403 203 745 248 CATILINA.
795 205 934 250 CAP.
963 204 1097 249 XVII.
1380 211 1438 252 83

50 320 180 367 Servi
208 321 320 377 filii,
355 320 409 366 L.
446 320 771 381 Vargunteius,
817 321 875 377 Q.
909 322 1100 378 Annius,
1145 321 1214 367 Μ.
1249 322 1436 369 Porcius

49 412 226 468 Laeca,
271 413 327 456 L.
360 412 536 468 Bestia,
572 411 630 468 Q.
661 411 848 465 ’Curius;
883 420 1118 473 praeterea
1152 427 1207 459 ex
1240 416 1474 473 equestri4

51 501 210 547 ordine
243 502 312 547 M.
346 502 530 547 Fulvius
563 501 786 559 Nobilior,
821 504 875 551 L.
897 504 1107 561 Statilius,
1142 504 1194 552 P.
1216 503 1435 550 Gabinius

49 593 236 654 Capito,
281 592 333 640 C.
370 593 628 647 Cornelius;
675 593 735 639 ad
756 593 862 641 :hoc
907 594 1039 639 multi
1077 608 1133 640 ex
1167 596 1351 642 coloniis
1391 603 1437 642 et

47 758 103 793 lta
125 758 212 794 dixit
233 760 310 805 Ing.
328 759 372 803 n,
392 758 427 794 4.
460 759 654 800 οῖανὶτῑιᾶος
686 759 778 793 Gen.
799 759 896 800 xm,
914 759 948 793 3.
980 761 1089 794 refert
1115 761 1319 804 suavitudo,
1354 773 1437 796 san-

49 817 200 858 ctitudo,
223 817 443 860 acerbituclo,
473 817 658 857 acritudo3
694 817 769 851 Cic.
793 817 837 850 de
859 817 902 852 N.
927 818 970 852 Ι).
994 818 1022 858 1,
1040 817 1097 851 34.
1130 816 1294 860 fluctuat,
1317 823 1437 854 utrum

49 874 233 908 dicendum
266 875 311 908 sit
335 876 483 910 beatitas
516 887 562 910 un
594 871 798 914 beatitu1105
828 873 945 909 Plaut.
970 878 1058 909 teste
1087 875 1193 909 Festo
1227 874 1315 908 dixit
1338 877 1437 909 cam·⁴

49 933 157 973 tudo,
181 936 215 966 et
230 926 332 975 vapud
354 933 445 967 Non.
465 932 509 974 II,
534 944 567 966 n.
587 930 670 965 399.
707 931 911 966 hilaritudo.
966 931 1050 965 inde
1080 935 1178 976 patet
1211 931 1437 967 necoesitudi-

48 999 128 1022 nem
150 989 244 1022 idem
268 1000 344 1022 esse
367 990 458 1032 quod
489 989 746 1031 necessitate-rh,
779 998 892 1033 neque
913 993 1007 1023 recte
1029 987 1230 1023 charisium
1253 989 1281 1031 1,
1315 999 1351 1034 p.
1377 989 1436 1024 76.

50 1046 235 1080 discrimen
256 1050 419 1080 statuere.
441 1057 474 1081 v.
501 1045 616 1079 Beier.
641 1045 685 1079 ad
711 1045 782 1079 Ost.
806 1045 832 1088 1,
851 1045 909 1087 21,
926 1046 985 1079 70.

140 1105 173 1146 ἓ.
198 1103 232 1138 3.
283 1103 321 1136 Ρ.
346 1103 513 1137 Lentulus
535 1103 646 1146 Sura]
673 1102 755 1135 Fuit
779 1113 820 1135 ex
845 1101 1041 1137 clarissima
1064 1106 1167 1148 gente
1179 1101 1436 1145 Corneliorum,

52 1160 130 1194 Cat.
154 1162 227 1202 LV,
251 1160 285 1195 6.
320 1171 426 1204 nepos
450 1160 490 1193 P.
515 1159 672 1200 Lentuli,
705 1157 765 1203 qui
789 1160 947 1203 princeps
970 1160 1119 1193 Senatus
1143 1160 1277 1200 fuerat,
1297 1160 1374 1194 Cic.
1398 1160 1434 1194 in

52 1217 130 1250 Cat.
159 1217 222 1258 111,
248 1216 285 1251 5.
324 1214 553 1250 Consulatum
583 1217 692 1261 gessit
715 1227 795 1250 cum
828 1216 892 1251 Cn.
916 1217 1056 1251 Aufidio
1088 1216 1210 1250 Oreste
1244 1226 1277 1251 a.
1309 1217 1367 1251 72.
1400 1228 1433 1251 a.

53 1274 136 1308 Chr.
159 1285 192 1308 n.
217 1274 278 1308 sed
301 1283 391 1308 anno
414 1276 577 1316 sequente
599 1274 644 1307 ob
667 1274 801 1308 furtum
825 1274 952 1308 aerarii
975 1278 1097 1308 senatu
1116 1278 1230 1308 motus
1251 1279 1315 1316 est,
1340 1275 1434 1308 Plut.

50 1331 258 1365 vita‘Cicer.
283 1331 387 1365 0017.
423 1331 553 1363 Postea
583 1331 696 1364 denuo
717 1334 875 1374 receptus
898 1335 1065 1374 praetura
1088 1331 1227 1365 functus
1260 1335 1310 1364 est
1333 1332 1435 1365 Cice-

50 1398 135 1422 rone
159 1389 307 1423 Consule
318 1398 335 1430 ,*
352 1389 429 1421 Cat.
451 1387 572 1429 XLVI,
593 1387 627 1421 5.
652 1387 726 1421 Cic.
751 1382 802 1421 or.
827 1387 862 1421 in
888 1387 989 1421 catil.
1016 1388 1078 1430 III,
1097 1388 1133 1430 6,
1151 1387 1207 1421 14.
1265 1387 1350 1422 Fuit
1370 1399 1436 1422 au-

51 1449 122 1479 tem
158 1446 265 1478 homo
299 1444 389 1478 tardi
413 1444 545 1488 ingenii
575 1448 610 1478 et
633 1444 794 1489 gerendis
816 1445 922 1478 rebus
945 1444 1083 1488 impar,
1121 1445 1192 1478 Cic.
1218 1455 1271 1479 or.
1298 1444 1334 1478 in
1356 1446 1433 1480 cat.

49 1502 110 1544 111,
127 1501 162 1545 7,
182 1502 259 1544 16„
283 1502 343 1534 sed
366 1506 483 1535 tamen
506 1500 632 1536 stolide
655 1502 767 1535 elatus
791 1504 824 1535 et
847 1500 1147 1545 superstitionibus
1171 1502 1319 1544 deditus,
1345 1503 1433 1537 San.

49 1559 124 1594 cat.
149 1559 287 1600 XLVII,
304 1558 338 1592 2.
369 1558 497 1598 LVIII,
515 1558 549 1592 4.
595 1559 749 1593 Formae
771 1558 979 1603 dignitatem
1011 1559 1048 1592 in
1071 1569 1112 1592 eo
1135 1570 1303 1603 magnam
1328 1559 1436 1594 fuisse

49 1619 196 1651 testatur
219 1616 342 1650 Cicero
367 1615 402 1648 in
426 1616 563 1657 Bruto,
597 1626 627 1649 c.
659 1616 717 1657 66,
744 1615 825 1650 235.
845 1635 889 1640 -—
932 1617 987 1649 De
1012 1615 1050 1649 P.
1075 1617 1243 1650 Autronio
1275 1617 1321 1650 cr.
1346 1627 1436 1660 quae

50 1673 140 1708 Sall.
162 1673 240 1718 ipse
261 1674 366 1708 affert
388 1685 471 1717 cap.¹
487 1677 658 1717 sequente.
707 1672 818 1707 Plura
840 1672 884 1706 de
906 1672 981 1706 eius
1002 1672 1160 1716 nequitia
1181 1674 1290 1707 refert
1313 1674 1436 1708 Cicero

49 1741 83 1774 p.
109 1731 231 1774 Sulla,
253 1743 283 1765 c.
301 1732 335 1773 2,
354 1731 389 1766 7.
413 1731 448 1773 6,
467 1731 523 1765 18.
554 1735 588 1764 et
612 1730 770 1774 pluribus
792 1728 897 1763 huius
921 1728 1089 1763 orationis
1107 1729 1207 1764 locis.
1227 1749 1272 1756 —
1296 1731 1436 1766 ficas*

48 1788 120 1822 sius
143 1786 343 1834 Longinus,
376 1787 552 1822 Ciceronis
582 1788 618 1821 in
642 1788 825 1821 consulatu
847 1786 1071 1829 competitor,
1104 1789 1192 1821 teste
1214 1788 1367 1823 Asconio
1391 1789 1437 1823 ad

50 1844 113 1880 Or.
137 1850 259 1880 contra
282 1847 320 1880 C.
345 1845 470 1879 Anton.
496 1849 530 1878 et
553 1845 592 1879 L.
618 1845 744 1886 canit,
769 1845 878 1885 homo
902 1844 970 1878 fuit
994 1843 1086 1877 iners
1109 1846 1143 1877 et
1166 1844 1295 1878 nullius
1321 1845 1436 1879 conei³

48 1901 110 1945 lii3
135 1903 181 1937 cf.
208 1903 282 1937 Cic.
306 1903 342 1937 in
366 1902 470 1937 Catil.
486 1903 548 1944 111,
559 1902 592 1942 7,
602 1901 659 1935 16.
701 1902 799 1935 Idem
815 1901 852 1934 in
876 1904 1054 1945 postrema
1077 1899 1315 1936 coniuratione
1338 1902 1436 1936 urbis

47 1957 281 1994 incendendae
311 1958 594 2004 procurationem
627 1957 694 1992 sibi
726 1958 987 2002 depoposcerat.
1020 1968 1055 1990 v.
1079 1957 1164 1991 ibid.
1199 1969 1229 1991 c.
1249 1959 1283 2001 6,
1307 1960 1364 1994 14.
1387 1975 1437 1986 --

50 2017 89 2050 G.
115 2017 308 2062 Cethegus,
341 2029 422 2051 cum
445 2017 592 2051 Lentulo
614 2015 775 2060 princeps
799 2015 1066 2058 coniurationis,
1100 2015 1201 2051 catil.
1224 2016 1378 2059 XLVIII,
1399 2015 1434 2049 4.

50 2073 172 2116 XLIV,
194 2074 226 2109 1.
241 2098 252 2116 ,
281 2074 385 2107 nimis
408 2074 524 2108 calida
547 2071 693 2108 consilia
714 2083 851 2116 semper
872 2073 1053 2117 agitabat,
1078 2072 1183 2108 catil.
1207 2073 1328 2114 XLIII,
1345 2073 1378 2107 3.
1397 2072 1430 2106 4.

49 2130 122 2164 cic.
156 2141 207 2164 or.
243 2130 279 2164 in
302 2129 405 2164 Catil.
432 2131 496 2173 111,
522 2129 557 2171 7,
588 2130 645 2164 16.
687 2130 774 2164 Sall.
798 2130 874 2163 Cat.
898 2130 939 2171 L,
963 2131 997 2163 2.
1025 2147 1068 2154 --
1103 2130 1157 2164 De
1200 2130 1237 2165 P.
1263 2131 1361 2164 Sulla
1385 2131 1434 2164 cf.

48 2199 81 2222 c.
99 2188 223 2229 XVIII,
240 2188 274 2221 2.
317 2188 435 2231 Quum
459 2198 481 2221 a
502 2187 543 2221 L.
563 2187 748 2231 Torquato
781 2187 824 2220 de
857 2186 1096 2220 coniuratione
1126 2189 1307 2220 accusatus
1330 2190 1432 2230 esset,

51 2244 175 2279 Cicero
199 2256 281 2279 eum
305 2245 557 2279 defendendum
581 2245 755 2288 suscepit,
777 2254 867 2287 quae
889 2243 1002 2277 oratio
1024 2254 1088 2287 pro
1112 2243 1215 2277 Sulla
1237 2243 1336 2278 nobis
1359 2254 1434 2278 ser-

50 2305 133 2335 vata
154 2304 217 2336 est.
261 2313 294 2337 v.
319 2302 469 2336 Ernestii
492 2303 591 2336 Clav.
626 2301 699 2335 Cic.
727 2321 774 2326 —
821 2300 1076 2345 Vargunteius,
1109 2300 1360 2335 audacissimus
1390 2312 1433 2336 ex

51 2358 262 2401 coniuratis,
302 2359 478 2394 Ciceronis
516 2357 746 2393 interficiendi
786 2367 914 2391 munus
962 2357 998 2390 iu
1039 2368 1078 2390 se
1117 2362 1315 2401 receperat,
1355 2358 1433 2393 Cat.

50 2413 210 2455 XXVIII,
229 2415 263 2449 1.
296 2416 406 2450 Plura
429 2417 472 2450 de
495 2428 536 2451 eo
560 2415 783 2460 reperiuntur
804 2416 841 2449 in
864 2415 937 2448 Cic.
963 2425 1014 2448 or.
1038 2426 1072 2458 p.
1097 2413 1209 2451 Sulla.
1259 2416 1308 2448 M.
1336 2415 1432 2449 Porc.

51 2471 172 2505 Laeca
201 2478 409 2507 conventum
431 2474 693 2508 coniuratorum
725 2472 821 2506 domi
851 2483 935 2506 suae
957 2471 1104 2513 habuit,
1137 2472 1212 2505 Cat.
1232 2471 1372 2513 XXVII,
1397 2470 1432 2504 4.

52 2529 100 2562 ct'.
127 2529 170 2562 de
192 2540 233 2562 eo
265 2529 338 2565 Cic.
370 2543 404 2575 p.
423 2532 523 2565 Sulla
545 2530 580 2572 2,
599 2530 633 2564 6.
671 2540 722 2563 or.
748 2530 784 2563 in
809 2530 884 2563 Cat.
911 2529 940 2569 1,
970 2529 1004 2570 4,
1030 2528 1064 2563 8.
1123 2529 1163 2562 In
1186 2528 1307 2562 multis
1330 2528 1432 2563 codd.

51 2584 217 2618 scribitur
239 2586 349 2629 Leca,
379 2589 435 2622 vel
458 2588 591 2629 Lecca,
624 2587 683 2621 sed
708 2586 826 2621 Laeca
848 2586 1168 2631 antiquissimorum
1191 2589 1435 2620 monumento-

51 2645 132 2676 rum
155 2644 361 2678 auctoritate
382 2645 515 2680 nititur.
540 2664 587 2670 —-
618 2643 759 2678 Relicui
783 2644 896 2678 minus
919 2642 995 2677 noti
1021 2646 1124 2683 sunt3
1163 2643 1206 2686 Q.
1235 2644 1357 2678 Curius
1381 2647 1436 2677 ta-

53 2709 134 2733 men
158 2701 423 2747 memorabiffi,
458 2701 550 2746 quod
573 2712 635 2746 per
657 2701 822 2737 Fulviam
845 2700 1121 2738 coniurationem
1146 2701 1306 2745 aperuit,
1331 2699 1438 2736 Catil.

1064 2759 1161 2803 6*
