1630 3034
213 132 270 174 70
823 97 994 169 1NDEx'

218 246 311 281 Quam
330 244 484 276 omissum
500 246 575 285 post
589 241 733 282 amplius,
749 242 832 282 plus,
851 242 962 279 minus,
981 237 1022 273 C.
1042 238 1097 279 56,
1115 238 1148 273 2.
1197 237 1222 272 Ι.
1243 237 1298 277 68,
1317 238 1348 271 3.

218 301 313 336 Quam
326 303 403 331 ante
421 297 679 341 comparativum
696 296 903 333 collocatum,
928 295 953 328 Ι.
973 295 1030 335 33,
1049 294 1081 328 3.

218 356 416 397 Quamplures
433 353 646 398 improbanda
663 352 779 391 forma,
805 349 845 384 C.
866 351 920 391 19,
938 351 971 385 2.

218 411 407 452 Quamquam
423 420 495 442 cum
512 409 735 448 coniunctivo,
758 408 784 441 Ι.
805 408 837 448 3,
854 408 887 442 2.

218 467 408 507 Quamquam
420 476 483 498 non
496 466 619 508 ubique
637 465 761 507 excipit
777 463 942 507 particula
959 467 1070 503 lamen,
1094 462 1119 496 Ι.
1138 462 1195 503 26,
1212 462 1245 496 2.
1295 461 1351 502 33,
1368 462 1402 495 2.
1451 460 1506 502 39,
1524 462 1556 495 5.

218 523 407 563 Quamquam
423 523 496 554 sine
514 521 661 565 apodosi,
687 519 713 554 Ι.
732 520 788 560 85,
805 520 858 553 15.

218 579 408 619 Quamquam
422 595 469 602 ——
485 582 545 609 tum
559 588 642 617 vero,
660 577 683 609 Ι.
705 576 759 616 94,
779 576 812 610 3.

218 636 358 671 Quamvis
376 645 448 667 curn
466 634 643 667 adiectivis
661 637 697 666 et
712 633 882 665 adverbiis
901 632 1122 671 coniunctum,
1149 627 1190 663 C.
1208 629 1264 670 23,
1283 630 1315 662 6.

220 691 346 726 Quando
360 690 394 722 vi
411 690 558 722 caussali
575 690 728 733 positum,
746 688 771 720 I.
789 688 865 728 102,
885 687 916 720 9.

218 747 344 782 Quando
361 750 395 778 et
411 747 553 786 quoniam
571 745 722 785 confusa,
747 744 772 777 Ι.
794 744 870 784 102,
886 744 918 777 9.

221 803 347 837 Quando
365 807 400 835 et
417 806 527 843 quanto
546 801 697 841 confusa,
723 800 747 833 Ι.
769 800 846 841 102,
862 800 894 833 9.

218 858 413 894 Quantumin
431 859 656 901 comparativa
675 857 854 896 sententia,
881 855 907 889 Ι.
927 855 982 895 31,
1000 855 1056 891 22.
1105 856 1161 895 85,
1180 855 1235 890 23.

218 915 367 950 Quantum
382 924 439 957 pro
454 916 588 954 quando,
605 918 680 957 post
693 912 963 956 comparativum,
987 911 1012 944 Ι.
1028 911 1083 951 85,
1100 911 1156 945 21.

219 970 313 1006 Quasi
324 970 431 1002 mollit
447 970 696 1011 insolentiorem
714 969 901 1007 dictionem,
919 967 944 1000 Ι.
964 967 1020 1007 41,
1037 967 1093 1001 20.

220 1026 313 1061 Quasi
330 1026 352 1058 i.
372 1036 402 1068 q.
420 1026 566 1065 circiter,
585 1025 668 1065 sere,
694 1022 720 1057 Ι.
737 1024 792 1064 48,
811 1024 844 1057 3.
893 1024 948 1063 54,
968 1022 999 1056 1.

219 1082 313 1117 Quasi
328 1093 396 1113 vero
407 1082 532 1114 ironiae
548 1082 702 1120 inservit,
730 1077 769 1113 C.
791 1080 846 1119 52,
866 1079 918 1113 15.

218 1138 280 1174 Que
295 1138 459 1170 interdum
478 1138 603 1170 excidit
620 1142 698 1169 ante
714 1147 802 1178 quae,
829 1134 922 1177 Cs3,
938 1137 970 1169 5.
1019 1135 1044 1168 Ι.
1064 1135 1120 1176 27,
1139 1138 1171 1169 5.

218 1194 279 1229 Quo
296 1194 318 1226 i.
337 1204 368 1236 q.
384 1198 410 1225 et
425 1197 597 1234 propterea,
624 1190 664 1226 C.
681 1193 713 1233 3,
733 1193 765 1226 5.
812 1193 869 1233 48,
888 1192 919 1226 6.
968 1192 992 1226 Ι.
1013 1192 1045 1232 9,
1065 1192 1097 1226 3.
1147 1193 1202 1232 95,
1219 1194 1250 1225 4.

218 1250 279 1285 Que
296 1251 361 1282 vim
379 1249 614 1292 explicativam
633 1250 746 1289 habet,
775 1247 814 1282 C.
845 1250 878 1289 4,
896 1250 929 1283 2.
981 1249 1035 1288 19,
1052 1249 1086 1282 2.
1134 1248 1159 1282 1.
1178 1249 1211 1289 2,
1231 1248 1264 1282 3.
1311 1249 1368 1289 2”,

219 1307 279 1341 Que
297 1316 360 1337 non
378 1306 551 1347 coniungit
567 1306 736 1338 adiectiva
754 1305 909 1338 diversae
928 1306 1084 1345 notionis,
1110 1305 1136 1338 I.
1155 1306 1211 1345 53,
1231 1306 1261 1338 5.
1311 1304 1330 1337 7

218 1362 279 1397 Que
296 1362 317 1394 i.
335 1372 364 1404 q.
384 1366 418 1394 et
434 1363 578 1404 quidem,
602 1362 627 1394 Ι.
650 1360 705 1401 79,
725 1361 756 1394 3.

219 1418 279 1452 Qua
293 1418 327 1450 in
345 1418 623 1450 disiunctionibus
641 1428 698 1461 pro
713 1429 758 1457 ve,
787 1414 828 1450 C.
847 1417 880 1457 8,
899 1417 931 1450 1.
982 1417 1034 1455 14,
1054 1418 1087 1450 4.

217 1473 279 1509 Oue
296 1475 318 1506 i.
335 1484 365 1516 q.
387 1475 488 1513 etiam‚
507 1474 531 1507 I.
553 1474 607 1513 98,
626 1475 658 1507 4.

218 1530 278 1564 One
296 1541 360 1573 qua
378 1531 506 1563 ratione
524 1531 692 1563 variarum
710 1530 949 1573 particularum
967 1531 1034 1562 vim
1052 1530 1176 1562 hahere
1192 1531 1309 1573 possit,
1337 1527 1377 1563 G.
1398 1532 1431 1570 4,
1449 1531 1481 1563 2.

217 1585 278 1620 Qua
296 1587 450 1618 omissum
467 1591 541 1629 post
558 1586 717 1618 nonnulla
734 1586 914 1625 adiectiva,
935 1583 975 1618 C.
997 1586 1050 1625 15,
1071 1586 1100 1619 1.
1151 1585 1206 1626 57,
1223 1586 1252 1620 1.
1302 1586 1327 1620 Ι.
1349 1586 1404 1627 66,
1423 1586 1456 1620 1.

217 1641 277 1676 Qua
294 1642 513 1685 interceptum
531 1647 692 1683 sequente
712 1652 727 1672 ο
747 1641 872 1681 littera,
897 1642 921 1675 Ι.
945 1643 1000 1682 35,
1018 1643 1050 1676 2.
1101 1642 1156 1681 35,
1176 1642 1208 1675 6.
1258 1642 1314 1682 38,
1332 1643 1364 1676 9.
1415 1642 1469 1683 79,
1487 1642 1521 1676 3.

216 1697 277 1732 Quc-
293 1716 331 1721 —
351 1707 408 1738 que
424 1699 522 1729 etiam
540 1698 571 1728 in
589 1706 687 1740 prosa
705 1697 853 1729 oratione
871 1698 1011 1738 licitum,
1038 1697 1064 1731 1.
1087 1698 1140 1739 10,
1159 1699 1190 1730 2.
1244 1698 1319 1738 100,
1338 1700 1370 1733 5.

216 1753 333 1787 Que—
351 1757 376 1785 et
393 1753 601 1785 abundanter
616 1763 672 1794 pro
690 1752 830 1794 simplici
849 1757 888 1791 et,
906 1751 931 1785 Ι.
952 1753 1007 1791 81,
1027 1755 1060 1786 2.

215 1809 271 1843 Qui
288 1809 562 1849 interrogativum
581 1813 614 1840 et
631 1808 834 1841 indefinitum
853 1810 1020 1841 diversum
1040 1821 1058 1842 a
1077 1811 1156 1850 quis,
1176 1807 1216 1842 C.
1241 1810 1295 1842 44.
1316 1812 1346 1842 5.

215 1863 271 1898 Oui
288 1866 444 1906 antiquus
463 1865 631 1896 ablativus
649 1865 736 1896 unde
754 1865 946 1903 descendat,
963 1862 1002 1897 C.
1024 1865 1078 1904 51,
1096 1866 1152 1898 24.

216 1920 291 1955 Quia
310 1921 467 1963 quomodo
486 1920 618 1952 ‹lissei-at
635 1930 653 1952 a
673 1922 765 1960 quod,
791 1920 816 1952 Ι.
836 1920 892 1959 80,
912 1919 945 1952 6.
997 1919 1073 1957 102,
1095 1920 1126 1951 7.

214 1977 289 2011 Ouia
308 1977 340 2008 in
361 1977 412 2016 qui
431 1976 658 2018 depravatum,
685 1975 710 2008 Ι.
732 1975 785 2014 16,
801 1975 837 2009 2.

215 2031 291 2066 Quia
309 2041 380 2063 cum
398 2032 610 2064 coniunctivo
628 2033 788 2070 iunctum,
815 2031 839 2064 Ι.
861 2031 915 2071 98,
935 2031 965 2063 6.

213 2087 289 2122 Quia
307 2092 341 2120 et
359 2098 418 2128 qua
436 2088 587 2126 confusa,
613 2087 637 2120 Ι.
662 2087 737 2126 110,
757 2087 788 2118 3.

213 2143 385 2184 Quicunque
402 2144 498 2175 tmesi
517 2144 729 2182 disiunctum,
757 2140 798 2176 C.
823 2145 854 2178 5.
873 2145 903 2176 4.

212 2199 384 2240 Quicunque
401 2204 435 2231 et
452 2201 594 2240 quicquid
625 2210 696 2232 cuin
715 2200 895 2232 indicativo
914 2201 1072 2239 iunctum,
1100 2198 1141 2234 C.
1162 2201 1216 2239 52,
1236 2203 1267 2234 5.

211 2255 385 2295 Quicunque
402 2260 436 2288 et
453 2258 579 2296 quisque
598 2255 748 2293 confusa,
768 2252 807 2288 C.
829 2256 883 2292 39,
904 2256 934 2287 6.

212 2312 336 2345 Quidem
353 2312 539 2354 particulae
558 2323 641 2354 quae
661 2313 792 2355 propria
812 2313 862 2344 vis
880 2313 936 2346 sit.
964 2312 987 2345 l.
1009 2312 1063 2352 51,
1085 2313 1116 2345 5.

211 2368 334 2402 Quidem
359 2372 435 2399 ante
453 2372 552 2399 tamen
569 2369 736 2407 omissum,
756 2365 796 2401 C.
817 2368 872 2406 61.
893 2368 924 2401 3.

210 2423 326 2456 Quieies
343 2423 482 2466 pluralis
502 2434 564 2466 quo
583 2434 683 2456 sensu
703 2425 811 2456 dictus
830 2425 886 2461 sit,
915 2421 954 2456 C.
979 2424 1032 2461 15,
1053 2425 1082 2456 4.

211 2479 337 2511 Quilibet
354 2480 448 2511 tmesi
468 2480 682 2514 disiunctum,
701 2477 742 2512 C.
764 2481 796 2519 5,
817 2481 848 2512 4.

210 2535 283 2568 Quin
304 2535 334 2566 in
354 2535 580 2580 cohortatione
599 2546 669 2567 cuin
690 2536 870 2568 indicativo
888 2536 1111 2571 coniunctum.
1138 2534 1254 2571 0.·20.
1277 2538 1328 2570 Η.

209 2589 323 2630 Quippe
340 2592 390 2630 qui
407 2601 477 2623 cuin
497 2591 678 2624 indicativo
696 2596 729 2624 ct
747 2592 958 2625 coniunctivo
976 2593 1196 2631 coniunctum,
1223 2590 1262 2625 C.
1286 2594 1340 2628 48,
1359 2595 1390 2626 2.

209 2645 324 2686 Quippe
341 2651 373 2677 ct
393 2648 503 2687 quippe
519 2649 581 2687 qui,
599 2647 624 2681 1.
645 2647 675 2680 1.
693 2648 724 2679 3.
