1630 3034
426 146 762 191 CATILINA.
834 145 965 188 CAP.
998 145 1145 187 XLIII.
1406 150 1488 189 199

99 261 210 309 tium
245 267 567 319 exsequeretur.
638 261 731 305 Sed
766 277 818 304 ea
867 260 1006 306 divisa
1040 260 1134 305 hoc
1169 259 1308 305 modo
1356 260 1482 305 dice-
1508 270 1536 308 2

99 353 285 410 bantur,
331 353 525 397 Statilius
561 358 604 397 et
639 353 856 397 Gabinius
890 352 955 395 uti
989 367 1091 397 cum
1138 367 1304 411 magna
1346 341 1480 396 manu

100 443 341 490 duodecim
387 444 516 488 simul
564 451 820 504 opportuna
862 444 966 490 loca
1011 443 1132 486 urbis
1176 442 1478 499 incenderent,

98 598 193 641 plere
223 597 332 632 iubet.
390 598 552 631 ceterum
586 608 724 632 comma
767 598 977 640 delevimus,
1011 608 1055 631 ne
1089 597 1167 640 quis
1205 596 1360 639 dubitet,
1396 597 1479 640 quin

98 655 244 688 ablativi
267 666 346 689 cum
371 655 477 689 verbo
502 654 732 699 coniungendi
763 655 842 689 sint.
864 675 910 682 υ-
946 655 1073 689 Statim
1107 658 1185 698 post
1206 655 1361 699 Langius
1384 655 1478 688 male

97 711 271 745 coniunxit
313 713 494 746 multitudo
535 714 799 756 coniurationis,
835 724 937 757 quem
981 712 1176 758 genitivum
1216 712 1261 746 ad
1298 713 1478 757 negotium

94 759 266 812 pertinere
289 779 357 802 non
391 769 535 802 difficile
559 774 609 804 est
632 771 675 804 ad
699 771 898 805 videndum.
946 771 1134 805 Praeterea
1165 772 1218 803 sat
1249 769 1352 803 multi
1374 769 1473 802 codd.

93 837 257 870 perverse
280 827 445 859 exhibent
473 837 569 859 suum
595 840 769 873 quaeque,
806 828 905 873 quasi
929 828 1049 871 plures
1072 826 1310 863 multitudines
1332 827 1473 861 fuerint.

92 882 257 916 Defendit
281 887 395 917 tamen
416 884 632 928 Herzogius,
663 887 818 929 adeoque
848 887 988 931 quisque
1017 896 1061 918 ne
1093 885 1178 919 ferri
1210 884 1350 928 quidem
1374 894 1476 927 posse

84 938 244 980 iudicat,
277 951 468 985 parumque
491 943 599 985 abest,
621 942 705 986 quin
727 943 834 976 etiam
867 948 1148 986 exsequerentur,
1163 942 1274 986 »quod
1298 941 1416 974 Guelf.
1440 940 1474 974 2.

64 989 67 993 ’
90 1007 138 1030 m.
162 1009 215 1040 pr.
239 998 360 1038 habet,
384 999 515 1042 probet.
552 999 621 1032 Sed
644 1005 759 1034 cetera
783 1001 1003 1034 multitudine
1025 1011 1094 1034 non
1117 1003 1258 1043 possunt
1280 995 1473 1043 significari

63 1047 345 1118 ¹cor'n'uratomm
377 1057 500 1089 varii
533 1062 714 1100 coetus,
750 1069 856 1101 quum
889 1062 1004 1091 cetera
1029 1057 1072 1090 ad
1105 1057 1321 1101 singulos
1354 1053 1475 1088 coniu-

82 1097 234 1146 'ratiiinis
243 1113 442 1158 populare&
466 1117 613 1157 spectet,
637 1126 725 1158 quae
747 1126 783 1148 es
786 1118 799 1148 t
821 1115 963 1158 propria
985 1114 1091 1148 huius
1113 1114 1209 1147 vocis
1233 1117 1328 1156 potes
1330 1116 1401 1152 tas,
1436 1114 1476 1144 ut

91 1154 247 1203 ᾱίὶῑ’ἱῐιιιιε’
266 1170 309 1204 ad
332 1182 360 1203 c.
386 1171 447 1211 111,
474 1170 530 1208 5.;
562 1170 754 1205 rectissime
783 1171 911 1216 igitur,
944 1183 1053 1214 quum
1085 1183 1139 1205 ιω
1162 1171 1207 1205 ad
1229 1169 1385 1214 singulos
1418 1178 1474 1200 re-

91 1229 252 1269 vocetur,
285 1226 431 1260 additur
457 1229 618 1272 quisque,
650 1228 719 1261 hoc
748 1228 820 1261 fere
851 1238 972 1262 sensu:
1005 1239 1048 1261 ex
1087 1232 1201 1261 cetera
1248 1223 1471 1260 multitudine

91 1279 338 1318 coniurationis
359 1296 455 1319 suum
477 1287 549 1329 qui
542 1297 617 1331 qne
640 1285 820 1329 negotium
844 1287 1097 1328 exsequeretur.
1132 1283 1330 1329 Singularis
1353 1285 1472 1315 autem

65 1334 252 1375 ''humei-su
270 1342 306 1375 h.
321 1329 344 1375 i
370 1353 437 1375 non
461 1353 483 1376 a
500 1343 682 1376 multitudo
705 1343 841 1391 pendet,
858 1343 918 1375 sed
943 1353 964 1376 a
984 1341 1202 1385 pronomine,
1221 1345 1260 1375 ut
1284 1339 1375 1384 apud
1395 1337 1466 1372 Cic

90 1392 133 1430 de
156 1394 330 1440 Off.‚1'41‚
350 1397 445 1433 8:³11!
470 1399 568 1433 enim
581 1401 739 1444 pictores,
744 1395 792 1432 et
813 1399 841 1432 ii
864 1399 924 1442 qui
944 1401 1049 1444 signa
1066 1399 1301 1441 fabricantur,
1335 1400 1368 1429 et
1390 1405 1470 1427 vero

91 1451 195 1488 etiam
217 1462 341 1499 poetae
363 1455 459 1490 'suum
485 1457 668 1500 quisque.
692 1467 776 1500 opus
799 1467 821 1489 a
845 1457 952 1501 vulgo
971 1456 1182 1489 considerari
1204 1455 1323 1494 vult3
1347 1462 1471 1496 quam-

89 1523 193 1556 quam
224 1513 375 1556 pluralis
406 1514 434 1547 si
470 1513 539 1547 fide
560 1514 730 1546 librorum
762 1513 884 1547 nititur
908 1524 1020 1556 aeque
1044 1513 1223 1557 legitimus
1257 1516 1327 1553 est,
1360 1521 1393 1544 v,
1428 1509 1472 1543 ad

89 1582 119 1603 c.
140 1569 196 1610 Π,
219 1570 253 1606 2
278 1571 350 1613 ΠΙ,
379 1571 411 1604 1.
438 1571 515 1604 coll.
542 1582 572 1605 c.
598 1571 776 1613 xxxva
800 1571 834 1605 6.
891 1571 1086 1604 Inconsulta
1114 1570 1225 1645 igitur
1253 1568 1358 1603 multi
1391 1577 1471 1601 cum

87 1626 207 1661 Curtio
231 1634 491 1672 exsequerentur
513 1634 636 1662 contra
659 1629 756 1663 codd
781 1628 971 1662 ediderunt.

179 1687 210 1729 ἓ.
234 1684 268 1718 2.
315 1686 476 1719 Statilius
500 1692 533 1719 ct
562 1685 752 1729 Gabinius]
786 1685 950 1728 Plerique
981 1684 1125 1719 Gruteri
1156 1688 1192 1719 et
1223 1682 1334 1718 cortii
1358 1681 1470 1723 codd„

86 1737 205 1776 o'mnes
226 1742 326 1776 Base.
350 1746 384 1776 et
408 1743 569 1777 undecim
593 1743 706 1777 Italici
730 1739 895 1787 copulam
917 1754 986 1777 non
1017 1743 1172 1785 habent,
1203 1752 1323 1786 quam
1333 1739 1473 1774 Cottius

85 1796 205 1841 eiecit,
232 1799 439 1833 Gerlachius
461 1802 579 1833 autem
602 1800 727 1834 eiicere
749 1800 882 1842 voluit,
913 1801 1137 1845 typographo
1160 1810 1228 1833 non
1251 1800 1471 1842 obsequente.

85 1855 177 1890 Sed'
197 1856 242 1891 ad
287 1857 437 1901 copulae
476 1857 698 1892 omissionem
743 1858 994 1892 defendendam
1038 1868 1162 1891 vereor
1193 1859 1232 1890 ut
1270 1857 1341 1889 huc
1375 1853 1471 1889 trahi

85 1910 236 1979 possint,
270 1924 360 1957 quae
384 1925 406 1948 a
429 1915 496 1948 VV.
521 1916 599 1952 DD.
634 1916 676 1948 de
708 1925 750 1948 ea
781 1926 821 1948 re
850 1913 980 1958 passim
1014 1918 1095 1948 sunt
1129 1916 1262 1948 notata.
1308 1911 1471 1947 Primum

85 1971 179 2006 enim
212 1972 494 2017 distinguendum
526 1972 664 2006 videtur
695 1972 786 2006 inter
809 1972 952 2006 nomina
987 1971 1202 2016 appellativa
1234 1974 1270 2003 et
1305 1968 1469 2013 proprian

85 2022 245 2062 illffsine
268 2030 394 2073 copula
416 2029 589 2063 interdum
613 2028 694 2073 poni
724 2028 861 2063 monuit
884 2029 1071 2062 Ruhnken.
1097 2029 1142 2063 ad
1172 2029 1260 2067 Veli.
1284 2028 1328 2069 11,
1351 2027 1410 2068 2⁰,
1432 2026 1467 2060 2.

85 2083 120 2120 et
150 2085 410 2121 Drakenborch.
444 2087 486 2121 ad
518 2086 594 2122 Liv.
627 2087 656 2128 Ι,
684 2087 741 2130 59,
770 2087 805 2120 1.
838 2097 880 2121 ac
903 2088 945 2128 V,
975 2087 1032 2129 10,
1064 2086 1098 2121 9.
1131 2085 1281 2129 talisque
1311 2082 1468 2128 asyndeti

86 2138 300 2178 e'a‘omnino
331 2144 385 2177 vis
415 2143 553 2178 videtur
584 2155 677 2186 esse,
713 2149 752 2178 ut
780 2145 896 2178 maior
924 2144 1097 2187 quaedam
1127 2142 1285 2188 gravitas
1318 2139 1468 2175 orationi

85 2200 308 2242 concilietur,
341 2202 457 2235 altero
484 2200 625 2234 nomine
658 2201 758 2244 quasi
792 2213 855 2244 per
891 2201 1134 2246 gradationem
1166 2199 1321 2240 adiect03
1355 2209 1387 2232 v·
1422 2196 1467 2231 ad

86 2269 117 2290 c.
144 2252 219 2297 XV,
246 2257 280 2290 1.
311 2258 389 2291 coll.
420 2257 500 2292 [ἰν.
527 2258 632 2299 XLV,
657 2257 714 2298 22,
745 2257 779 2292 1.
812 2268 965 2303 poenas,
999 2259 1211 2304 ignominias
1243 2266 1359 2290 omnes
1391 2255 1466 2288 iam

84 2315 249 2358 patimur.
294 2314 423 2348 Noster
451 2315 526 2349 Cat.
553 2316 640 2356 XX,
668 2314 724 2348 15.
758 2326 831 2355 res,
867 2317 1026 2358 pericula
1060 2316 1177 2361 magis
1216 2325 1322 2359 quam
1352 2313 1465 2348 oratio

87 2368 274 2406 hortentur.
329 2372 370 2405 In
398 2371 596 2405 nominibus
634 2383 718 2405 vero
756 2371 907 2415 propriis
949 2371 1157 2413 ἀσυνδέτους
1192 2370 1360 2416 ponendis
1394 2368 1465 2404 tria

87 2428 247 2462 videntur
268 2429 483 2462 observanda
505 2439 598 2470 esse3
621 2439 703 2463 nam
726 2440 794 2462 uno
818 2433 954 2464 tantum
985 2431 1204 2476 singularum
1236 2438 1464 2473 personarum

89 2485 225 2520 nomine
246 2486 357 2530 posito
380 2487 506 2530 copula
529 2497 596 2519 non
621 2489 733 2530 potest
756 2486 891 2528 omitti,
922 2487 989 2521 nisi
1012 2492 1081 2522 tres
1110 2498 1275 2531 personae
1305 2485 1465 2528 deinceps

88 2549 342 2585 momorantur-3
366 2543 500 2578 duobus
523 2548 641 2578 antem
675 2544 797 2588 positis
820 2545 945 2587 copula
967 2548 1048 2578 tunc
1071 2549 1206 2579 tantum
1228 2546 1322 2577 recte
1344 2543 1465 2576 abesse

89 2605 212 2646 potest,
235 2601 263 2635 si
285 2600 418 2635 nomini
440 2602 546 2636 etiam
569 2612 780 2646 praenomen
804 2601 961 2635 additum
985 2606 1056 2644 est,
1079 2602 1169 2636 unde
1191 2600 1352 2634 sollennia
1376 2600 1464 2633 haec

88 2658 218 2704 ellipsis
238 2658 274 2694 in
298 2659 478 2694 consulum
500 2659 720 2702 nominibus,
755 2660 800 2694 cf.
824 2660 1084 2695 Drakenborch.
1109 2658 1154 2695 ad
1176 2657 1254 2694 IaiV.
1275 2658 1318 2700 11,
1343 2657 1402 2699 1¹1,
1429 2655 1464 2691 l.
