1630 3034
431 165 803 210 IUGURTHA.
863 164 991 208 CAP.
1020 163 1182 208 XVIII.
1411 169 1495 209 113

110 283 218 338 alia,
254 281 417 326 deinde
451 282 537 326 alia
570 283 672 327 loca
704 282 981 341 petiverant,
1026 286 1167 324 semet
1202 280 1289 339 ipsi
1318 278 1491 325 Noma-

109 379 188 424 das
223 378 524 438 appellavere.
593 377 807 422 Ceterum
842 377 993 422 adhuc
1034 376 1237 420 aedificia
1270 376 1528 423 Numida-8

108 491 207 519 rum
237 475 502 535 agrestium,
548 489 663 533 quae
698 474 891 533 mapalia
935 472 997 517 illi
1042 478 1235 531 vocant,
1278 473 1490 534 oblonga,

108 621 221 661 deest3
256 619 335 654 Sen.
360 620 394 654 1.
419 631 440 653 a
464 631 510 653 m.
536 631 606 656 sec.
627 621 735 655 habet
758 622 833 655 alia
857 619 982 655 deinde
1015 623 1151 662 atquc
1189 618 1286 659 alia,
1323 621 1492 663 quemad-

105 681 249 716 modum
274 685 307 714 et
329 681 366 714 in
389 680 641 725 antiquioribus
664 681 741 714 edd.
765 686 799 714 et
823 681 857 714 in
883 679 1111 719 Gruteriana,
1147 679 1334 714 Wassiana
1357 684 1391 715 et
1415 681 1493 715 Ha—

105 752 282 784 vercamp.
310 741 443 775 editum
473 747 534 776 est.
568 743 636 776 Sed
670 742 807 776 Cortius
831 745 926 776 recte
950 739 1085 774 monuit
1110 744 1214 783 atque
1237 740 1394 784 glossam
1417 751 1492 774 esse

105 801 231 835 deinde
253 801 438 843 vocabuli,
470 813 512 835 ex
536 803 696 847 margine
719 802 754 836 in
778 806 909 836 textum
933 801 1092 840 illatam,
1129 810 1237 843 quum
1263 800 1424 834 usitatius
1447 799 1493 834 sit

105 861 179 895 alia
212 865 351 905 atque
382 863 455 895 alia
487 862 612 896 dicere.
670 863 860 897 Geminum
893 865 1012 896 nostro
1043 861 1240 904 exemplum
1266 864 1317 895 est
1339 860 1434 894 infra
1458 873 1491 895 c.

104 921 270 965 XXXVI,
293 921 328 955 2.
356 922 528 967 Iugurtha
553 924 694 965 alias,
720 924 889 957 deinde
914 924 1039 957 alias
1063 932 1180 955 morae
1197 933 1338 954 caussas
1355 924 1490 965 facere.

87 984 150 1007 “-
183 984 297 1016 Semet
326 982 418 1025 ipsi
448 987 559 1016 exstat
590 983 625 1017 in
656 985 738 1019 Bas.
773 987 804 1019 1.
831 985 935 1018 Fabr.
960 982 993 1016 1.
1019 982 1054 1016 2.
1078 982 1170 1026 Teg.
1196 981 1291 1017 Leid.
1318 983 1358 1016 L.
1382 983 1426 1016 Β.
1450 982 1490 1015 C.

102 1045 146 1078 Ι).
167 1044 313 1078 Eccard.
340 1043 458 1076 Guelf.
483 1043 514 1076 1.
540 1047 574 1077 ct
598 1045 702 1078 Bern.
725 1045 761 1079 3.
786 1045 904 1077 Ber-ol.
928 1043 962 1078 2.
988 1042 1100 1076 Paris.
1124 1043 1160 1077 b.
1183 1053 1212 1076 c.
1238 1053 1269 1075 x.
1293 1053 1324 1076 z.
1349 1045 1383 1075 et
1405 1042 1492 1075 Ein-

102 1103 221 1138 siedel.
259 1102 398 1136 Relicui
429 1106 593 1136 consueta
623 1104 824 1138 diversitate
847 1109 952 1138 semet
983 1104 1116 1147 ipsos.
1149 1103 1188 1135 V.
1213 1102 1258 1136 ad
1282 1101 1386 1137 Catil.
1411 1103 1490 1142 XX,

103 1164 137 1198 6.
161 1176 193 1208 p.
218 1163 299 1197 100.
324 1181 369 1187 --
394 1163 578 1197 Nomadas
603 1164 812 1199 Gerlachius
847 1170 941 1198 recte
975 1162 1113 1206 scripsit
1144 1173 1186 1195 ex
1219 1161 1330 1195 Paris.
1364 1173 1395 1195 z.
1426 1173 1492 1206 pro

105 1225 298 1267 Numidas,
324 1223 414 1267 quod
439 1223 474 1256 in
497 1223 621 1257 ceteris
645 1224 806 1258 omnibus
829 1229 882 1258 est
905 1225 1003 1258 codd.
1029 1224 1117 1257 Nam
1144 1223 1334 1256 immature
1364 1223 1492 1266 vulga—

102 1289 176 1319 tam
211 1286 361 1318 formam
394 1283 454 1316 hic
483 1295 556 1317 esse
580 1284 736 1326 illatam,
761 1290 834 1319 tum
859 1296 899 1317 ex
916 1296 957 1317 eo
979 1287 1100 1327 patet,
1124 1282 1225 1326 quod*
1241 1283 1427 1317 Sallustius
1450 1293 1492 1316 ex

104 1345 250 1379 Graecis
274 1342 489 1388 ἐτυμολογεῖ
507 1345 633 1388 (quam
660 1349 774 1386 recte,
799 1345 890 1378 nihil
913 1346 957 1379 ad
981 1345 1095 1387 rem),
1118 1349 1194 1378 tum
1218 1343 1310 1386 quod
1334 1342 1428 1377 inira
1453 1343 1488 1384 §-

101 1407 160 1440 11.
194 1408 314 1449 aperte
346 1405 502 1439 declarat
535 1405 770 1439 Numidarum
801 1417 926 1438 nomen
959 1406 1153 1439 mutatione
1177 1415 1250 1438 esse
1274 1407 1410 1445 ortum,
1435 1403 1490 1437 di-

102 1478 181 1500 cens
207 1465 335 1499 Persae
356 1469 521 1509 postea
556 1466 741 1498 nomine
768 1466 996 1500 Numidae
1021 1466 1172 1510 digressi
1195 1467 1262 1498 etc.
1296 1464 1372 1498 Non
1396 1463 1474 1506 ipso

101 1530 219 1560 autem
254 1524 423 1559 Numidas
453 1524 522 1558 sibi
551 1525 620 1558 hoc
652 1536 778 1559 nomen
811 1526 994 1569 indidisse,
1028 1527 1086 1560 sed
1112 1537 1134 1559 a
1161 1525 1325 1566 Graecis,
1365 1524 1492 1568 quibus

102 1598 182 1620 cum
206 1586 291 1629 ipsis
325 1590 359 1619 et
389 1585 424 1618 in
449 1585 572 1619 Sicilia
599 1590 633 1619 et
656 1585 692 1618 in
718 1586 858 1628 Africa,
883 1587 1080 1632 Agathocle
1103 1586 1306 1627 invadente,
1332 1597 1387 1619 res
1402 1588 1490 1626 erat,

101 1651 242 1691 propter
264 1646 357 1680 vitae
379 1657 490 1691 genus
513 1645 697 1689 Νομάδας
720 1658 794 1680 esse
816 1648 1031 1690 appellatos,
1054 1648 1159 1691 idque
1182 1657 1306 1681 nomen
1331 1656 1353 1680 a
1377 1646 1491 1679 Grae·

101 1707 152 1740 cis
178 1707 335 1741 auditum
363 1707 534 1741 Romanos
558 1717 623 1740 sua
643 1707 767 1751 lingua
791 1707 827 1741 in
853 1709 1025 1742 Numidas
1047 1712 1201 1741 mutasse
1222 1710 1323 1741 acute
1354 1705 1492 1740 monuit

101 1767 304 1801 Mannertus
330 1768 460 1812 Geogr.
486 1768 611 1802 Graec.
636 1772 670 1802 et
694 1769 799 1803 Rom.
826 1768 932 1803 Tom.
958 1770 1003 1804 X.
1027 1770 1067 1805 P.
1090 1769 1132 1802 ΙΙ.
1158 1780 1193 1812 p.
1219 1767 1299 1803 195.
1317 1771 1352 1802 et
1375 1766 1456 1802 199.

192 1829 225 1869 5.
243 1827 275 1861 8.
301 1827 474 1872 mapalia]
500 1830 551 1862 De
575 1829 685 1862 altera
709 1828 814 1862 huius
837 1830 1002 1864 vocabuli
1023 1830 1139 1865 forma
1163 1829 1325 1873 magalia
1342 1839 1375 1861 v.
1390 1827 1490 1861 Serv.

101 1887 146 1921 ad
169 1887 267 1932 Virg-
292 1889 376 1922 Aen.
400 1889 465 1930 IV,
489 1888 570 1923 259.
595 1889 686 1922 unde
710 1890 976 1934 cognoscimus,
999 1890 1033 1923 id
1057 1890 1149 1933 quod
1175 1889 1283 1923 etiam
1308 1892 1491 1932 poetarum

100 1947 170 1981 loci
201 1949 406 1992 ostendunt,
448 1949 484 1982 in
517 1950 675 1992 mapalia
710 1950 862 1993 primam
896 1950 1044 1993 corripi,
1077 1950 1113 1983 in
1144 1950 1304 1994 magalia
1333 1947 1492 1992 produci,

100 2007 159 2040 sed
183 2007 280 2040 nullo
296 2019 414 2042 sensus
437 2010 647 2043 discrimine.
697 2008 736 2041 ln
761 2009 903 2053 vulgari
925 2021 991 2043 usu
1017 2010 1173 2053 mapalia
1202 2009 1311 2042 fuisse
1342 2008 1491 2049 videtur,

101 2066 210 2108 poetis
234 2068 384 2101 alteram
406 2069 558 2102 formam
583 2069 823 2102 tantummodo
847 2069 949 2102 metri
981 2080 1104 2102 caussa
1133 2068 1391 2111 usurpantibus.
1440 2068 1491 2101 De

101 2137 223 2159 corum
247 2127 362 2161 forma
385 2139 417 2162 v.
442 2129 585 2161 Festum
602 2129 639 2163 b.
663 2139 695 2161 v,
722 2128 901 2171 (Gramm.
918 2129 995 2162 Lat.
1015 2130 1059 2163 T.
1085 2130 1127 2162 ΙΙ.
1153 2141 1188 2172 p.
1209 2128 1288 2163 169.
1312 2127 1491 2170 Lindem.)

101 2184 228 2228 quiex
261 2186 402 2220 Catonis
435 2187 564 2232 Origg.
597 2187 654 2223 IV.
689 2188 777 2220 haec
809 2188 933 2222 affert:
968 2190 1125 2233 mapalia
1152 2190 1252 2233 quasi
1279 2188 1492 2222 cohortes

100 2246 332 2280 rotundae
361 2253 450 2281 sunt.
487 2248 695 2281 Exstruendi
721 2248 862 2282 modum
888 2248 1000 2283 obiter
1024 2248 1206 2292 descripsit
1231 2249 1351 2283 Livius
1374 2248 1490 2289 XXX,

98 2305 143 2349 3,
178 2305 237 2347 8.,
269 2318 418 2350 quocum
455 2308 499 2341 cf.
532 2307 646 2341 Tacit.
675 2307 763 2341 Ann.
795 2309 866 2350 ΙΙΙ,
891 2308 947 2342 H.
973 2309 1033 2342 ubi
1057 2320 1090 2342 v.
1121 2308 1267 2342 Ernesti.
1285 2308 1381 2342 Adde
1405 2308 1491 2342 ibid.

99 2367 157 2408 IV,
182 2366 241 2409 25,
266 2367 299 2401 1.
327 2368 478 2401 Historr.
512 2368 569 2411 lv,
595 2368 652 2408 50,
678 2373 767 2403 extr.
793 2369 870 2403 Liv.
896 2370 1025 2411 xxix,
1049 2369 1108 2410 31,
1132 2368 1166 2403 8.
1191 2369 1282 2403 Ptin.
1307 2369 1354 2402 H.
1382 2367 1423 2402 N.
1449 2367 1491 2401 V.

99 2426 134 2462 3.
157 2427 288 2461 Lucan.
313 2428 378 2470 lv,
404 2427 484 2461 684.
509 2429 560 2462 Ex
583 2429 708 2471 quibus
736 2429 824 2463 locis
858 2429 1018 2463 omnibus
1053 2434 1150 2473 patet
1173 2429 1330 2474 mapalia
1351 2427 1492 2472 proprie

99 2487 272 2521 eiusmodi
303 2488 510 2521 habitacula
543 2489 672 2532 fuisse,
702 2501 792 2533 quae
823 2490 929 2524 facile
960 2501 1002 2523 ex
1041 2501 1109 2522 uno
1140 2489 1218 2522 loco
1263 2489 1298 2523 iu
1340 2490 1492 2523 alterum

100 2548 281 2582 transferri
310 2554 470 2593 possent3
513 2560 620 2592 quare
653 2561 720 2583 non
754 2551 882 2584 mirum
917 2551 984 2584 hoc
1016 2550 1156 2583 nomine
1190 2548 1298 2583 etium
1330 2547 1493 2582 vilissimi

100 2609 237 2653 generis
274 2609 421 2650 domus,
456 2610 576 2652 quales
609 2609 647 2643 in
676 2611 854 2644 suburbiis
880 2622 951 2644 esse
975 2610 1109 2650 solent,
1135 2608 1243 2643 fuisse
1265 2612 1492 2652 nuncupatae,

99 2668 226 2712 quibus
250 2681 310 2704 nos
345 2669 518 2703 consimili
545 2671 648 2704 modo
682 2682 806 2705 nornen
833 2673 1000 2705 Baraken
1025 2670 1178 2704 tribuere
1203 2670 1367 2703 solemus.
1393 2668 1494 2702 Mhi!

101 2729 176 2773 egit
196 2729 307 2774 igitur
332 2729 488 2764 Wassius
511 2730 554 2764 ad
580 2731 614 2766 h.
639 2731 685 2772 1.,
710 2736 800 2766 totas
826 2743 924 2767 casas
959 2731 1121 2777 magalia
1153 2730 1350 2774 appellatas
1385 2729 1496 2763 fuisse

171 2800 225 2845 11.
1188 2800 1220 2842 8
