1630 3034
407 154 524 199 IUVG
538 155 779 198 URTHA.
839 154 967 198 CAP.
997 155 1194 198 LXVIII.
1395 158 1479 197 367

94 286 197 317 cum
233 287 322 331 qua
352 270 601 329 hiemabat,
637 279 682 316 et
716 287 852 331 quam
880 271 1094 332 plurimos
1130 276 1283 331 potest
1316 272 1476 315 Numi-

93 369 173 413 das
210 369 380 427 equites
414 369 582 429 pariter
616 384 718 413 cum
753 368 1055 413 occasusolis
1092 368 1326 427 expeditos
1362 368 1476 412 edu-

93 466 175 522 cit,
222 471 267 509 et
306 470 488 525 postera
532 465 605 510 die
651 465 823 509 circiter
862 464 1022 508 horam
1060 465 1234 508 tertiam
1268 465 1475 524 pervenit

91 563 134 605 in
189 561 432 620 quamdam
489 562 716 622 planitiem
738 595 750 618 ,
802 561 912 604 locis
966 561 1120 620 paullo
1172 563 1475 621 superioribus

92 659 450 703 circumventam.
529 660 598 702 Ibi
643 657 801 702 milit-es
846 657 988 701 fessos
1033 657 1196 701 itineris
1244 660 1506 718 magnitu-3

91 755 196 799 dine
233 761 276 799 et
310 755 399 799 iam
431 755 663 799 abnuentis
700 753 848 798 omnia
885 753 1019 797 docet
1051 753 1272 813 oppidum
1299 755 1476 817 Vagam
1543 810 1546 811 ⁷

90 865 227 907 facere,
259 876 370 909 neque
403 865 448 899 ad
482 867 726 899 testamentum
750 863 931 909 adhiberi,
968 875 1078 907 neque
1100 864 1337 899 testimonium
1363 866 1477 900 dice-re

88 925 217 969 possit3
248 927 292 959 cf.
327 926 434 972 Digg.
459 927 617 968 xxvlll,
641 925 676 959 1.
701 924 746 958 18
770 924 884 958 21:26.
923 924 1070 968 interpp.
1105 926 1149 958 ad
1184 926 1275 960 Gell.
1304 927 1475 975 MLssA.

88 986 172 1028 XV,
196 986 253 1028 13,
289 990 374 1021 extr.
407 991 441 1021 et
472 999 556 1030 prae
586 986 709 1020 ceteris
740 985 1055 1019 Unterholznerum
1087 985 1180 1029 apud
1210 987 1396 1021 Heindorf.
1429 989 1472 1021 ad

88 1046 177 1079 Hor.
202 1046 276 1080 Sat.
300 1047 354 1088 II,
377 1047 413 1091 3,
437 1047 516 1081 181.
564 1049 642 1092 Qua
676 1049 771 1080 tanta
806 1045 953 1080 infamia
985 1057 1092 1089 quum
1128 1057 1230 1080 nemo
1262 1047 1473 1091 afficeretur,

87 1105 154 1139 nisi
182 1107 329 1151 flagitiis
359 1111 464 1151 atque
496 1107 709 1142 facinoribus
738 1110 943 1151 coopertus,
976 1107 1186 1141 vocabulum
1222 1108 1257 1141 in
1292 1108 1368 1141 iure
1391 1120 1473 1151 pro-

88 1166 204 1210 prium
229 1167 336 1201 ctiam
361 1168 405 1201 ad
429 1169 613 1214 vulgarem
647 1179 750 1200 usum
783 1167 945 1208 transiit,
969 1171 1003 1202 et
1035 1169 1076 1201 de
1100 1167 1300 1201 hominibus
1323 1169 1474 1203 scelestis

87 1231 191 1270 atque
224 1228 496 1263 exsecrabilibus
531 1233 737 1273 usurpatum
771 1228 864 1262 idem
887 1229 960 1262 fere
983 1219 1158 1274 significat
1192 1233 1296 1271 atque
1319 1229 1474 1263 detesta-

89 1288 189 1328 bins,-
221 1289 269 1322 cf.
298 1289 386 1323 Hor.
410 1290 433 1323 l.
454 1290 478 1322 1.
531 1291 615 1323 Uter
638 1290 766 1322 aedilis
793 1290 948 1332 fueritve
976 1290 1132 1323 Vestrum
1162 1295 1329 1334 praetor,
1356 1291 1385 1323 is
1409 1290 1423 1323 i
1432 1302 1473 1323 n-

87 1350 352 1383 testabilis
376 1355 409 1384 et
433 1361 531 1383 sacer
555 1355 636 1383 esto.
660 1349 774 1382 Plaut.
800 1350 941 1383 Curcul.
968 1351 994 1390 I,
1019 1350 1053 1391 1,
1068 1350 1125 1384 30.
1174 1352 1316 1394 Semper
1340 1356 1472 1393 caveto,

85 1421 130 1443 ne
155 1410 203 1443 sis
224 1410 535 1444 intestabilis.
559 1411 643 1444 Sall.
667 1409 811 1454 Fragm.
835 1410 986 1444 Historr.
1012 1411 1038 1453 I,
1063 1410 1122 1452 15,
1146 1411 1179 1445 1.
1205 1411 1300 1445 Gerl.
1350 1412 1473 1456 Neque

87 1480 124 1503 se
148 1471 253 1504 aliter
281 1475 395 1504 tutum
425 1475 553 1514 putat,
584 1483 688 1515 quam
713 1473 743 1504 si
768 1472 865 1515 peior
889 1477 994 1516 atque
1027 1473 1354 1506 intestabilior
1379 1477 1473 1507 metu

86 1536 202 1565 vostro
225 1532 350 1575 fuerit.
383 1530 498 1564 Tacit.
528 1531 616 1566 Aun.
650 1532 732 1574 XV,
755 1531 823 1573 55,
844 1530 878 1566 5.
928 1532 1092 1565 Scevinus
1125 1533 1263 1567 incusat
1285 1534 1376 1567 ultro
1403 1534 1472 1566 Mi-

87 1591 213 1625 lichum
238 1592 566 1626 intestabilem
591 1597 625 1626 et
647 1593 925 1627 consceleratum.
952 1593 1042 1626 Gell.
1070 1593 1142 1636 vll,
1170 1592 1227 1634 18,
1252 1596 1338 1626 extr.
1371 1594 1472 1627 Corn.

88 1652 204 1696 Nepos
227 1652 352 1686 litteris
375 1653 578 1694 mandavit,
603 1663 679 1694 eos,
703 1653 761 1697 qui
785 1654 832 1686 ad
857 1653 1092 1687 Hannibalem
1115 1665 1183 1687 non
1208 1653 1388 1696 redissent,
1412 1665 1473 1688 us-

85 1724 151 1757 que
182 1713 270 1746 adeo
305 1713 612 1748 intestabiles
644 1713 837 1758 invisosque
854 1715 988 1758 fuisse,
1011 1721 1049 1749 ut
1074 1715 1228 1749 taedium
1253 1715 1347 1748 vitae
1369 1726 1471 1759 cepe-

83 1773 165 1808 rint.
222 1770 383 1807 Ceterum
417 1772 623 1807 Sallustium
663 1773 846 1809 coniuncta
878 1776 987 1809 verba
1028 1776 1204 1820 improbus
1247 1774 1471 1809 intestabilis-

84 1844 150 1877 que
185 1844 226 1866 ex
259 1833 411 1868 formula
442 1834 531 1878 legis
557 1834 623 1867 XII
655 1834 852 1869 tabularum
886 1836 1025 1879 petiisse
1063 1841 1158 1880 patet
1194 1846 1236 1868 ex
1271 1836 1388 1869 Gellio
1412 1837 1472 1877 vl,

83 1893 118 1927 7.
143 1897 179 1927 et
213 1894 296 1936 XV,
328 1893 384 1928 13.
432 1895 616 1930 Habentur
649 1897 768 1928 autem
800 1895 837 1929 in
868 1897 988 1931 tabula
1022 1896 1190 1940 septima,
1223 1906 1312 1938 quae
1344 1899 1396 1931 cst
1427 1897 1471 1930 de

83 1953 234 1987 delictis.

176 2013 331 2046 LXVIII.
354 2014 388 2057 ἕ.
414 2013 447 2047 1.
472 2017 506 2048 et
528 2013 563 2047 2.
608 2016 815 2061 paullisper]
839 2017 892 2050 De
914 2027 1014 2050 sensu
1038 2017 1144 2051 huius
1166 2016 1274 2059 vocis,
1298 2028 1366 2051 non
1389 2029 1470 2051 cum

85 2078 254 2114 moestus,
287 2072 346 2107 sed
374 2085 454 2107 cum
486 2075 560 2109 abit
584 2075 867 2121 coniungendae,
899 2088 934 2110 v.
956 2077 1001 2110 ad
1027 2088 1057 2110 c.
1082 2077 1110 2118 1,
1133 2077 1168 2113 4.
1191 2097 1237 2101 —
1266 2078 1332 2112 Ubi
1356 2078 1412 2111 ira
1435 2083 1470 2112 et

87 2134 274 2179 aegritudo
303 2134 543 2177 permixta
583 2142 689 2171 sunt
720 2137 744 2170 i.
779 2148 809 2170 e.
843 2137 905 2172 ubi
929 2137 1134 2182 aegritudo,
1159 2149 1248 2181 quae
1270 2138 1370 2173 initio
1393 2139 1470 2173 Me-

85 2196 208 2229 tellum
232 2200 339 2229 totum
364 2199 613 2239 occupaverat,
638 2196 673 2230 iu
698 2201 832 2231 tantum
856 2197 1013 2240 remisit,
1047 2202 1086 2233 ut
1108 2198 1161 2232 ira
1184 2200 1368 2233 succedere
1391 2211 1470 2244 pos-

86 2259 138 2290 set
162 2260 195 2289 et
218 2256 322 2290 simul
344 2267 420 2290 cum
444 2255 584 2290 tristitia
615 2257 689 2291 eius
719 2258 876 2292 animum
911 2259 1073 2304 agitaret.
1097 2278 1143 2284 —
1178 2260 1289 2302 Sunt,
1331 2261 1421 2304 quod
1446 2272 1470 2295 a

86 2318 162 2351 solo
186 2317 301 2350 Guelt'.
327 2317 361 2354 3.
394 2317 514 2358 abest,
548 2317 686 2352 Cortius
709 2319 851 2354 delevit.
876 2339 920 2344 —
958 2320 1075 2354 Ulturn
1100 2320 1150 2353 ire
1167 2322 1385 2363 festinat
1410 2333 1470 2355 ex-

85 2378 293 2427 plicavimus
316 2378 359 2412 ad
384 2378 487 2412 Catil.
508 2389 539 2414 c.
564 2379 722 2422 XXXVI,
745 2379 779 2413 4.
802 2391 835 2423 p.
861 2379 940 2414 168.
967 2380 1012 2413 cf.
1036 2380 1151 2414 Tacit.
1175 2381 1263 2416 Anu.
1288 2383 1362 2424 XV,
1382 2383 1416 2425 1,
1434 2383 1468 2417 1.

92 2438 275 2483 Vologeses
298 2443 455 2482 spretum.
473 2440 722 2475 Arsacidarum
739 2441 930 2486 fastigium
957 2442 1100 2475 ultum
1124 2443 1193 2476 ire
1228 2444 1388 2477 volens
1412 2444 1465 2477 di·

85 2510 205 2533 versas
234 2500 282 2533 ad
315 2511 416 2534 curas
446 2501 661 2536 trahebatur.
683 2521 729 2527 —-
764 2502 902 2536 Pariter
925 2514 1000 2536 cum
1030 2502 1275 2546 aequalitatem
1300 2504 1468 2548 temporis

87 2559 267 2604 designat3
292 2560 336 2593 cf.
369 2573 400 2596 c.
433 2561 612 2604 LXXVII,
636 2562 669 2596 1.
721 2562 916 2597 Pariter
952 2574 1045 2596 cum
1075 2569 1181 2608 capta
1213 2565 1329 2598 Thala
1354 2565 1465 2610 legati

87 2631 128 2654 ez·
150 2620 273 2664 oppido
300 2620 401 2665 Lepti
422 2626 601 2658 venerant.
635 2622 720 2664 CVI,
747 2621 778 2656 5.
829 2624 929 2656 Sulla
957 2625 1148 2668 pariter
1179 2636 1270 2658 cum
1297 2630 1375 2659 ortu
1410 2637 1465 2659 so-

88 2680 129 2714 lis
151 2686 267 2715 castra
290 2682 497 2716 metabatur.
547 2682 678 2716 Eodem
702 2683 806 2717 modo
823 2683 950 2718 dicitur
972 2685 1074 2719 simul
1097 2697 1184 2728 cum,
1208 2689 1248 2720 ut
1272 2697 1300 2719 c.
1323 2686 1412 2728 XCI,
1431 2685 1465 2720 2.

88 2739 134 2772 cf.
157 2740 272 2774 Hand.
298 2741 339 2774 de
363 2742 511 2776 Particc.
536 2742 613 2779 Lat.
635 2744 712 2778 Vol.
738 2744 780 2779 11.
803 2755 835 2787 p.
863 2744 940 2778 141.
964 2747 994 2788 ἓ,
1019 2744 1052 2779 6.
