1630 3034
402 173 767 216 IUGURTHA.
827 173 953 217 CAP.
984 173 1158 215 XXXI.
1380 167 1383 171 ’
1412 176 1493 216 178

106 292 233 336 cione
276 297 382 352 post
426 291 619 336 reditum
653 289 832 334 Bestiae
868 289 1177 334 huiuscemodi
1216 288 1360 333 verbis
1401 288 1493 333 dis-

104 389 251 436 seruit.
563 435 566 437 ,

241 484 405 530 ΧΧΧΙ.
478 483 623 528 Multa
659 498 731 526 me
767 468 1060 527 dehortantur
1096 498 1122 526 a
1153 483 1301 538 vobis,
1339 483 1492 538 Quiri-

103 591 194 641 tes,
230 583 274 626 ni
306 581 498 626 studium
533 580 809 640 reipublicae
844 580 992 624 omnia
1027 585 1234 638 superet,
1271 595 1384 639 opes
1421 580 1491 624 fa-

105 680 285 736 ctionis,
333 684 480 721 vostra
523 677 764 737 patientia,
814 677 878 721 ius
925 677 1123 732 nullum,
1170 692 1222 720 ac
1269 692 1490 733 maxume,

103 775 228 834 quod
277 775 554 819 innocentiae
609 774 710 834 plus
762 774 949 833 periculi
1003 789 1139 832 quam
1183 773 1365 818 honoris
1412 781 1490 819 est.

99 952 168 988 ista
200 952 374 987 adiectiva
403 964 425 987 a
455 965 492 987 se
523 952 674 987 invicem
701 953 797 988 velut
820 965 861 987 ex
885 953 1104 998 appositione
1128 952 1279 997 pendere
1305 952 1418 994 dicat,
1455 956 1493 986 et

101 1014 236 1055 aliena,
261 1025 352 1057 quae
376 1014 420 1048 ad
443 1013 478 1047 id
502 1025 614 1057 genus
639 1014 820 1056 pertinent,
845 1014 887 1047 de
911 1025 979 1057 quo
1004 1014 1142 1059 egimus
1166 1015 1210 1048 ad
1235 1014 1342 1047 Catii.
1360 1014 1420 1055 xl,
1444 1014 1492 1054 2.,

100 1075 337 1110 admiscuerit.
386 1074 511 1108 Nostro
544 1078 661 1108 autem
695 1076 774 1109 loco
808 1076 959 1110 alterum
993 1074 1203 1109 adiectivum
1235 1085 1302 1107 non
1336 1075 1406 1108 tale
1429 1079 1492 1116 est,

103 1141 141 1170 ut
164 1147 244 1170 cum
267 1134 476 1169 substantivi
500 1134 640 1169 notione
663 1135 699 1168 in
717 1147 823 1169 unum
848 1140 958 1176 coeat,
984 1140 1018 1169 et
1032 1128 1211 1180 singulare
1235 1136 1378 1179 aliquod
1402 1135 1492 1169 faci-

100 1209 226 1231 norum
251 1208 361 1241 genus
386 1195 548 1236 definiat,
586 1196 646 1229 sed
674 1200 821 1239 utroque
846 1195 1020 1230 adiectivo
1037 1197 1183 1237 ,diversa
1207 1196 1402 1230 facinorum
1428 1208 1492 1241 ge-

100 1269 185 1292 nera
210 1258 447 1303 designantur.
496 1256 615 1299 Quare
638 1256 765 1298 copula
788 1255 983 1289 necessaria
1009 1260 1072 1290 est.
1107 1275 1153 1280 —
1195 1256 1338 1291 Prorsus
1369 1258 1493 1291 eodem

100 1320 206 1354 modo
230 1318 381 1363 legimus
405 1329 435 1351 c.
450 1317 587 1358 xxlll,
616 1317 651 1350 1.
676 1316 795 1357 LXVI,
821 1317 852 1352 l.
878 1317 1039 1358 LXXVI,
1057 1316 1090 1351 4.
1114 1337 1161 1342 -
1187 1319 1405 1353 Accendebat
1423 1319 1490 1352 im-

100 1381 294 1424 perfectum
326 1389 397 1423 qua
423 1378 557 1412 ratione
581 1377 773 1411 subiectum
796 1377 841 1411 sit
864 1377 1047 1413 infinitivis
1071 1378 1247 1413 historicis
1277 1379 1493 1414 ostendimus

101 1442 144 1476 ad
172 1441 246 1475 Cat.
273 1453 302 1475 c,
327 1442 413 1484 Lx,
439 1440 473 1475 4.
498 1452 530 1484 p.
547 1439 629 1473 321.
917 1442 920 1444 ’

192 1503 225 1544 §-
250 1501 285 1537 4.
334 1501 481 1545 Romae]
509 1502 610 1534 Hanc
635 1511 774 1541 vocem,
806 1511 896 1543 quae
919 1510 987 1533 non
1011 1503 1123 1534 exstat
1145 1500 1180 1534 in
1206 1501 1309 1534 Rem.
1333 1502 1367 1534 1.
1393 1501 1490 1536 Leid.

99 1562 143 1595 B.
169 1561 254 1596 Ven.
276 1561 311 1595 4.
339 1566 372 1594 et
395 1562 429 1595 in
454 1560 664 1595 Pembroch.
691 1572 714 1594 a
731 1573 776 1594 m.
803 1572 854 1605 pr.
869 1586 880 1603 ‚
904 1560 1042 1595 Curtius
1066 1561 1206 1604 omisit,
1242 1562 1408 1595 brevibus
1431 1562 1492 1595 de-

100 1623 240 1657 functus
265 1621 470 1664 „inculcant
492 1621 624 1666 passim
647 1632 726 1655 eam
751 1623 911 1655 vocem.“
948 1623 1002 1655 De
1028 1622 1064 1656 C.
1090 1623 1246 1657 Memmii
1269 1623 1434 1657 facundia
1457 1635 1492 1660 v.

100 1682 173 1715 Cic.
198 1682 299 1717 Brut.
326 1694 356 1716 c.
379 1683 446 1724 36,
471 1682 551 1716 136.
581 1682 618 1718 C.
643 1687 677 1715 et
702 1682 743 1715 L.
769 1682 925 1716 Memmii
942 1685 1091 1726 fuerunt
1115 1689 1269 1718 oratores
1292 1684 1492 1725 mediocres,

99 1748 318 1777 accusatores
347 1755 444 1777 acres
479 1749 584 1788 atque
618 1743 743 1776 acerbi.
796 1744 918 1788 Itaque
952 1745 989 1777 in
1022 1745 1188 1778 iudicium
1213 1745 1337 1788 capitis
1369 1745 1492 1779 multos

99 1810 288 1845 vocarunt,
325 1815 387 1848 pro
411 1805 480 1838 reis
503 1815 570 1836 non
594 1814 698 1847 saepe
723 1804 896 1838 dixerunt.
926 1804 974 1840 id.
998 1805 1040 1837 de
1065 1805 1163 1840 orat.
1183 1806 1237 1846 11,
1260 1803 1326 1849 59,
1351 1805 1433 1840 2⁴0.
1458 1812 1493 1840 et

97 1864 151 1906 11,
175 1865 242 1906 7⁰,
266 1863 348 1901 283.
371 1865 480 1898 Plura
503 1864 583 1897 vide
605 1863 639 1897 in
664 1865 723 1898 Fr.
738 1864 901 1899 Ellendtii
926 1865 1104 1900 succincta
1128 1865 1346 1909 eloquentiae
1358 1867 1493 1900 Roma-

97 1936 164 1959 nae
187 1926 354 1967 historia,
380 1925 484 1959 Bruti
507 1924 651 1958 editioni
675 1925 885 1969 praemissa,
912 1939 943 1970 p.
971 1925 1031 1959 Lx
1044 1937 1116 1969 sqq.
1140 1945 1187 1950 -
1220 1927 1332 1959 Unam
1357 1938 1396 1959 ex
1420 1932 1494 1960 tam

99 1987 216 2019 multis
251 1987 502 2020 orationem
538 1985 671 2018 dictum
707 1991 760 2020 est
793 1990 833 2019 ut
864 1997 969 2030 supra
1004 1997 1034 2019 c.
1060 1986 1162 2026 XIX,
1186 1985 1220 2018 7.
1260 1986 1429 2031 Pleraque
1452 1999 1494 2021 ex

102 2045 241 2078 Punicis
259 2046 400 2089 oppida.
434 2047 597 2079 Ceterum
623 2046 695 2079 eius
719 2056 786 2079 non
811 2046 961 2080 habetur
984 2046 1018 2079 in
1037 2046 1147 2080 Cortii
1170 2047 1340 2087 editione;
1365 2047 1494 2092 quippe

100 2105 194 2138 deest
217 2105 254 2138 in
271 2106 431 2140 Guelf.9.
446 2110 480 2140 et
497 2106 554 2140 1⁰.
580 2124 626 2130 —
655 2106 711 2138 Ea
737 2106 850 2139 dicam
875 2118 964 2150 quae
988 2107 1223 2150 probatissimi
1246 2112 1361 2142 teuent
1378 2108 1494 2146 codd.;

102 2164 139 2198 in
171 2165 291 2199 multis
325 2169 442 2200 tamen
474 2166 607 2211 iegitur
640 2177 717 2199 eam
742 2167 879 2207 dicam,
913 2178 1037 2210 quam,
1070 2167 1152 2211 quia
1177 2167 1312 2201 scribae
1334 2168 1424 2202 haec
1448 2169 1493 2203 ad

102 2226 297 2260 orationem
322 2227 541 2267 referebant,
566 2237 634 2260 non
658 2230 817 2260 curantes
841 2227 991 2260 absurde
1013 2227 1083 2261 dici
1107 2228 1297 2262 oracionem
1314 2228 1492 2264 disserere.

101 2287 256 2320 Ulterius
281 2287 447 2330 processit
470 2287 629 2328 eortius,
653 2286 714 2330 qui
739 2298 782 2320 ca
805 2287 920 2320 dicam
945 2298 1085 2331 prorsus
1108 2288 1250 2330 delevit,
1274 2288 1398 2333 ineptis
1420 2289 1444 2325 i.
1461 2301 1491 2325 e.

101 2347 205 2380 nullis
228 2347 421 2381 rationibus
445 2359 541 2389 usus,
567 2351 604 2381 ut
628 2347 754 2381 merito
780 2347 971 2382 Gerlachio
995 2348 1212 2392 assentiaris,
1235 2350 1297 2394 qui
1320 2351 1493 2395 quomodo

99 2407 162 2442 ilie
185 2408 394 2442 refellendus
418 2409 463 2443 sit
487 2420 523 2443 sc
549 2408 606 2442 vix
630 2407 783 2452 reperire
808 2409 947 2444 fatetur.

193 2469 319 2502 xxxl.
353 2471 386 2511 ἓ.
414 2469 448 2502 1.
496 2480 550 2503 me
577 2469 804 2503 dehortantur
828 2481 852 2502 a
876 2470 983 2514 vobis]
1012 2470 1069 2504 Me
1093 2470 1233 2506 Cottius
1255 2472 1391 2514 omisit,
1423 2484 1492 2507 non

100 2528 211 2562 aliam
238 2530 283 2563 ob
308 2539 480 2569 caussam,
502 2528 568 2562 nisi
593 2529 685 2572 quod
709 2530 743 2563 in
768 2530 851 2563 Bas.
869 2530 901 2564 1.
936 2529 1056 2565 Struv.
1080 2536 1115 2566 et
1138 2533 1241 2567 Rem.
1266 2534 1299 2567 1.
1331 2537 1407 2577 post
1429 2534 1491 2568 de-

100 2589 284 2624 hortantur
304 2594 377 2630 est,
415 2594 449 2623 et
472 2589 508 2622 in
533 2589 649 2623 Guelf.
673 2589 707 2625 4.
743 2590 834 2624 inter
867 2601 987 2624 versus
1018 2597 1212 2636 comparet.
1260 2593 1329 2627 Sed
1353 2597 1491 2638 praeter

99 2649 199 2683 codd.
222 2649 326 2684 fidem
350 2649 522 2684 sententia
546 2649 623 2693 ipsa
645 2661 835 2693 pronomen
860 2655 1050 2695 sustentat3
1083 2664 1125 2686 eo
1149 2653 1243 2686 enim
1267 2653 1397 2687 omisso
1421 2664 1490 2686 non

101 2709 190 2752 perit
221 2710 360 2753 quidem
391 2710 458 2744 loci
495 2710 695 2754 elegantia,
728 2715 767 2745 ut
802 2711 1010 2746 Gerlachius
1043 2717 1202 2755 veretur,
1236 2713 1294 2746 sed
1323 2714 1490 2748 sententia

101 2769 275 2813 generalis
298 2770 357 2811 fit,
389 2780 411 2804 a
437 2770 598 2805 Memmii
630 2774 745 2806 mente
768 2771 904 2816 aliena,
942 2772 1001 2815 qui
1025 2772 1068 2806 de
1093 2784 1128 2808 se
1153 2773 1326 2816 quuitur,
1362 2784 1428 2806 non
1454 2773 1487 2806 in
