1630 3034
402 183 741 225 CATILINA.
801 183 932 224 GAP.
961 183 1074 225 XIII.
1370 188 1427 227 671

39 300 355 359 properabant.
425 299 519 344 Sed
565 299 722 344 lubido
770 299 934 359 stupri,
981 312 1153 358 ganeae
1198 300 1425 358 ceterique
1443 311 1469 349 3

39 391 184 437 cultus
235 405 325 434 non
375 391 528 434 *minor
583 391 842 443 incesserat3
901 390 982 433 v-iri
1026 391 1119 448 pati
1174 389 1423 449 muliebria,

38 482 245 526 mulieres
279 478 549 540 ‘pudicitiam
576 482 639 526 ‘in
683 478 930 543 propatulo
972 481 1169 533 habere3
1217 482 1424 527 vescendi

36 626 135 661 Fam.
156 628 206 670 Π,
225 627 258 668 3,
276 629 362 661 extr.
398 637 487 670 quae
509 626 658 670 primum
681 627 878 671 navigandi
908 627 1004 660 nobis
1029 627 1190 670 facultas
1225 626 1312 659 data
1345 626 1424 666 erit,

35 691 180 719 utemur.
228 684 314 718 Sall.
344 684 420 728 lug.
442 683 528 725 LIV,
547 683 580 717 1.
612 685 788 718 universos
819 685 856 717 in
878 685 1036 717 concione
1060 684 1185 717 laudat
1209 688 1313 727 atque
1345 684 1426 728 agit

35 744 185 787 gratias·
233 743 308 776 Cat.
327 741 482 783 XLVIII,
505 741 539 775 (i.
575 753 650 774 cum
674 741 892 775 retinendum
915 751 1024 785 neque
1049 740 1197 783 amplius
1216 745 1425 784 potestate-m

27 800 244 842 faciendam.
298 797 480 839 XXXVII,
506 798 540 832 3.
590 799 664 842 quis
702 810 781 842 opes
818 799 936 831 nullae
976 801 1077 837 szmt,
1124 797 1219 831 bonis
1258 798 1424 832 invident.

34 855 142 897 XVII,
159 856 192 890 6.
217 856 336 901 quibus
356 874 401 880 —-
418 856 567 889 molliter
597 856 714 888 vivere
750 856 848 899 copia
887 859 984 895 crat,
1019 855 1145 888 bellum
1177 865 1281 898 quam
1302 865 1425 897 pacem

34 913 218 948 malebant.
268 913 337 956 LV,
363 912 398 948 5.
432 914 553 958 quibus
584 913 794 957 imperatum
829 917 927 954 erat,
961 912 1084 956 laqueo
1115 912 1240 957 gulam
1265 911 1424 956 fregere.

32 970 177 1015 Fragm.
211 970 320 1004 Histt.
345 970 373 1012 I,
405 982 438 1004 n.
467 970 522 1013 19,
541 971 598 1006 13.
630 970 750 1015 quibus
780 970 843 1003 iila
874 970 1035 1014 placent,
1066 970 1106 1003 in
1128 969 1236 1003 armis
1264 974 1354 1003 sunt.
1379 982 1425 993 -·—-

34 1027 101 1060 Per
132 1028 400 1071 turpitudinem,
440 1027 463 1063 i.
490 1038 520 1062 e.
554 1028 714 1071 turpiter.
747 1037 782 1061 v,
809 1026 854 1061 ad
878 1039 908 1061 c.
936 1027 1034 1069 VIII,
1060 1026 1094 1062 1.
1136 1029 1172 1061 et
1202 1025 1247 1060 ad
1277 1026 1362 1068 XX,
1389 1026 1424 1060 2.

33 1084 197 1118 Ceterum
221 1084 263 1117 de
286 1085 369 1119 luxu
403 1089 436 1120 et
460 1085 612 1119 avaritia
641 1085 884 1119 Romanorum
907 1085 1029 1130 gravis
1052 1083 1159 1118 etiam
1182 1083 1279 1117 locus
1303 1086 1355 1118 cst
1386 1083 1425 1117 in

32 1142 179 1186 Fragm.
202 1142 267 1175 His
270 1146 355 1175 torr.
374 1143 407 1184 1,
435 1154 468 1175 n.
487 1142 523 1176 9.
566 1169 570 1175 .
599 1169 601 1171 .
766 1169 773 1174 .

125 1201 156 1241 ἓ.
181 1198 214 1232 3.
264 1200 474 1239 incesseram
497 1199 566 1232 viri
582 1199 683 1243 pati]
725 1198 798 1232 tiri
821 1201 934 1233 exstat
955 1194 991 1232 in
1015 1197 1115 1233 codd.
1139 1196 1221 1231 Bas.
1241 1196 1278 1234 4.
1300 1195 1422 1231 Leidd

33 1256 78 1290 G
102 1257 149 1289 Η.
174 1255 336 1299 plurimis
360 1256 502 1298 WVassii,
526 1255 644 1290 Senat
669 1256 706 1290 1
738 1255 816 1289 Vin.
837 1256 870 1291 l.
904 1256 1021 1289 Guelf.
1046 1254 1081 1289 7.
1117 1254 1220 1292 Rem.
1244 1255 1278 1289 l.
1314 1255 1422 1289 Acad.

32 1314 107 1346 Erl.
132 1313 222 1347 Tur.
242 1313 276 1347 1.
301 1314 441 1347 Relicui
460 1316 580 1347 «tenent
602 1314 711 1356 viros,
745 1313 837 1356 quod
854 1312 942 1346 ⁴inde
963 1322 987 1346 a
1016 1311 1173 1352 Grutero,
1193 1320 1314 1346 omnes
1347 1313 1424 1346 fere

32 1371 122 1412 edd„
154 1369 260 1404 etiam
294 1370 550 1412 Gerlachiana,
587 1371 741 1411 habent,
783 1377 919 1415 magnos
955 1372 1149 1404 structurae
1187 1368 1422 1403 incommodo.

34 1430 222 1462 lacesseret
246 1427 358 1469 enim,
392 1428 485 1471 quod
511 1426 571 1460 hic
601 1427 753 1470 suppleri
777 1428 919 1468 volunt,
950 1427 1071 1471 primo„
1089 1426 1249 1464 absolute
1271 1426 1424 1469 positum

31 1486 140 1527 soret,
174 1485 236 1528 (de
265 1496 334 1528 qua
366 1485 402 1518 vi
426 1484 574 1518 diximus
608 1485 652 1518 ad
676 1497 706 1518 c.
733 1485 787 1529 X,
816 1484 891 1529 6.),
925 1485 970 1518 ad
1002 1485 1093 1518 viros
1124 1487 1242 1522 autem
1273 1484 1422 1517 relatum

27 1543 253 1576 transitivum
276 1545 385 1584 esset,
418 1542 512 1585 quod
542 1541 681 1586 logicae
712 1545 747 1576 et
777 1542 1035 1587 grammaticae
1066 1541 1207 1586 legibus
1236 1545 1422 1585 repugnat,

28 1600 110 1643 quia
142 1601 289 1634 verbum
319 1611 362 1633 ex
394 1598 604 1644 antegressis
642 1599 858 1643 cogitatione
895 1598 1138 1634 assumendum
1169 1608 1239 1631 non
1271 1597 1341 1631 alia
1371 1598 1420 1638 vi,

31 1667 136 1700 quam
167 1661 271 1690 antea
302 1656 390 1698 fuit,
421 1656 575 1699 suppleri
605 1660 738 1700 potest,
773 1668 884 1701 eoque
918 1657 1024 1690 simul
1055 1654 1277 1690 transitivum
1309 1659 1343 1689 et
1366 1655 1421 1688 iu-

27 1712 252 1748 transitivum
284 1724 359 1747 esse
389 1713 521 1757 nequit.
579 1715 707 1748 Melius
740 1714 860 1748 cor-tio
891 1717 1013 1759 egerat
1045 1714 1237 1753 Gruterus,
1276 1712 1336 1755 qui
1369 1712 1420 1746 sic

24 1770 151 1804 edidit:
165 1795 172 1804 .
186 1794 215 1805 ..
239 1782 309 1804 non
326 1771 448 1806 minor.
469 1772 657 1805 incesserat
679 1772 772 1805 viros
795 1774 858 1805 etc.
882 1781 1095 1815 quamquam
1118 1780 1162 1803 ne
1185 1769 1253 1803 hoc
1277 1769 1429 1813 quidem,

24 1828 167 1873 probari
198 1832 322 1872 potest.
378 1828 469 1863 Nam
492 1840 560 1862 non
591 1829 705 1863 solum
735 1830 924 1863 incesserat
955 1829 1128 1869 verbum,
1150 1837 1276 1861 verum
1310 1827 1418 1862 totius

24 1886 96 1920 loci
119 1885 353 1921 conformatio
372 1886 525 1929 postulat
558 1885 609 1921 ita
632 1887 740 1921 scribi
771 1880 812 1921 ut
839 1886 998 1922 fecimus.
1056 1886 1170 1920 Locus
1203 1884 1297 1918 enim
1320 1883 1419 1918 haud

24 1943 98 1978 sine
130 1954 261 1989 magna
302 1946 378 1978 arte
410 1951 432 1978 a
463 1944 632 1977 Sallustio
666 1944 718 1978 ita
748 1943 960 1988 compositus
992 1945 1068 1984 est,
1100 1945 1140 1976 ut
1173 1941 1296 1975 aetatis
1330 1941 1418 1976 vitia

22 1999 177 2045 primum
201 2001 396 2045 generatim
418 2004 533 2043 notet,
560 2000 683 2035 deinde
704 2013 767 2045 per
788 2005 905 2045 partes
929 1999 1100 2043 explicet,
1121 1998 1271 2043 singulis
1307 2008 1418 2032 enun-

23 2058 234 2093 ciationibus
275 2059 320 2092 ad
350 2058 493 2103 singula
533 2057 749 2092 substantiva
788 2057 1053 2102 pertinentibus.
1121 2056 1183 2090 Sic
1214 2055 1259 2089 ad
1292 2066 1417 2090 vocem

22 2116 134 2159 stupra·
155 2118 309 2159 spectant
332 2115 441 2148 haec:
463 2115 533 2148 viri
553 2116 631 2158 pati
658 2113 1056 2153 muliebria-a-haberm
1079 2113 1123 2146 ad
1145 2118 1285 2157 ganeae
1308 2113 1418 2146 haec.-

22 2173 182 2206 vescendi
212 2183 335 2206 caussa
354 2189 397 2195 -—-
419 2171 618 2215 exquir-em,-
650 2178 782 2207 ceteras
816 2175 934 2205 autem
969 2171 1080 2203 cultus
1115 2169 1199 2212 quia
1231 2170 1415 2213 multiplex

21 2234 94 2272 est,
134 2226 294 2273 pluribus
327 2228 438 2267 etiam
482 2229 688 2263 illustratur.-
714 2248 759 2253 —
801 2228 994 2271 vulgatum
1034 2227 1222 2261 verborum
1255 2227 1414 2261 ordinem

23 2286 233 2319 Gerlachius
257 2286 431 2329 deseruit,
465 2297 528 2330 pro
551 2287 619 2320 viri
648 2285 728 2329 pati
750 2285 832 2318 mul.
856 2284 1010 2317 scribens
1041 2284 1132 2316 viros
1165 2285 1264 2318 mul.
1295 2285 1414 2328 pati,

22 2344 115 2386 quod
138 2342 249 2377 estin
277 2342 360 2377 Bas.
384 2344 418 2377 1.
449 2343 482 2376 2.
508 2343 542 2376 4.
577 2344 667 2387 Teg.
700 2342 775 2375 Erl.
807 2340 897 2376 Tur.
926 2341 959 2375 1.
990 2340 1025 2374 2.
1059 2341 1165 2374 Bern.
1201 2341 1233 2374 1.
1253 2341 1290 2375 2.
1311 2341 1345 2375 3.
1378 2345 1413 2375 et

23 2400 144 2434 decem
180 2399 321 2439 Leidd.;
367 2400 427 2433 sed
457 2400 670 2434 relicuorum
701 2410 887 2432 consensus
925 2398 1112 2442 vulgatum
1154 2398 1240 2432 satis
1269 2398 1413 2432 firmato

22 2457 170 2491 videtur.
193 2475 238 2481 —-
278 2457 424 2500 Ganea,
457 2457 598 2500 proprie
627 2458 727 2490 locus
760 2454 1062 2489 comissationibus
1094 2458 1129 2489 et
1158 2455 1297 2490 libidini
1329 2467 1413 2490 con-

18 2514 183 2555 stitutus,
223 2524 257 2546 v.
280 2513 412 2547 Nonius
441 2515 493 2555 ll,
521 2514 602 2548 387.
635 2517 669 2547 et
699 2513 825 2546 Donat.
860 2513 904 2546 ad
928 2512 1012 2546 Ter.
1046 2511 1194 2556 Adelph.
1223 2512 1285 2554 111,
1305 2513 1340 2555 3,
1362 2513 1410 2556 5„

21 2571 60 2605 h.
82 2572 106 2605 l.
131 2572 174 2605 de
196 2570 311 2614 epulis
333 2571 485 2614 opiparis
509 2571 681 2614 nimisque
705 2569 813 2604 lautis
836 2569 978 2609 dictum,
1003 2573 1042 2603 ut
1065 2570 1157 2613 apud
1180 2570 1268 2605 Plin.
1292 2572 1341 2607 H.
1364 2572 1408 2606 N.

22 2629 113 2670 vlu,
141 2628 200 2670 51,
223 2639 256 2671 p.
291 2627 381 2661 med.
422 2639 532 2672 neque
566 2629 636 2661 alio
673 2639 714 2661 ex
750 2627 899 2661 animali
934 2627 1058 2670 (quam
1082 2628 1162 2672 sue)
1197 2629 1410 2662 numerosior

22 2687 173 2721 materia
205 2696 358 2731 ganeae.
413 2685 484 2719 Cic.
521 2684 558 2719 in
588 2684 660 2719 Pis.
684 2684 740 2727 Vl,
772 2684 829 2719 13.
861 2685 1056 2729 paullisper
1085 2686 1242 2720 stetimus
1276 2686 1313 2720 in
1343 2687 1410 2721 isto

1031 2741 1065 2787 5
1102 2745 1129 2774 *
