1630 3034
127 140 221 219 '572
367 146 378 149 ’
500 140 1161 216 esALLUSTlcalsm

137 290 359 352 praesidio
384 291 579 335 missum.
616 290 793 334 Deinde
824 305 927 334 eum
958 296 1002 335 et
1031 305 1301 352 proxumum
1322 290 1441 335 diem
1462 292 1520 335 si-
1573 288 1576 291 ”

99 393 314 433 2nemetu
346 388 567 431 coniuncti
598 393 713 431 eunt.
750 388 872 443 Post,
903 389 980 433 ubi
1007 395 1152 434 castra
1180 390 1326 433 locata
1356 394 1400 432 et
1435 388 1521 433 diei

134 493 297 545 vespei·
342 490 460 542 erat,
502 478 688 545 repente
731 484 919 530 Maurus
962 485 1130 530 incerto
1178 486 1315 543 voltu,
1350 501 1520 545 pavens

133 583 193 626 ad
236 583 425 628 Sullam⁷
457 582 647 626 accurrit
692 582 887 642 dicitque
935 582 1017 627 sibi
1066 598 1119 626 ex
1166 582 1520 643 speculatoribus

133 707 212 741 Liv.
253 707 337 748 Vll,
369 705 437 747 35,
469 705 526 739 10.
585 705 626 739 Si
655 717 721 739 παι·
753 711 947 751 opportuna
979 711 1030 741 est
1062 706 1253 751 eruptioni,
1286 706 1412 740 sicut
1444 711 1520 739 est.

132 769 274 802 Fauna.
1476 794 1479 797 .

225 830 311 863 CH.
337 831 369 871 ἓ.
394 828 428 862 1.
454 830 489 861 et
512 827 546 862 2.
580 827 782 871 adveniens]
831 828 911 861 Hoc
933 827 1171 871 participium,
1195 827 1288 871 quod
1312 826 1523 861 Gerlacliius

132 892 167 925 in
192 891 400 924 Commentt.
434 900 468 932 p.
493 887 573 921 331.
598 888 828 930 „insolitum“
853 888 957 932 dicit,
991 901 1034 923 ne
1059 888 1204 933 perfecti
1228 891 1436 932 potestatem
1460 888 1521 922 ha-

130 953 214 985 bere
248 951 391 993 credas,
423 950 481 984 adi
513 953 678 998 annotata
710 950 753 983 ad
787 962 815 984 c.
847 951 892 994 X,
916 951 950 984 2.
976 963 1008 994 p.
1033 950 1079 984 50
1103 962 1153 994 sq.
1179 970 1225 975 -
1250 936 1416 994 Appellat
1438 948 1462 983 i.
1487 961 1520 984 e.

131 1014 175 1048 ad
192 1024 273 1046 eum
292 1023 327 1046 se
351 1011 532 1054 convertit,
559 1022 640 1044 eum
665 1010 878 1054 alloquitur3
903 1022 936 1044 v.
962 1024 993 1047 c.
1018 1012 1125 1053 cxn,
1147 1011 1179 1045 1.
1208 1011 1331 1044 cxlll.
1355 1011 1388 1044 2.
1416 1011 1521 1044 Herz.

132 1075 174 1108 ml
194 1074 293 1108 Caes.
316 1074 359 1107 B.
386 1073 430 1107 G.
456 1072 497 1116 V,
522 1072 580 1107 33.
607 1084 638 1116 p.
663 1070 744 1105 274.
763 1092 808 1096 —
830 1072 985 1118 Dicitque
1009 1083 1127 1107 omnes
1152 1071 1252 1106 codd.
1275 1083 1414 1106 summa
1438 1083 1522 1106 cou—

130 1137 260 1171 stantia
282 1137 417 1174 tenent3
441 1144 548 1176 quare
569 1136 699 1167 temere
716 1133 854 1167 Cottius
878 1135 1023 1178 expulit,
1046 1134 1140 1168 idem
1164 1145 1268 1167 ausus
1291 1145 1320 1169 c.
1346 1133 1452 1175 cxli,
1476 1133 1522 1174 1.,

131 1207 347 1241 quamquam
370 1194 515 1229 concedi
538 1194 639 1228 debet
663 1195 845 1228 commode
870 1199 903 1229 et
928 1207 969 1229 ex
993 1207 1057 1229 usu
1081 1195 1240 1229 Sallustii
1263 1195 1383 1228 abesse
1406 1205 1521 1238 possm

130 1272 166 1294 v,
191 1260 235 1293 ad
260 1271 290 1293 c.
315 1257 407 1298 vul,
431 1256 464 1289 1.
489 1267 522 1299 p.
547 1255 603 1289 44.
629 1275 672 1281 —
708 1256 840 1290 Boccho
877 1268 940 1290 cur
971 1257 1127 1291 additum
1159 1256 1203 1290 sit
1231 1267 1268 1290 se
1302 1267 1387 1295 non-
1403 1255 1521 1288 videre

129 1320 180 1355 ait
204 1319 353 1353 Cottius.
389 1318 498 1351 Recte
523 1321 640 1351 autem
667 1317 785 1350 Faber
809 1321 926 1351 monet
951 1330 1089 1352 sensum
1113 1329 1187 1351 esse
1210 1318 1320 1351 hunc:
1346 1329 1383 1351 se
1405 1317 1521 1350 filium

129 1394 204 1416 esse
231 1379 388 1421 Bocchi,
412 1382 447 1413 et
479 1390 501 1413 a
532 1382 631 1423 patre
662 1378 820 1415 missum.
868 1379 1034 1413 Additum
1058 1380 1189 1425 igitur,
1219 1383 1258 1412 ut
1295 1379 1397 1412 Sulla
1431 1377 1521 1412 scire

127 1446 258 1486 posset⁷
282 1441 357 1485 quis
382 1446 467 1474 esset
498 1440 617 1482 Volux,
642 1450 746 1482 quem
769 1439 923 1473 nondum
946 1444 1103 1475 noverat.
1128 1458 1172 1465 —
1196 1440 1271 1474 Illis
1295 1451 1364 1483 qua
1386 1439 1520 1473 ratione

128 1503 165 1537 in
189 1502 346 1537 oratione
370 1502 514 1545 obliqua
538 1501 690 1545 positum
716 1499 776 1542 sit,
810 1500 960 1535 diximus
984 1502 1027 1536 ad
1052 1514 1079 1535 c.
1104 1502 1192 1542 LVI,
1216 1501 1250 1534 ἃ.
1277 1500 1428 1534 Pluralis
1455 1511 1518 1533 au-

127 1568 199 1598 tem
223 1564 302 1597 licet
326 1563 584 1606 quodammodo
609 1561 766 1596 excusari
792 1562 911 1605 possit,
939 1562 968 1596 si
998 1565 1129 1596 statuas
1152 1562 1320 1595 Yolucem
1345 1573 1413 1595 nou
1437 1561 1519 1595 Sul-

127 1626 202 1660 lam
225 1625 358 1666 solum,
392 1624 451 1657 sed
475 1625 586 1668 ipsum
612 1633 688 1657 cum
712 1625 890 1658 comitibus
915 1615 1143 1665 intellexisse,
1167 1626 1283 1658 tamen
1309 1624 1419 1658 multo
1443 1634 1518 1658 ma-

127 1689 221 1721 xime
245 1687 358 1730 placet
381 1685 446 1726 illi,
472 1685 561 1728 quod
588 1684 616 1718 si
641 1685 675 1717 in
700 1682 879 1728 pluribus,
912 1696 1019 1729 quam
1051 1684 1086 1718 in
1111 1685 1234 1718 Franc.
1260 1685 1400 1720 Vratisl.
1425 1684 1459 1720 2.
1486 1688 1522 1719 et

126 1748 274 1784 Tauria.
308 1750 479 1788 exstaret,
512 1757 580 1779 non
613 1745 825 1779 dubitassem
859 1746 894 1779 in
930 1750 1062 1780 textum
1098 1744 1273 1788 recipcre,
1312 1745 1518 1789 praesertim

126 1821 276 1855 quumw,=
300 1809 418 1843 littera
441 1807 548 1842 facile
571 1818 613 1840 ex
637 1811 799 1850 sequente
823 1807 995 1842 vocabulo
1025 1806 1245 1850 praecedenti
1270 1807 1519 1841 adhaerescere

126 1871 290 1917 potuerit.
314 1890 359 1896 —
393 1870 444 1902 De
476 1867 657 1913 particulis
688 1869 790 1901 simul
821 1888 867 1892 —
900 1873 933 1902 ct
956 1879 990 1904 v.
1015 1869 1060 1902 ad
1083 1879 1111 1902 c.
1138 1868 1276 1911 xm'n,
1301 1868 1335 1904 2.
1360 1889 1404 1894 —
1439 1869 1518 1902 Diei

125 1932 266 1966 coruus
299 1942 343 1965 ne
374 1941 443 1964 uno
477 1929 618 1974 quidem
652 1928 770 1962 codice
801 1929 939 1963 adiutus
971 1929 1122 1963 mutavit
1154 1928 1190 1962 in
1224 1929 1293 1970 dic,
1326 1929 1423 1973 quasi
1450 1929 1517 1964 ista

126 1997 260 2034 forma,
293 1991 479 2035 aliquoties
514 2002 535 2025 a
569 1990 740 2024 Sallustio
773 1994 939 2035 usurpata
971 1990 1022 2034 (v.
1049 1990 1105 2024 ad.
1140 2001 1169 2023 c.
1204 1990 1301 2032 xxt,
1327 1991 1360 2024 2.
1385 1991 1458 2034 Lu,
1482 1989 1516 2024 3.

126 2055 262 2097 XCVH,
285 2053 348 2098 3),
373 2053 502 2097 ubique
530 2052 709 2086 inferenda
733 2051 787 2086 sit.
814 2072 858 2079 —
884 2052 1018 2086 Paucas
1046 2051 1140 2085 idem
1163 2051 1247 2085 satis
1271 2056 1401 2085 temere
1424 2051 1517 2085 «lele-

124 2118 197 2158 xit;
230 2128 342 2160 neque
375 2115 468 2149 enim
502 2126 593 2148 unus
626 2113 707 2149 Seu.
742 2114 788 2154 1.,
820 2111 880 2156 qui
901 2113 966 2147 isto
991 2113 1166 2147 vocabulo
1190 2117 1295 2154 caret,
1319 2117 1515 2147 ceterorum

124 2178 281 2212 omnium
298 2177 458 2211 codicum
483 2187 650 2209 consensu
670 2175 747 2218 plus
772 2175 890 2208 valere
911 2178 1035 2218 potest,
1059 2185 1170 2217 neque
1191 2185 1313 2208 verum
1334 2178 1396 2215 est,
1421 2175 1515 2218 quod

125 2240 187 2273 illc
221 2239 316 2280 vult,
355 2249 486 2282 paucus
520 2237 672 2280 ineptam
705 2236 863 2281 glossam
896 2247 971 2270 esse
1000 2235 1281 2279 praecedentium
1315 2236 1516 2277 verborum,

125 2301 210 2345 qnia
235 2301 384 2333 incertus
409 2300 521 2332 voltus
544 2298 589 2332 sit
611 2308 745 2340 eorum3
771 2297 831 2341 qui
857 2301 1014 2341 paveant.
1064 2298 1133 2332 Sed
1159 2309 1226 2331 non
1250 2307 1370 2330 carere
1394 2295 1429 2329 vi
1452 2307 1514 2329 sua

122 2373 253 2407 pavens
278 2359 503 2404 participium
529 2359 633 2394 facile
657 2359 801 2400 senties,
832 2358 861 2391 si
886 2363 1058 2392 commate
1084 2362 1164 2402 post
1189 2359 1283 2391 voltu
1308 2355 1514 2397 distinxeris,

124 2435 193 2467 quo
216 2421 379 2467 gradatio
404 2422 555 2455 efficitur
581 2422 642 2465 (v.
667 2421 709 2454 ad
735 2432 765 2453 c.
793 2420 951 2462 XXUH,
975 2420 1008 2454 ⁴.
1036 2432 1072 2464 p.
1097 2419 1205 2463 162.)
1241 2418 1286 2452 ad
1318 2417 1514 2451 describen-

125 2485 206 2518 dam
232 2482 349 2517 Mauri
371 2481 667 2525 perturbationem
694 2492 862 2525 perquam
883 2481 1168 2522 acconnnodata3
1202 2491 1281 2513 nam
1307 2491 1369 2523 per
1391 2490 1428 2513 se
1450 2489 1513 2523 pn-

123 2549 195 2586 tet‚
233 2545 364 2577 incerto
387 2544 482 2577 voltu
507 2542 550 2576 ad
574 2545 750 2576 externam
774 2542 924 2585 speciem
957 2542 1144 2587 pertinere,
1177 2552 1308 2585 pavens
1340 2541 1514 2575 internum
1558 2553 1564 2562 ⁵

124 2606 233 2644 nubiti
257 2609 385 2640 statum
410 2604 606 2648 designare.
640 2624 683 2629 --
720 2604 876 2649 Dicitque
902 2604 1040 2638 Curtius
1066 2602 1198 2647 pariter
1222 2607 1259 2637 ut
1282 2605 1314 2645 §.
1341 2603 1372 2636 l.
1394 2600 1511 2635 invitis

124 2667 284 2701 omnibus
309 2665 407 2700 libris
431 2664 606 2708 expunxit.

217 2731 248 2770 §.
283 2727 316 2761 3.
344 2727 481 2771 feroci]
529 2726 552 2759 i.
587 2738 617 2759 o.
652 2725 824 2770 intrepido
861 2737 902 2760 ac
937 2724 1039 2766 ἴοι-ῦς
1072 2736 1105 2757 v.
1131 2724 1175 2757 ad
1202 2722 1305 2758 Catil.
1332 2723 1392 2763 xi,
1417 2721 1450 2755 5'-
1475 2733 1506 2765 p.

123 2787 179 2821 50.
208 2806 249 2811 —-
291 2785 342 2820 Ex
375 2792 484 2832 negat
523 2787 628 2821 verbo
660 2787 702 2821 ad
727 2790 926 2830 sequentem
959 2785 1234 2820 enunciationem
1258 2784 1307 2818 ita
1331 2781 1509 2823 transitur,
