1630 3034
209 120 237 163 8
527 174 530 176 .
818 121 976 162 1NnEx

210 233 364 266 Ablativus
388 232 454 265 loci
479 236 514 264 et
537 232 692 275 temporis
716 231 805 264 unde
828 231 1042 275 repetendus,
1070 231 1094 264 1.
1123 231 1178 271 30,
1203 231 1235 264 3.
1284 231 1340 271 64,
1366 232 1397 264 4.

210 289 363 321 Ablaeivus
388 287 454 320 loci
480 297 544 320 non
570 297 643 320 cum
667 287 785 319 ablatt.
813 287 933 320 absoll.
961 286 1225 326 confundendus,
1250 286 1274 320 Ι.
1303 287 1357 327 52,
1383 286 1414 321 3.

209 345 364 377 Ablativus
396 343 461 375 loci
493 345 525 375 in
555 343 830 386 praepositionem
861 343 1009 386 respuit,
1042 343 1100 376 ubi
1134 343 1302 376 adieetiva
1326 347 1423 382 totus,
1458 347 1590 382 cunctus,

297 400 461 441 plerusque
483 399 660 438 habentur,
685 398 710 431 Ι.
738 397 792 439 79,
817 398 850 433 2.

209 457 363 489 Ablativus
407 455 564 499 temporis
613 454 771 496 quomodo
815 454 948 487 differat
991 465 1010 487 a
1055 460 1124 496 post
1172 455 1416 499 praepositione
1463 455 1588 493 addita,

298 511 325 544 Ι.
352 510 406 551 11,
433 511 465 545 2.

208 568 361 600 Ablativus
387 567 429 600 ad
453 568 608 610 temporis
634 566 887 599 continuitatem
913 566 1164 608 significandam
1190 566 1377 607 adhibitus,
1405 567 1440 600 C.
1468 566 1530 607 59,
1556 567 1587 599 6.

296 623 322 656 Ι.
352 623 406 663 54,
433 623 463 656 1.
1022 624 1030 628 ’

207 679 360 712 Ablatz'vus
385 679 541 722 temporis
566 688 624 722 pro
648 679 728 710 intra
753 688 781 710 c.
810 686 922 710 aecus.
948 676 972 709 Ι.
1003 676 1058 718 11,
1087 677 1120 712 2.

207 736 361 767 Ablativus
386 735 473 767 modi
498 746 562 767 non
588 745 660 767 cum
685 734 788 767 ablat.
816 734 971 776 temporis
998 732 1264 774 confundendus,
1291 733 1326 767 C.
1354 735 1408 774 51,
1434 736 1465 768 4.

206 791 360 823 ΑὺΙαιὶυιιε
383 791 470 823 modi
495 801 560 834 qua
587 801 624 823 re
650 790 782 823 differat
813 800 833 823 a
867 800 934 822 cum
966 789 1212 834 praepositione
1239 790 1372 830 addita,
1405 789 1429 824 I.
1458 789 1520 829 53,
1554 789 1585 822 7.

297 846 352 887 64,
379 848 433 879 5.-
461 846 516 887 65,
542 846 574 879 3.
625 845 702 885 106,
728 847 759 879 4.

206 903 378 942 Ablacivus,
417 913 481 945 quo
517 904 551 935 in
588 903 831 946 comparatione
868 902 1098 944 significatur,
1144 906 1289 943 qnantum
1327 912 1394 935 una
1439 912 1493 935 res
1535 903 1587 935 al-

296 963 401 991 teram
432 963 587 1002 superet,
624 959 789 992 interdum
822 968 894 991 cum
927 960 1095 991 accusativo
1128 963 1362 999 commutatur,
1405 957 1440 991 C.
1475 958 1515 997 8,
1553 958 1586 992 2.

293 1014 317 1048 1.
345 1014 401 1054 85,
428 1015 483 1048 22.

204 1072 358 1103 Ablativus
382 1078 386 1080 ’
406 1071 692 1103 substantivorum
741 1070 927 1103 verbalium
975 1071 1048 1103 sIne
1092 1070 1392 1114 praepositionibus
1443 1071 1587 1114 ponitur.

297 1126 332 1160 C.
368 1126 424 1165 42,
459 1126 490 1158 3.
539 1126 563 1159 Ι.
598 1126 632 1166 2,
666 1127 698 1159 4.

204 1184 357 1216 Ablativus
391 1183 482 1214 solus
514 1183 587 1215 sine
621 1183 659 1214 ab
693 1192 859 1226 praepos,
895 1183 1026 1216 nonnisi
1051 1187 1142 1216 certa
1169 1183 1362 1216 condicione
1387 1182 1427 1215 de
1451 1184 1589 1224 personis

293 1240 448 1282 usurpari
473 1243 594 1280 potest,
620 1238 644 1272 Ι.
671 1239 727 1278 21,
757 1239 788 1272 3.
839 1239 894 1278 94,
921 1239 952 1272 3.

202 1296 356 1328 Ablativus
398 1295 519 1327 omissa
562 1305 628 1327 cum
667 1306 816 1339 praepos.
859 1295 915 1328 ubi
956 1296 996 1328 de
1037 1297 1166 1328 eccm-cna
1199 1296 1329 1336 agitur,
1372 1294 1406 1329 C.
1443 1294 1505 1333 57,
1553 1296 1585 1328 4.

292 1351 317 1384 Ι.
352 1351 415 1390 46,
451 1352 481 1383 5.

201 1409 356 1439 Ablativus
389 1408 488 1439 unius
521 1407 726 1440 substantivi
752 1418 817 1439 cum
850 1409 1126 1451 praepositionem
1152 1409 1278 1450 exigit,
1315 1409 1345 1441 si
1378 1419 1417 1441 eo
1449 1407 1586 1441 verbum

291 1464 442 1496 adverbii
468 1464 540 1496 loco
567 1464 734 1504 definitur,
761 1464 784 1496 l.
814 1464 868 1503 14,
896 1464 949 1496 15.
1000 1465 1056 1505 54,
1084 1465 1113 1498 1.

201 1520 355 1552 Ablativus
389 1530 461 1552 cum
494 1521 525 1551 in
556 1530 707 1564 praepos.
745 1521 941 1553 coniunctus
977 1521 1043 1553 vim
1084 1521 1307 1554 secundariae
1341 1521 1586 1554 enunciationis

291 1576 403 1615 habet,
431 1575 465 1608 C.
493 1576 527 1615 2,
555 1575 608 1608 10.
657 1575 681 1608 Ι.
712 1576 766 1616 14,
793 1578 825 1609 5.
878 1576 1007 1617 14,11.

199 1632 352 1663 Ablativus
385 1642 456 1663 cuin
485 1632 514 1662 ‘in
549 1643 700 1675 praepos.
737 1633 906 1675 significat
940 1635 1020 1674 quod
1053 1635 1165 1671 (ιΙιίηιί,
1201 1634 1236 1666 C.
1269 1634 1324 1673 51,
1358 1633 1414 1667 35.

199 1688 352 1719 Ablatirus
382 1698 454 1719 cuin
484 1689 512 1718 in
542 1698 692 1731 praepos.
726 1699 787 1730 qua
826 1690 1014 1722 sententiae
1052 1691 1252 1723 diversitate
1285 1700 1356 1723 cum
1390 1692 1585 1724 accusativo
1604 1727 1612 1732 ‚a

290 1744 467 1786 permutari
494 1744 611 1785 possit,
640 1743 674 1776 C.
705 1744 758 1783 51,
786 1744 841 1777 21.
893 1745 915 1776 Ι.
948 1744 1000 1783 17,
1028 1744 1060 1777 3.
1110 1746 1165 1783 41,
1193 1746 1224 1779 6.

199 1800 352 1831 ΛὸΙαιὶιηιε
382 1810 454 1831 cum
482 1801 511 1830 in
542 1810 692 1843 praepos.
723 1810 765 1833 ex
795 1800 908 1833 verbis
938 1801 1150 1840 transitivis,
1180 1802 1239 1834 scd
1271 1802 1424 1836 absolute
1453 1804 1582 1846 positis,

288 1856 447 1899 pendens,
476 1854 510 1887 C.
539 1855 571 1895 0,
599 1855 630 1887 ⁴2.
683 1856 737 1895 51,
762 1856 817 1889 25.
867 1856 892 1888 Ι.
922 1856 954 1895 6,
981 1857 1011 1889 3.

197 1913 349 1943 Ablutirns
396 1922 466 1944 cuin
512 1913 543 1942 in
590 1922 740 1955 praepos.
788 1913 844 1945 ubi
889 1923 951 1944 non
997 1914 1102 1955 possit
1146 1914 1216 1945 loeo
1261 1916 1447 1948 accusativi
1494 1918 1581 1959 poni.

288 1967 310 2000 1.
347 1968 379 2007 5,
413 1969 444 2000 4.

196 2025 348 2055 Ablalirus
382 2023 585 2057 substantivi
619 2034 690 2057 cum
733 2024 899 2057 adiectivo
933 2026 1100 2058 coniuncti
1141 2026 1206 2058 vini
1240 2027 1383 2059 sustinet
1421 2027 1581 2071 simplicis

286 2079 458 2119 adiectivi,
492 2080 516 2113 I.
550 2079 604 2120 70,
637 2080 670 2115 2.
721 2080 775 2120 79,
811 2080 842 2113 3.

194 2136 347 2167 Ablatirus
377 2140 473 2178 aptus
501 2147 542 2168 cx
568 2139 724 2177 utileserre,
752 2136 774 2169 1.
805 2136 858 2176 16,
887 2137 918 2169 3.

193 2192 348 2223 Ablativns
374 2201 439 2234 qua
464 2193 592 2225 ratione
621 2203 692 2225 cuin
717 2195 862 2234 socundus
887 2203 969 2225 voce
995 2194 1227 2235 coniungatur.
1256 2195 1278 2227 1.
1312 2193 1363 2232 17,
1394 2197 1424 2227 5.

193 2248 395 2279 Ablata-orum
423 2249 547 2280 duorum
575 2250 606 2281 in
632 2249 746 2281 eadem
773 2249 1008 2281 enunciationo
1033 2250 1167 2282 diversa
1194 2250 1325 2289 relatio,
1353 2250 1375 2283 Ι.
1405 2251 1458 2285 13.
1486 2252 1517 2282 2.

193 2303 328 2335 Ablativo
355 2304 515 2337 distantia
543 2306 678 2337 duorum
706 2306 850 2338 locorum
875 2307 1084 2346 designatur,
1114 2305 1137 2338 1.
1168 2305 1222 2345 75,
1249 2306 1279 2338 2.

193 2359 346 2391 Ablnlivus
373 2361 618 2402 participiorum
646 2362 677 2392 in
703 2372 784 2392 —rzs
812 2363 942 2404 quando
968 2362 999 2394 in
1027 2364 1036 2393 ι’
1061 2367 1172 2397 exunt.
1199 2362 1221 2395 1.
1252 2360 1307 2397 73,
1333 2363 1363 2394 3.

193 2416 321 2446 Ablatiri
347 2417 479 2448 absoluti
505 2427 590 2458 quae
617 2418 661 2449 sit
687 2418 842 2459 primaria
870 2421 1032 2460 potestas,
1063 2417 1098 2450 C.
1132 2418 1181 2455 41,
1210 2419 1240 2451 3.

193 2472 345 2502 Ablata-us
372 2474 526 2504 absolutus
553 2473 657 2506 solius
684 2475 861 2517 participii,
890 2474 924 2506 C.
954 2474 1009 2508 41.
1041 2476 1070 2506 5.

191 2528 344 2558 Ablrelivux
371 2529 524 2560 absolutus
551 2529 708 2563 adiectivi
739 2540 810 2563 cuin
836 2531 1002 2563 substant.
1035 2531 1214 2568 coniuncti,
1243 2531 1277 2562 (Σ.
1311 2530 1361 2566 11.
1399 2532 1421 2563 1.
1457 2531 1511 2564 30,
1543 2532 1573 2563 3.

281 2583 336 2622 46,
364 2585 393 2616 5,
449 2584 500 2623 47,
530 2585 556 2617 Ι.
607 2585 630 2618 1,
659 2587 691 2624 4,
719 2585 748 2618 7.
800 2586 855 2622 43,
881 2586 912 2618 0,

192 2639 344 2671 Atlantas
371 2641 524 2673 absolutus
551 2641 753 2674 substantivi
781 2647 812 2674 et
840 2643 884 2673 hic
911 2643 1120 2684 pronominis.
1157 2643 1176 2674 Ι.
1214 2644 1239 2675 1.
1268 2642 1295 2673 7,
