1630 3034
446 155 803 198 IUGURTHA.
862 156 996 199 CAP.
1026 157 1214 200 XXVII.
1435 162 1519 202 157

137 273 359 318 trahendo
394 280 570 333 tempus
607 273 883 317 atrocitatem
915 274 1019 318 facti
1055 275 1288 320 leniebant.
1369 275 1438 319 Ac
1473 276 1553 319 ni2

139 369 190 414 C.
232 371 500 425 Memmius,
547 371 746 414 tribunus
786 370 932 429 plebis
980 369 1261 430 designatus,
1306 372 1372 415 vir
1417 388 1520 416 acer

138 473 182 510 et
220 467 403 511 infestus
439 468 667 527 potentiae
701 467 960 521 nobilitatis,
1004 469 1226 527 populum
1261 469 1519 512 Romanum

135 563 385 607 edocuisset
427 564 474 607 id
522 564 619 623 agi,
664 564 727 607 uti
772 579 857 623 per
901 578 1070 623 paucos
1106 565 1315 609 factiosos
1350 565 1517 625 lugur-

132 660 237 703 thae
292 661 433 705 scelus
483 660 836 716 condonaretur,
890 660 1099 720 profecto
1156 662 1297 706 omnis
1353 662 1516 706 invidia

128 852 276 886 Helleno
311 853 335 886 1.
369 864 401 896 p.
435 852 515 889 103.
555 853 609 887 ed.
643 855 752 887 Heus.
784 854 958 887 Drakenb.
992 855 1035 887 ad
1067 854 1142 888 Liv.
1166 855 1218 896 II,
1254 854 1296 895 1,
1321 854 1353 888 7.
1382 855 1514 890 eremi.

128 915 173 948 ad
198 914 285 958 Nep.
312 914 438 957 Epam.
464 925 493 947 c.
519 915 572 955 X,
597 913 631 947 3.
657 915 838 959 Kreyssig.
866 915 1075 949 Conunentt.
1100 916 1143 948 II.
1169 916 1210 947 de
1245 915 1333 948 Sall.
1364 917 1512 960 Fragm.

126 987 160 1020 p.
193 974 248 1008 16.
283 974 313 1007 Α
345 985 429 1007 vero
462 973 572 1018 igitur
603 975 780 1009 aberravit
817 976 1044 1017 Gerlachius,
1081 975 1115 1008 in
1142 976 1346 1011 Commentt.
1375 989 1407 1020 p.
1430 977 1511 1011 254.

125 1037 218 1069 hanc
241 1038 452 1069 structuram
476 1036 708 1079 antiquiorum
730 1036 939 1080 scriptorum
965 1048 1039 1070 esse
1062 1036 1187 1070 dicens.
1218 1056 1264 1062 —-
1298 1038 1411 1079 Idem,
1442 1050 1510 1072 non

126 1097 244 1138 iidem,
270 1106 390 1128 omnes
422 1097 588 1139 praebent
612 1098 710 1132 codd.
746 1117 790 1122 —-
826 1099 976 1142 Iurgiis,
1009 1109 1042 1129 v.
1077 1097 1120 1130 ad
1155 1098 1231 1130 Cat.
1256 1098 1392 1140 XXXI,
1415 1098 1449 1132 5.
1475 1111 1508 1143 p.

125 1156 194 1191 145
225 1156 532 1199 sq--Lenicbant
563 1158 679 1191 Faber
710 1162 802 1191 recte
832 1159 919 1192 vidit
954 1159 1072 1191 valere
1098 1159 1205 1191 lenire
1236 1159 1420 1193 studebant
1453 1160 1510 1193 vel

124 1217 344 1261 incipiebant·
404 1217 492 1250 Nam
527 1229 634 1260 quum
665 1217 871 1263 imperfecto
902 1218 993 1252 actio
1025 1218 1202 1262 praeteriti
1228 1219 1396 1263 temporis
1418 1232 1509 1253 ποη-

125 1280 205 1312 dum
231 1278 387 1312 absoluta
411 1278 628 1323 designetur,
653 1279 721 1312 hoc
745 1283 816 1312 tam
843 1281 912 1312 late
937 1284 1051 1322 patet,
1076 1283 1134 1320 ut,
1166 1280 1325 1323 inceptae
1360 1281 1509 1315 actionis

122 1340 260 1374 notione
289 1339 532 1382 praevalente,
566 1344 707 1373 conatus
740 1339 848 1372 etiam
882 1350 924 1372 ac
949 1340 1099 1373 studium
1124 1340 1175 1373 rei
1200 1341 1356 1384 agendae
1378 1341 1509 1385 imper-

122 1402 214 1435 fecto
244 1400 471 1434 contineatur.
504 1399 551 1431 cf.
585 1411 616 1434 c.
653 1401 794 1440 xxix,
830 1400 863 1433 3.
898 1400 1074 1443 Iugurtha
1095 1401 1243 1444 primum
1270 1393 1507 1437 tantummodi>

121 1462 200 1496 belli
222 1472 352 1494 moram
376 1461 662 1507 redimebat&
679 1460 836 1502 XXXIV,
862 1460 894 1494 1.
916 1461 1070 1493 Tametsi
1092 1461 1276 1494 multitudo
1301 1465 1509 1499 terrebat

122 1535 210 1564 eum,
234 1522 316 1555 vicit
344 1527 462 1555 tamen
489 1522 716 1565 impudentia.
739 1522 783 1554 cf.
808 1523 962 1566 Herzog.
983 1522 1026 1555 ad
1051 1521 1127 1556 Cat.
1152 1523 1278 1563 XXXI,
1304 1523 1336 1558 7.
1365 1536 1397 1568 p.
1424 1524 1504 1560 160.

119 1588 154 1618 et
176 1583 220 1617 ad
244 1583 341 1616 Caes.
367 1583 411 1617 B.
437 1583 478 1616 G.
505 1583 574 1623 111,
599 1583 632 1624 1,
657 1583 690 1616 1.
716 1583 899 1616 Bremium
923 1583 968 1616 ad
993 1583 1133 1617 Sueton.
1160 1584 1257 1617 Caes.
1283 1595 1313 1617 c.
1339 1585 1394 1619 15.
1421 1586 1505 1619 We-

116 1644 194 1678 beri
218 1643 368 1677 Exercit.
392 1643 473 1687 styli
499 1643 576 1677 Lat.
602 1643 648 1676 T.
673 1644 698 1678 I.
725 1655 756 1686 p.
779 1643 848 1676 2⁰1
873 1655 922 1686 sq.

207 1708 238 1748 §.
262 1705 296 1738 2.
332 1705 369 1738 C.
403 1704 596 1747 Memmius]
622 1704 675 1736 De
698 1703 803 1737 huius
826 1703 967 1748 ingenio
991 1714 1024 1737 v·
1049 1706 1168 1738 notata
1193 1705 1236 1738 ad
1260 1717 1290 1738 c.
1320 1706 1442 1748 XXX,
1466 1707 1502 1742 4.

116 1785 160 1791 —
197 1765 374 1799 Potentiae
416 1766 654 1806 vocabulum,
699 1764 790 1808 quod
824 1764 857 1797 in
895 1765 1045 1798 Eccard.
1079 1765 1191 1808 deest,
1224 1765 1382 1800 Curtium
1414 1768 1501 1801 adeo

115 1827 208 1861 male
241 1825 388 1866 habuit,
424 1829 463 1859 ut
494 1837 536 1859 eo
567 1826 696 1858 omisso
729 1825 903 1859 nobilitati
936 1826 1155 1859 scribendum
1191 1831 1365 1870 censeret,
1411 1828 1501 1863 nihil

113 1898 237 1921 curans
261 1892 293 1920 et
317 1886 437 1918 eadem
463 1886 571 1919 verba
595 1885 687 1919 infra
710 1896 890 1918 recurrere
912 1898 941 1919 c.
967 1887 1090 1928 XXX,
1114 1886 1148 1920 3.
1173 1890 1223 1928 et,
1247 1888 1339 1930 quod
1362 1888 1501 1932 gravis-

113 1949 240 1982 simum
269 1950 341 1987 eat,
364 1945 581 1979 nobilitatem
603 1957 670 1979 non
694 1958 756 1989 per
779 1958 835 1987 se,
869 1947 927 1979 sed
958 1948 1135 1990 potentiae
1167 1947 1306 1980 nomine
1340 1947 1501 1982 omnibus

113 2008 263 2042 invisam
289 2006 415 2048 fuisse,
441 2006 501 2048 qui
525 2006 704 2048 antiquam
729 2006 926 2039 libertatem
959 2011 1147 2040 tuerentur.
1203 2008 1377 2050 Quantam
1410 2008 1501 2042 invi-

113 2068 207 2113 diam
240 2065 330 2109 apud
367 2065 573 2099 Sallustium
603 2067 760 2110 potentia
791 2067 922 2100 habeat
946 2070 1041 2109 patet
1064 2078 1105 2100 ex
1129 2066 1229 2100 dictis
1253 2069 1296 2100 ad
1321 2068 1395 2101 Cat.
1420 2069 1498 2110 XX,

113 2127 148 2161 Ἰ.
170 2131 204 2160 et
225 2126 269 2159 ad
293 2126 495 2168 xxxvnl,
529 2126 560 2158 1.
586 2145 631 2150 -
658 2127 709 2159 ld
733 2128 835 2172 agi,
868 2128 919 2160 uti
942 2127 976 2160 h.
1001 2138 1031 2161 e.
1054 2127 1093 2159 id
1116 2138 1188 2160 esse
1221 2128 1397 2162 consilium
1413 2153 1422 2169 ‚
1457 2140 1496 2162 eo

113 2193 268 2232 spectare
291 2185 538 2227 contentiones,
560 2191 608 2219 ut.
656 2187 741 2231 Nep.
769 2188 943 2223 Themist.
967 2199 995 2220 c.
1021 2188 1067 2227 V,
1091 2188 1122 2220 l.
1149 2187 1223 2222 Liv.
1249 2189 1412 2232 XXXVI,
1439 2190 1496 2232 ll,

112 2249 168 2283 ll.
193 2247 262 2280 Cic.
288 2247 374 2288 Epp.
401 2246 443 2279 ad
469 2246 609 2281 Famm.
633 2248 701 2288 Ill,
724 2247 770 2289 7,
797 2247 851 2282 18.
899 2249 997 2282 Haec
1021 2247 1158 2281 Cortius
1183 2252 1296 2289 recte3
1330 2250 1390 2283 sed
1415 2261 1496 2294 per-

111 2319 231 2352 peram
257 2318 336 2340 cuin
362 2305 418 2339 his
441 2307 575 2340 confert
599 2308 701 2348 Catil.
727 2309 809 2348 Lu,
837 2309 891 2343 10.
918 2312 953 2342 et
975 2308 1032 2342 23.
1057 2309 1096 2342 V.
1122 2312 1242 2342 nostra
1265 2309 1309 2343 ad
1341 2309 1384 2344 ei.
1416 2322 1492 2355 cap.

111 2371 143 2411 §.
168 2368 191 2402 (i
225 2380 256 2411 p.
283 2366 364 2402 265.
387 2367 550 2411 Imperite
573 2367 682 2413 igitur
707 2369 912 2402 Muellerus:
937 2369 974 2402 id
996 2370 1070 2414 agi,
1096 2374 1136 2404 ut
1153 2369 1204 2403 est
1233 2369 1405 2412 formula,
1437 2370 1492 2404 in-

108 2428 204 2472 quit,
228 2428 354 2462 usitata
380 2440 460 2471 pro:
484 2432 615 2462 tantam
640 2434 783 2472 tamque
805 2433 940 2473 turpem
964 2441 1039 2462 rem
1062 2430 1199 2464 tentari.
1227 2448 1272 2454 —
1298 2431 1412 2465 Verba
1439 2433 1491 2466 uti

105 2501 169 2534 per
199 2500 328 2533 paucos
355 2490 525 2531 factiosos
557 2491 752 2535 Iugurthae
779 2491 888 2524 scelus
911 2490 1161 2523 condonaretur
1185 2490 1322 2525 Cottius
1344 2503 1412 2525 non
1437 2505 1489 2526 re-

107 2556 160 2584 cte.
182 2549 391 2584 intellexisse
415 2549 573 2592 videtur,
598 2550 815 2583 coniecturae
838 2549 1020 2595 indulgens
1043 2562 1106 2594 pro
1127 2562 1190 2596 per
1210 2563 1340 2596 paucos
1356 2554 1490 2595 sactio-

106 2621 159 2644 sos
182 2610 288 2644 etiam
309 2610 430 2653 paucis
446 2611 605 2653 factiosis
627 2610 732 2644 scribi
756 2622 879 2654 posse;
904 2622 984 2645 nam
1009 2611 1059 2645 sic
1087 2608 1281 2656 Iugurthae
1312 2612 1489 2657 genitivus

108 2670 213 2710 toret,
243 2681 312 2713 quo
343 2670 512 2704 sententia
548 2671 654 2714 plane
685 2670 720 2704 in
746 2671 896 2705 alienum
922 2672 1164 2715 detorquetur3
1189 2684 1223 2705 v.
1245 2674 1287 2706 ad
1312 2674 1386 2707 Cat.
1412 2674 1486 2714 LII,

105 2728 138 2764 8.
162 2729 262 2764 Locis
286 2729 336 2763 ibi
358 2729 507 2764 laudatis
530 2730 618 2764 adde
641 2730 720 2764 le.
745 2731 813 2773 ΙΙΙ,
838 2731 881 2766 12
896 2757 906 2773 ,
929 2731 962 2766 8.
989 2752 1032 2757 -—
1057 2733 1150 2767 Loco
1177 2733 1271 2767 verbi
1302 2735 1483 2777 prolatan-
