<?xml version="1.0" encoding="UTF-8"?>
<!DOCTYPE html PUBLIC "-//W3C//DTD XHTML 1.0 Transitional//EN"
    "http://www.w3.org/TR/xhtml1/DTD/xhtml1-transitional.dtd">
<html xmlns="http://www.w3.org/1999/xhtml" xml:lang="en" lang="en">
 <head>
  <title>
</title>
<meta http-equiv="Content-Type" content="text/html;charset=utf-8" />
  <meta name='ocr-system' content='tesseract 3.04.00' />
  <meta name='ocr-capabilities' content='ocr_page ocr_carea ocr_par ocr_line ocrx_word'/>
</head>
<body>
  <div class='ocr_page' id='page_1' title='image "./operaquaesupeappx01salluoft_0105.png"; bbox 0 0 1630 3034; ppageno 0'>
   <div class='ocr_carea' id='block_1_1' title="bbox 390 171 1410 216">
    <p class='ocr_par' dir='ltr' id='par_1_1' title="bbox 390 171 1410 216">
     <span class='ocr_line' id='line_1_1' title="bbox 390 171 1410 216; baseline 0.004 -4"><span class='ocrx_word' id='word_1_1' title='bbox 390 171 728 213; x_wconf 86' lang='lat' dir='ltr'>CATILINA.</span> <span class='ocrx_word' id='word_1_2' title='bbox 795 171 924 214; x_wconf 87' lang='lat' dir='ltr'>cAP.</span> <span class='ocrx_word' id='word_1_3' title='bbox 956 171 1046 214; x_wconf 87' lang='lat' dir='ltr'>XV.</span> <span class='ocrx_word' id='word_1_4' title='bbox 1353 175 1410 216; x_wconf 76' lang='lat'>75</span> 
     </span>
    </p>
   </div>
   <div class='ocr_carea' id='block_1_2' title="bbox 24 286 1458 620">
    <p class='ocr_par' dir='ltr' id='par_1_2' title="bbox 24 286 1458 620">
     <span class='ocr_line' id='line_1_2' title="bbox 28 286 1406 344; baseline -0.003 -10"><span class='ocrx_word' id='word_1_5' title='bbox 28 288 263 334; x_wconf 77' lang='lat' dir='ltr'><strong>sacerdote</strong></span> <span class='ocrx_word' id='word_1_6' title='bbox 289 286 484 344; x_wconf 84' lang='lat' dir='ltr'>-Vestae,</span> <span class='ocrx_word' id='word_1_7' title='bbox 531 287 619 330; x_wconf 89' lang='lat' dir='ltr'>alia</span> <span class='ocrx_word' id='word_1_8' title='bbox 660 286 974 332; x_wconf 88' lang='lat' dir='ltr'>huiuscemodi</span> <span class='ocrx_word' id='word_1_9' title='bbox 1017 292 1172 332; x_wconf 88' lang='lat' dir='ltr'>contra</span> <span class='ocrx_word' id='word_1_10' title='bbox 1205 287 1270 331; x_wconf 89' lang='lat' dir='ltr'>ius</span> <span class='ocrx_word' id='word_1_11' title='bbox 1314 286 1406 330; x_wconf 88' lang='lat' dir='ltr'>fas-</span> 
     </span>
     <span class='ocr_line' id='line_1_3' title="bbox 27 377 1458 439; baseline -0.001 -15"><span class='ocrx_word' id='word_1_12' title='bbox 27 395 129 439; x_wconf 88' lang='lat' dir='ltr'>que.</span> <span class='ocrx_word' id='word_1_13' title='bbox 206 381 440 424; x_wconf 78' lang='lat' dir='ltr'>Postremo</span> <span class='ocrx_word' id='word_1_14' title='bbox 496 384 653 437; x_wconf 84' lang='lat' dir='ltr'>captus</span> <span class='ocrx_word' id='word_1_15' title='bbox 700 393 854 423; x_wconf 84' lang='lat' dir='ltr'>amore</span> <span class='ocrx_word' id='word_1_16' title='bbox 897 379 1107 429; x_wconf 79' lang='lat' dir='ltr'>Aureliae</span> <span class='ocrx_word' id='word_1_17' title='bbox 1153 377 1406 434; x_wconf 80' lang='lat' dir='ltr'><strong>Orestillae,</strong></span> <span class='ocrx_word' id='word_1_18' title='bbox 1428 391 1458 429; x_wconf 82' lang='lat'><strong>2</strong></span> 
     </span>
     <span class='ocr_line' id='line_1_4' title="bbox 26 468 1408 530; baseline -0.003 -15"><span class='ocrx_word' id='word_1_19' title='bbox 26 472 151 516; x_wconf 83' lang='lat' dir='ltr'>cuius</span> <span class='ocrx_word' id='word_1_20' title='bbox 184 476 364 530; x_wconf 87' lang='lat' dir='ltr'>praeter</span> <span class='ocrx_word' id='word_1_21' title='bbox 397 470 591 514; x_wconf 88' lang='lat' dir='ltr'>formam</span> <span class='ocrx_word' id='word_1_22' title='bbox 625 468 738 513; x_wconf 89' lang='lat' dir='ltr'>nihil</span> <span class='ocrx_word' id='word_1_23' title='bbox 771 484 984 528; x_wconf 85' lang='lat' dir='ltr'>umquam</span> <span class='ocrx_word' id='word_1_24' title='bbox 1017 471 1161 514; x_wconf 84' lang='lat' dir='ltr'>bonus</span> <span class='ocrx_word' id='word_1_25' title='bbox 1195 469 1408 524; x_wconf 88' lang='lat' dir='ltr'>laudavit,</span> 
     </span>
     <span class='ocr_line' id='line_1_5' title="bbox 24 560 1409 620; baseline -0.002 -15"><span class='ocrx_word' id='word_1_26' title='bbox 24 560 150 620; x_wconf 89' lang='lat' dir='ltr'>quod</span> <span class='ocrx_word' id='word_1_27' title='bbox 195 577 249 606; x_wconf 88' lang='lat' dir='ltr'>ea</span> <span class='ocrx_word' id='word_1_28' title='bbox 300 562 467 605; x_wconf 90' lang='lat' dir='ltr'>nubere</span> <span class='ocrx_word' id='word_1_29' title='bbox 513 561 580 605; x_wconf 90' lang='lat' dir='ltr'>illi</span> <span class='ocrx_word' id='word_1_30' title='bbox 636 560 894 616; x_wconf 81' lang='lat' dir='ltr'>dubitabat,</span> <span class='ocrx_word' id='word_1_31' title='bbox 947 561 1104 605; x_wconf 88' lang='lat' dir='ltr'>timens</span> <span class='ocrx_word' id='word_1_32' title='bbox 1149 560 1409 620; x_wconf 83' lang='lat' dir='ltr'>privignum</span> 
     </span>
    </p>
   </div>
   <div class='ocr_carea' id='block_1_3' title="bbox 25 650 1407 780">
    <p class='ocr_par' dir='ltr' id='par_1_3' title="bbox 25 650 1407 780">
     <span class='ocr_line' id='line_1_6' title="bbox 25 650 1407 780; baseline -0.001 -84"><span class='ocrx_word' id='word_1_33' title='bbox 25 652 180 780; x_wconf 49' lang='lat' dir='ltr'>adul?</span> <span class='ocrx_word' id='word_1_34' title='bbox 206 654 379 707; x_wconf 65' lang='lat' dir='ltr'>aetate,</span> <span class='ocrx_word' id='word_1_35' title='bbox 426 666 513 710; x_wconf 88' lang='lat' dir='ltr'>pro</span> <span class='ocrx_word' id='word_1_36' title='bbox 558 657 681 697; x_wconf 87' lang='lat' dir='ltr'>certo</span> <span class='ocrx_word' id='word_1_37' title='bbox 718 650 934 706; x_wconf 85' lang='lat' dir='ltr'>creditur,</span> <span class='ocrx_word' id='word_1_38' title='bbox 981 658 1139 697; x_wconf 87' lang='lat' dir='ltr'>necato</span> <span class='ocrx_word' id='word_1_39' title='bbox 1182 651 1278 696; x_wconf 83' lang='lat' dir='ltr'>filio</span> <span class='ocrx_word' id='word_1_40' title='bbox 1325 667 1407 694; x_wconf 87' lang='lat' dir='ltr'>va-</span> 
     </span>
    </p>
   </div>
   <div class='ocr_carea' id='block_1_4' title="bbox 12 783 1408 2723">
    <p class='ocr_par' dir='ltr' id='par_1_4' title="bbox 13 783 1408 1802">
     <span class='ocr_line' id='line_1_7' title="bbox 22 783 1408 830; baseline -0.001 -11"><span class='ocrx_word' id='word_1_41' title='bbox 22 795 104 820; x_wconf 87' lang='lat' dir='ltr'>men</span> <span class='ocrx_word' id='word_1_42' title='bbox 127 784 280 830; x_wconf 75' lang='lat' dir='ltr'>intelligi</span> <span class='ocrx_word' id='word_1_43' title='bbox 303 796 402 823; x_wconf 86' lang='lat' dir='ltr'>eam,</span> <span class='ocrx_word' id='word_1_44' title='bbox 427 784 470 817; x_wconf 86' lang='lat' dir='ltr'>de</span> <span class='ocrx_word' id='word_1_45' title='bbox 493 795 564 828; x_wconf 84' lang='lat' dir='ltr'>qua</span> <span class='ocrx_word' id='word_1_46' title='bbox 583 783 654 817; x_wconf 81' lang='lat' dir='ltr'>Cic.</span> <span class='ocrx_word' id='word_1_47' title='bbox 678 784 714 818; x_wconf 91' lang='lat' dir='ltr'>in</span> <span class='ocrx_word' id='word_1_48' title='bbox 737 788 825 819; x_wconf 89' lang='lat' dir='ltr'>orat.</span> <span class='ocrx_word' id='word_1_49' title='bbox 853 789 972 819; x_wconf 77' lang='lat' dir='ltr'>contra</span> <span class='ocrx_word' id='word_1_50' title='bbox 997 786 1033 820; x_wconf 87' lang='lat' dir='ltr'>C.</span> <span class='ocrx_word' id='word_1_51' title='bbox 1059 785 1137 818; x_wconf 85' lang='lat' dir='ltr'>Ant.</span> <span class='ocrx_word' id='word_1_52' title='bbox 1163 788 1196 818; x_wconf 86' lang='lat' dir='ltr'>et</span> <span class='ocrx_word' id='word_1_53' title='bbox 1221 785 1258 818; x_wconf 87' lang='lat' dir='ltr'>L.</span> <span class='ocrx_word' id='word_1_54' title='bbox 1284 783 1408 817; x_wconf 86' lang='lat' dir='ltr'>Catili-</span> 
     </span>
     <span class='ocr_line' id='line_1_8' title="bbox 21 841 1406 886; baseline -0.001 -10"><span class='ocrx_word' id='word_1_55' title='bbox 21 854 104 877; x_wconf 89' lang='lat' dir='ltr'>nam</span> <span class='ocrx_word' id='word_1_56' title='bbox 128 842 245 884; x_wconf 50' lang='grc' dir='ltr'>(ἱίκίιζεΧ</span> <span class='ocrx_word' id='word_1_57' title='bbox 266 854 306 877; x_wconf 65' lang='lat' dir='ltr'>ex·</span> <span class='ocrx_word' id='word_1_58' title='bbox 332 842 448 875; x_wconf 82' lang='lat' dir='ltr'>eodem</span> <span class='ocrx_word' id='word_1_59' title='bbox 471 847 588 886; x_wconf 83' lang='lat' dir='ltr'>stupro</span> <span class='ocrx_word' id='word_1_60' title='bbox 611 843 676 876; x_wconf 83' lang='lat' dir='ltr'>tibi</span> <span class='ocrx_word' id='word_1_61' title='bbox 699 847 733 877; x_wconf 85' lang='lat' dir='ltr'>et</span> <span class='ocrx_word' id='word_1_62' title='bbox 749 854 895 876; x_wconf 73' lang='lat' dir='ltr'>uxorem</span> <span class='ocrx_word' id='word_1_63' title='bbox 920 848 953 877; x_wconf 86' lang='lat' dir='ltr'>et</span> <span class='ocrx_word' id='word_1_64' title='bbox 968 844 1085 885; x_wconf 84' lang='lat' dir='ltr'>filiam</span> <span class='ocrx_word' id='word_1_65' title='bbox 1109 842 1292 882; x_wconf 75' lang='lat' dir='ltr'>invenisti,</span> <span class='ocrx_word' id='word_1_66' title='bbox 1326 841 1406 875; x_wconf 85' lang='lat' dir='ltr'>coll.</span> 
     </span>
     <span class='ocr_line' id='line_1_9' title="bbox 20 898 1406 941; baseline -0.003 -7"><span class='ocrx_word' id='word_1_67' title='bbox 20 901 115 934; x_wconf 89' lang='lat' dir='ltr'>Plut.</span> <span class='ocrx_word' id='word_1_68' title='bbox 147 900 184 934; x_wconf 91' lang='lat' dir='ltr'>in</span> <span class='ocrx_word' id='word_1_69' title='bbox 212 899 286 933; x_wconf 87' lang='lat' dir='ltr'>vita</span> <span class='ocrx_word' id='word_1_70' title='bbox 310 899 384 935; x_wconf 85' lang='lat' dir='ltr'>Cic.</span> <span class='ocrx_word' id='word_1_71' title='bbox 418 911 447 933; x_wconf 91' lang='lat' dir='ltr'>c.</span> <span class='ocrx_word' id='word_1_72' title='bbox 466 901 521 934; x_wconf 87' lang='lat'>10.</span> <span class='ocrx_word' id='word_1_73' title='bbox 552 919 598 925; x_wconf 89' lang='lat'>—</span> <span class='ocrx_word' id='word_1_74' title='bbox 643 901 811 934; x_wconf 81' lang='lat' dir='ltr'><em>Sacerdos</em></span> <span class='ocrx_word' id='word_1_75' title='bbox 839 902 985 941; x_wconf 70' lang='lat' dir='ltr'>Vestae,</span> <span class='ocrx_word' id='word_1_76' title='bbox 1016 903 1160 933; x_wconf 86' lang='lat' dir='ltr'>auctore</span> <span class='ocrx_word' id='word_1_77' title='bbox 1191 898 1338 932; x_wconf 84' lang='lat' dir='ltr'>Asconio</span> <span class='ocrx_word' id='word_1_78' title='bbox 1361 898 1406 931; x_wconf 85' lang='lat' dir='ltr'>ad</span> 
     </span>
     <span class='ocr_line' id='line_1_10' title="bbox 20 956 1403 1000; baseline -0.002 -10"><span class='ocrx_word' id='word_1_79' title='bbox 20 958 94 991; x_wconf 84' lang='lat' dir='ltr'>Cic.</span> <span class='ocrx_word' id='word_1_80' title='bbox 120 969 171 992; x_wconf 87' lang='lat' dir='ltr'>or.</span> <span class='ocrx_word' id='word_1_81' title='bbox 191 956 235 998; x_wconf 56' lang='lat' dir='ltr'>&gt;l;,¹</span> <span class='ocrx_word' id='word_1_82' title='bbox 258 957 328 991; x_wconf 82' lang='lat' dir='ltr'>fuit</span> <span class='ocrx_word' id='word_1_83' title='bbox 351 957 483 999; x_wconf 86' lang='lat' dir='ltr'>Fabia,</span> <span class='ocrx_word' id='word_1_84' title='bbox 509 957 715 1000; x_wconf 80' lang='lat' dir='ltr'>Terentiae,</span> <span class='ocrx_word' id='word_1_85' title='bbox 750 958 925 992; x_wconf 81' lang='lat' dir='ltr'>Ciceronis</span> <span class='ocrx_word' id='word_1_86' title='bbox 958 957 1096 998; x_wconf 86' lang='lat' dir='ltr'>uxoris,</span> <span class='ocrx_word' id='word_1_87' title='bbox 1129 968 1240 990; x_wconf 78' lang='lat' dir='ltr'>soror,</span> <span class='ocrx_word' id='word_1_88' title='bbox 1299 956 1403 988; x_wconf 89' lang='lat' dir='ltr'>Hunc</span> 
     </span>
     <span class='ocr_line' id='line_1_11' title="bbox 18 1013 1404 1058; baseline -0.001 -11"><span class='ocrx_word' id='word_1_89' title='bbox 18 1015 158 1055; x_wconf 85' lang='lat' dir='ltr'>locum,</span> <span class='ocrx_word' id='word_1_90' title='bbox 182 1014 404 1058; x_wconf 71' lang='lat' dir='ltr'>quein&#39;prius</span> <span class='ocrx_word' id='word_1_91' title='bbox 428 1016 597 1049; x_wconf 79' lang='lat' dir='ltr'>Gruterus</span> <span class='ocrx_word' id='word_1_92' title='bbox 621 1021 655 1050; x_wconf 86' lang='lat' dir='ltr'>et</span> <span class='ocrx_word' id='word_1_93' title='bbox 675 1017 814 1050; x_wconf 81' lang='lat' dir='ltr'>Curtius</span> <span class='ocrx_word' id='word_1_94' title='bbox 837 1018 1036 1058; x_wconf 85' lang='lat' dir='ltr'>suspectum</span> <span class='ocrx_word' id='word_1_95' title='bbox 1054 1015 1284 1054; x_wconf 82' lang='lat' dir='ltr'>reddiderant,</span> <span class='ocrx_word' id='word_1_96' title='bbox 1302 1013 1404 1046; x_wconf 83' lang='lat' dir='ltr'>Dah-</span> 
     </span>
     <span class='ocr_line' id='line_1_12' title="bbox 18 1071 1404 1116; baseline -0.001 -12"><span class='ocrx_word' id='word_1_97' title='bbox 18 1071 88 1105; x_wconf 89' lang='lat' dir='ltr'>lius</span> <span class='ocrx_word' id='word_1_98' title='bbox 110 1082 233 1114; x_wconf 84' lang='lat' dir='ltr'>parum</span> <span class='ocrx_word' id='word_1_99' title='bbox 268 1073 422 1105; x_wconf 74' lang='lat' dir='ltr'>consulte</span> <span class='ocrx_word' id='word_1_100' title='bbox 455 1073 701 1116; x_wconf 87' lang='lat' dir='ltr'>interpolatum</span> <span class='ocrx_word' id='word_1_101' title='bbox 724 1073 918 1113; x_wconf 69' lang='lat' dir='ltr'>iudicavit,</span> <span class='ocrx_word' id='word_1_102' title='bbox 951 1072 1034 1115; x_wconf 83' lang='lat' dir='ltr'>quia</span> <span class='ocrx_word' id='word_1_103' title='bbox 1069 1071 1188 1104; x_wconf 88' lang='lat' dir='ltr'>Cicero</span> <span class='ocrx_word' id='word_1_104' title='bbox 1224 1071 1265 1103; x_wconf 88' lang='lat' dir='ltr'>de</span> <span class='ocrx_word' id='word_1_105' title='bbox 1299 1081 1341 1103; x_wconf 84' lang='lat' dir='ltr'>ea</span> <span class='ocrx_word' id='word_1_106' title='bbox 1364 1080 1404 1102; x_wconf 86' lang='lat' dir='ltr'>re</span> 
     </span>
     <span class='ocr_line' id='line_1_13' title="bbox 20 1127 1401 1174; baseline -0.003 -12"><span class='ocrx_word' id='word_1_107' title='bbox 20 1127 143 1170; x_wconf 86' lang='lat' dir='ltr'>sileat,</span> <span class='ocrx_word' id='word_1_108' title='bbox 175 1128 502 1162; x_wconf 49' lang='lat' dir='ltr'>Sallustius-nutem</span> <span class='ocrx_word' id='word_1_109' title='bbox 525 1142 580 1163; x_wconf 85' lang='lat' dir='ltr'>res</span> <span class='ocrx_word' id='word_1_110' title='bbox 603 1142 728 1174; x_wconf 84' lang='lat' dir='ltr'>parum</span> <span class='ocrx_word' id='word_1_111' title='bbox 751 1134 946 1174; x_wconf 85' lang='lat' dir='ltr'>compertas</span> <span class='ocrx_word' id='word_1_112' title='bbox 979 1140 1048 1163; x_wconf 89' lang='lat' dir='ltr'>non</span> <span class='ocrx_word' id='word_1_113' title='bbox 1080 1141 1144 1172; x_wconf 87' lang='lat' dir='ltr'>pro</span> <span class='ocrx_word' id='word_1_114' title='bbox 1174 1128 1277 1162; x_wconf 78' lang='lat' dir='ltr'>certis</span> <span class='ocrx_word' id='word_1_115' title='bbox 1301 1127 1401 1160; x_wconf 75' lang='lat' dir='ltr'>affir-</span> 
     </span>
     <span class='ocr_line' id='line_1_14' title="bbox 21 1185 1403 1231; baseline -0.003 -12"><span class='ocrx_word' id='word_1_116' title='bbox 21 1197 117 1220; x_wconf 81' lang='lat' dir='ltr'>mare</span> <span class='ocrx_word' id='word_1_117' title='bbox 140 1187 258 1219; x_wconf 85' lang='lat' dir='ltr'>soleat.</span> <span class='ocrx_word' id='word_1_118' title='bbox 317 1186 385 1219; x_wconf 65' lang='lat' dir='ltr'>Sed</span> <span class='ocrx_word' id='word_1_119' title='bbox 409 1187 575 1220; x_wconf 83' lang='lat' dir='ltr'>Asconius</span> <span class='ocrx_word' id='word_1_120' title='bbox 598 1198 674 1220; x_wconf 85' lang='lat' dir='ltr'>rem</span> <span class='ocrx_word' id='word_1_121' title='bbox 698 1187 784 1220; x_wconf 85' lang='lat' dir='ltr'>scite</span> <span class='ocrx_word' id='word_1_122' title='bbox 807 1186 1002 1231; x_wconf 76' lang='lat' dir='ltr'>expedivit,</span> <span class='ocrx_word' id='word_1_123' title='bbox 1031 1197 1174 1220; x_wconf 85' lang='lat' dir='ltr'>monens</span> <span class='ocrx_word' id='word_1_124' title='bbox 1198 1185 1403 1218; x_wconf 85' lang='lat' dir='ltr'>Ciceronem</span> 
     </span>
     <span class='ocr_line' id='line_1_15' title="bbox 20 1237 1403 1288; baseline -0.002 -13"><span class='ocrx_word' id='word_1_125' title='bbox 20 1243 64 1275; x_wconf 87' lang='lat' dir='ltr'>de</span> <span class='ocrx_word' id='word_1_126' title='bbox 86 1242 256 1276; x_wconf 83' lang='lat' dir='ltr'>industria</span> <span class='ocrx_word' id='word_1_127' title='bbox 279 1237 535 1288; x_wconf 64' lang='lat' dir='ltr'>illids¹¹flagitii</span> <span class='ocrx_word' id='word_1_128' title='bbox 561 1244 809 1286; x_wconf 83' lang='lat' dir='ltr'>turpitudinem</span> <span class='ocrx_word' id='word_1_129' title='bbox 838 1256 907 1278; x_wconf 89' lang='lat' dir='ltr'>non</span> <span class='ocrx_word' id='word_1_130' title='bbox 939 1245 992 1278; x_wconf 82' lang='lat' dir='ltr'>ita</span> <span class='ocrx_word' id='word_1_131' title='bbox 1022 1243 1201 1288; x_wconf 85' lang='lat' dir='ltr'>exagitare</span> <span class='ocrx_word' id='word_1_132' title='bbox 1237 1240 1403 1282; x_wconf 77' lang='lat' dir='ltr'>voluisse,</span> 
     </span>
     <span class='ocr_line' id='line_1_16' title="bbox 21 1299 1403 1345; baseline -0.001 -12"><span class='ocrx_word' id='word_1_133' title='bbox 21 1304 58 1333; x_wconf 86' lang='lat' dir='ltr'>ut</span> <span class='ocrx_word' id='word_1_134' title='bbox 90 1299 224 1334; x_wconf 84' lang='lat' dir='ltr'>Fa&#39;biae</span> <span class='ocrx_word' id='word_1_135' title='bbox 257 1300 474 1334; x_wconf 47' lang='lat' dir='ltr'>famaornon</span> <span class='ocrx_word' id='word_1_136' title='bbox 505 1302 711 1335; x_wconf 82' lang='lat' dir='ltr'>consuleret.</span> <span class='ocrx_word' id='word_1_137' title='bbox 775 1302 894 1345; x_wconf 79' lang='lat' dir='ltr'>Quum</span> <span class='ocrx_word' id='word_1_138' title='bbox 926 1302 1020 1335; x_wconf 85' lang='lat' dir='ltr'>enim</span> <span class='ocrx_word' id='word_1_139' title='bbox 1053 1300 1208 1334; x_wconf 84' lang='lat' dir='ltr'>criminis</span> <span class='ocrx_word' id='word_1_140' title='bbox 1241 1299 1403 1332; x_wconf 82' lang='lat' dir='ltr'>absoluta</span> 
     </span>
     <span class='ocr_line' id='line_1_17' title="bbox 20 1357 1400 1401; baseline -0.001 -12"><span class='ocrx_word' id='word_1_141' title='bbox 20 1361 128 1398; x_wconf 79' lang='lat' dir='ltr'>esset,</span> <span class='ocrx_word' id='word_1_142' title='bbox 153 1357 247 1390; x_wconf 67' lang='lat' dir='ltr'>haud</span> <span class='ocrx_word' id='word_1_143' title='bbox 270 1357 380 1391; x_wconf 73' lang='lat' dir='ltr'>dubie</span> <span class='ocrx_word' id='word_1_144' title='bbox 397 1357 480 1401; x_wconf 75' lang='lat' dir='ltr'>quia</span> <span class='ocrx_word' id='word_1_145' title='bbox 501 1358 654 1392; x_wconf 81' lang='lat' dir='ltr'>affinitas</span> <span class='ocrx_word' id='word_1_146' title='bbox 677 1362 712 1392; x_wconf 81' lang='lat' dir='ltr'>et</span> <span class='ocrx_word' id='word_1_147' title='bbox 734 1360 922 1392; x_wconf 82' lang='lat' dir='ltr'>auctoritas</span> <span class='ocrx_word' id='word_1_148' title='bbox 946 1357 1122 1392; x_wconf 85' lang='lat' dir='ltr'>Ciceronis</span> <span class='ocrx_word' id='word_1_149' title='bbox 1146 1367 1275 1400; x_wconf 84' lang='lat' dir='ltr'>magno</span> <span class='ocrx_word' id='word_1_150' title='bbox 1299 1365 1400 1399; x_wconf 86' lang='lat' dir='ltr'>prae-</span> 
     </span>
     <span class='ocr_line' id='line_1_18' title="bbox 20 1409 1402 1460; baseline -0.001 -14"><span class='ocrx_word' id='word_1_151' title='bbox 20 1414 107 1456; x_wconf 74' lang='lat' dir='ltr'>sidio</span> <span class='ocrx_word' id='word_1_152' title='bbox 131 1418 228 1456; x_wconf 65' lang='lat' dir='ltr'>erat,</span> <span class='ocrx_word' id='word_1_153' title='bbox 260 1409 413 1456; x_wconf 45' lang='lat' dir='ltr'>hicsut</span> <span class='ocrx_word' id='word_1_154' title='bbox 436 1424 514 1449; x_wconf 80' lang='lat' dir='ltr'>eam</span> <span class='ocrx_word' id='word_1_155' title='bbox 537 1420 726 1460; x_wconf 85' lang='lat' dir='ltr'>purgaret,</span> <span class='ocrx_word' id='word_1_156' title='bbox 761 1416 804 1449; x_wconf 86' lang='lat' dir='ltr'>de</span> <span class='ocrx_word' id='word_1_157' title='bbox 827 1415 980 1450; x_wconf 87' lang='lat' dir='ltr'>Catilina</span> <span class='ocrx_word' id='word_1_158' title='bbox 1011 1416 1063 1450; x_wconf 86' lang='lat' dir='ltr'>ita</span> <span class='ocrx_word' id='word_1_159' title='bbox 1087 1415 1195 1449; x_wconf 83' lang='lat' dir='ltr'>dixit:</span> <span class='ocrx_word' id='word_1_160' title='bbox 1222 1425 1323 1458; x_wconf 82' lang='lat' dir='ltr'>quum</span> <span class='ocrx_word' id='word_1_161' title='bbox 1350 1413 1402 1446; x_wconf 82' lang='lat' dir='ltr'>ita</span> 
     </span>
     <span class='ocr_line' id='line_1_19' title="bbox 17 1472 1400 1518; baseline -0.001 -14"><span class='ocrx_word' id='word_1_162' title='bbox 17 1472 152 1513; x_wconf 68' lang='lat' dir='ltr'>vixisti,</span> <span class='ocrx_word' id='word_1_163' title='bbox 183 1476 224 1505; x_wconf 78' lang='lat' dir='ltr'>ut</span> <span class='ocrx_word' id='word_1_164' title='bbox 245 1484 312 1505; x_wconf 82' lang='lat' dir='ltr'>non</span> <span class='ocrx_word' id='word_1_165' title='bbox 336 1477 422 1507; x_wconf 75' lang='lat' dir='ltr'>essct</span> <span class='ocrx_word' id='word_1_166' title='bbox 447 1474 537 1506; x_wconf 73' lang='lat' dir='ltr'>locus</span> <span class='ocrx_word' id='word_1_167' title='bbox 569 1478 643 1507; x_wconf 82' lang='lat' dir='ltr'>tam</span> <span class='ocrx_word' id='word_1_168' title='bbox 666 1478 806 1507; x_wconf 77' lang='lat' dir='ltr'>sanctus</span> <span class='ocrx_word' id='word_1_169' title='bbox 835 1485 900 1518; x_wconf 80' lang='lat' dir='ltr'>quo</span> <span class='ocrx_word' id='word_1_170' title='bbox 924 1485 992 1506; x_wconf 82' lang='lat' dir='ltr'>non</span> <span class='ocrx_word' id='word_1_171' title='bbox 1015 1474 1185 1506; x_wconf 74' lang='lat' dir='ltr'>adventus</span> <span class='ocrx_word' id='word_1_172' title='bbox 1208 1476 1307 1512; x_wconf 76' lang='lat' dir='ltr'>tuus,</span> <span class='ocrx_word' id='word_1_173' title='bbox 1342 1474 1400 1503; x_wconf 90' lang='lat' dir='ltr'>et-</span> 
     </span>
     <span class='ocr_line' id='line_1_20' title="bbox 13 1528 1399 1574; baseline -0.001 -13"><span class='ocrx_word' id='word_1_174' title='bbox 13 1528 105 1561; x_wconf 77' lang='lat' dir='ltr'>iam</span> <span class='ocrx_word' id='word_1_175' title='bbox 128 1533 255 1572; x_wconf 76' lang='lat' dir='ltr'>quum</span> <span class='ocrx_word' id='word_1_176' title='bbox 277 1529 405 1563; x_wconf 73' lang='lat' dir='ltr'>nulla</span> <span class='ocrx_word' id='word_1_177' title='bbox 429 1532 567 1574; x_wconf 85' lang='lat' dir='ltr'>culpa</span> <span class='ocrx_word' id='word_1_178' title='bbox 590 1531 810 1571; x_wconf 81' lang='lat' dir='ltr'>subesset,</span> <span class='ocrx_word' id='word_1_179' title='bbox 830 1531 958 1564; x_wconf 84' lang='lat' dir='ltr'>crimen</span> <span class='ocrx_word' id='word_1_180' title='bbox 982 1530 1135 1574; x_wconf 81' lang='lat' dir='ltr'>afferret.</span> <span class='ocrx_word' id='word_1_181' title='bbox 1160 1529 1212 1562; x_wconf 75' lang='lat' dir='ltr'>Ad</span> <span class='ocrx_word' id='word_1_182' title='bbox 1235 1540 1277 1562; x_wconf 88' lang='lat' dir='ltr'>ea</span> <span class='ocrx_word' id='word_1_183' title='bbox 1294 1528 1399 1561; x_wconf 86' lang='lat' dir='ltr'>Asco-</span> 
     </span>
     <span class='ocr_line' id='line_1_21' title="bbox 15 1586 1400 1631; baseline -0.001 -12"><span class='ocrx_word' id='word_1_184' title='bbox 15 1586 118 1620; x_wconf 83' lang='lat' dir='ltr'>nius:</span> <span class='ocrx_word' id='word_1_185' title='bbox 142 1587 194 1620; x_wconf 85' lang='lat' dir='ltr'>ita</span> <span class='ocrx_word' id='word_1_186' title='bbox 219 1593 253 1621; x_wconf 88' lang='lat' dir='ltr'>et</span> <span class='ocrx_word' id='word_1_187' title='bbox 278 1588 372 1621; x_wconf 82' lang='lat' dir='ltr'>suis</span> <span class='ocrx_word' id='word_1_188' title='bbox 391 1589 628 1631; x_wconf 76' lang='lat' dir='ltr'>pepercit,</span> <span class='ocrx_word' id='word_1_189' title='bbox 652 1593 686 1622; x_wconf 88' lang='lat' dir='ltr'>et</span> <span class='ocrx_word' id='word_1_190' title='bbox 708 1589 816 1622; x_wconf 81' lang='lat' dir='ltr'>nihilo</span> <span class='ocrx_word' id='word_1_191' title='bbox 841 1588 949 1622; x_wconf 83' lang='lat' dir='ltr'>levius</span> <span class='ocrx_word' id='word_1_192' title='bbox 972 1588 1108 1620; x_wconf 82' lang='lat' dir='ltr'>inimico</span> <span class='ocrx_word' id='word_1_193' title='bbox 1132 1587 1255 1620; x_wconf 84' lang='lat' dir='ltr'>summi</span> <span class='ocrx_word' id='word_1_194' title='bbox 1277 1596 1400 1630; x_wconf 80' lang='lat' dir='ltr'>oppro-</span> 
     </span>
     <span class='ocr_line' id='line_1_22' title="bbox 16 1643 1401 1689; baseline -0.002 -12"><span class='ocrx_word' id='word_1_195' title='bbox 16 1644 84 1677; x_wconf 80' lang='lat' dir='ltr'>brii</span> <span class='ocrx_word' id='word_1_196' title='bbox 105 1645 354 1688; x_wconf 71' lang='lat' dir='ltr'>turpitudinem</span> <span class='ocrx_word' id='word_1_197' title='bbox 377 1646 508 1679; x_wconf 82' lang='lat' dir='ltr'>obiecit.</span> <span class='ocrx_word' id='word_1_198' title='bbox 555 1645 639 1678; x_wconf 87' lang='lat' dir='ltr'>Inde</span> <span class='ocrx_word' id='word_1_199' title='bbox 662 1649 777 1689; x_wconf 84' lang='lat' dir='ltr'>patet,</span> <span class='ocrx_word' id='word_1_200' title='bbox 794 1649 847 1680; x_wconf 73' lang='lat' dir='ltr'>vut</span> <span class='ocrx_word' id='word_1_201' title='bbox 869 1646 1041 1683; x_wconf 78' lang='lat' dir='ltr'>Miillerus</span> <span class='ocrx_word' id='word_1_202' title='bbox 1064 1649 1157 1678; x_wconf 88' lang='lat' dir='ltr'>recte</span> <span class='ocrx_word' id='word_1_203' title='bbox 1183 1643 1294 1684; x_wconf 83' lang='lat' dir='ltr'>vidit,</span> <span class='ocrx_word' id='word_1_204' title='bbox 1324 1653 1401 1675; x_wconf 87' lang='lat' dir='ltr'>rem</span> 
     </span>
     <span class='ocr_line' id='line_1_23' title="bbox 15 1702 1399 1746; baseline -0.004 -10"><span class='ocrx_word' id='word_1_205' title='bbox 15 1706 174 1745; x_wconf 82' lang='lat' dir='ltr'>turpem,</span> <span class='ocrx_word' id='word_1_206' title='bbox 199 1713 221 1735; x_wconf 89' lang='lat' dir='ltr'>a</span> <span class='ocrx_word' id='word_1_207' title='bbox 243 1703 411 1736; x_wconf 86' lang='lat' dir='ltr'>Cicerone</span> <span class='ocrx_word' id='word_1_208' title='bbox 433 1702 559 1735; x_wconf 85' lang='lat' dir='ltr'>callide</span> <span class='ocrx_word' id='word_1_209' title='bbox 583 1702 829 1745; x_wconf 80' lang='lat' dir='ltr'>praeteritam,</span> <span class='ocrx_word' id='word_1_210' title='bbox 860 1702 1086 1746; x_wconf 75' lang='lat' dir='ltr'>Sallustium,</span> <span class='ocrx_word' id='word_1_211' title='bbox 1110 1702 1245 1736; x_wconf 86' lang='lat' dir='ltr'>Fabiae</span> <span class='ocrx_word' id='word_1_212' title='bbox 1269 1709 1399 1742; x_wconf 82' lang='lat' dir='ltr'>aequa-</span> 
     </span>
     <span class='ocr_line' id='line_1_24' title="bbox 14 1759 512 1802; baseline 0.002 -9"><span class='ocrx_word' id='word_1_213' title='bbox 14 1760 104 1802; x_wconf 86' lang='lat' dir='ltr'>lem,</span> <span class='ocrx_word' id='word_1_214' title='bbox 127 1759 236 1793; x_wconf 83' lang='lat' dir='ltr'>latere</span> <span class='ocrx_word' id='word_1_215' title='bbox 258 1770 327 1794; x_wconf 91' lang='lat' dir='ltr'>non</span> <span class='ocrx_word' id='word_1_216' title='bbox 348 1759 512 1802; x_wconf 86' lang='lat' dir='ltr'>potuisse.</span> 
     </span>
    </p>

    <p class='ocr_par' dir='ltr' id='par_1_5' title="bbox 12 1813 1397 2550">
     <span class='ocr_line' id='line_1_25' title="bbox 108 1813 1397 1861; baseline -0.003 -11"><span class='ocrx_word' id='word_1_217' title='bbox 108 1817 204 1861; x_wconf 82' lang='lat' dir='ltr'>alia]</span> <span class='ocrx_word' id='word_1_218' title='bbox 243 1817 308 1850; x_wconf 81' lang='lat' dir='ltr'>Ed.</span> <span class='ocrx_word' id='word_1_219' title='bbox 336 1817 478 1851; x_wconf 89' lang='lat' dir='ltr'>Gruteri</span> <span class='ocrx_word' id='word_1_220' title='bbox 500 1822 533 1851; x_wconf 89' lang='lat' dir='ltr'>et</span> <span class='ocrx_word' id='word_1_221' title='bbox 556 1818 742 1851; x_wconf 86' lang='lat' dir='ltr'>nonnullae</span> <span class='ocrx_word' id='word_1_222' title='bbox 763 1818 857 1852; x_wconf 82' lang='lat' dir='ltr'>aliae</span> <span class='ocrx_word' id='word_1_223' title='bbox 886 1823 919 1853; x_wconf 85' lang='lat' dir='ltr'>et</span> <span class='ocrx_word' id='word_1_224' title='bbox 943 1819 1035 1859; x_wconf 74' lang='lat' dir='ltr'>alia,</span> <span class='ocrx_word' id='word_1_225' title='bbox 1069 1817 1122 1852; x_wconf 86' lang='lat' dir='ltr'>uti</span> <span class='ocrx_word' id='word_1_226' title='bbox 1144 1815 1253 1850; x_wconf 80' lang='lat' dir='ltr'>etiam</span> <span class='ocrx_word' id='word_1_227' title='bbox 1277 1813 1397 1847; x_wconf 78' lang='lat' dir='ltr'>Guelf.</span> 
     </span>
     <span class='ocr_line' id='line_1_26' title="bbox 14 1874 1397 1919; baseline -0.004 -11"><span class='ocrx_word' id='word_1_228' title='bbox 14 1875 71 1909; x_wconf 84' lang='lat' dir='ltr'>lo.</span> <span class='ocrx_word' id='word_1_229' title='bbox 107 1876 247 1919; x_wconf 83' lang='lat' dir='ltr'>aliaque</span> <span class='ocrx_word' id='word_1_230' title='bbox 271 1874 389 1908; x_wconf 80' lang='lat' dir='ltr'>Guelf.</span> <span class='ocrx_word' id='word_1_231' title='bbox 407 1875 442 1908; x_wconf 81' lang='lat'>7.</span> <span class='ocrx_word' id='word_1_232' title='bbox 481 1874 550 1908; x_wconf 86' lang='lat' dir='ltr'>Sed</span> <span class='ocrx_word' id='word_1_233' title='bbox 574 1876 662 1908; x_wconf 87' lang='lat' dir='ltr'>bene</span> <span class='ocrx_word' id='word_1_234' title='bbox 685 1875 773 1909; x_wconf 80' lang='lat' dir='ltr'>vidit</span> <span class='ocrx_word' id='word_1_235' title='bbox 792 1876 930 1909; x_wconf 79' lang='lat' dir='ltr'>Cottius</span> <span class='ocrx_word' id='word_1_236' title='bbox 954 1875 1080 1918; x_wconf 90' lang='lat' dir='ltr'>copula</span> <span class='ocrx_word' id='word_1_237' title='bbox 1103 1886 1171 1907; x_wconf 89' lang='lat' dir='ltr'>non</span> <span class='ocrx_word' id='word_1_238' title='bbox 1195 1884 1279 1915; x_wconf 85' lang='lat' dir='ltr'>opus</span> <span class='ocrx_word' id='word_1_239' title='bbox 1303 1881 1397 1910; x_wconf 84' lang='lat' dir='ltr'>esse;</span> 
     </span>
     <span class='ocr_line' id='line_1_27' title="bbox 13 1928 1397 1976; baseline -0.002 -10"><span class='ocrx_word' id='word_1_240' title='bbox 13 1943 173 1966; x_wconf 78' lang='lat' dir='ltr'>caussam</span> <span class='ocrx_word' id='word_1_241' title='bbox 205 1931 339 1964; x_wconf 85' lang='lat' dir='ltr'>dicendi</span> <span class='ocrx_word' id='word_1_242' title='bbox 373 1943 455 1964; x_wconf 80' lang='lat' dir='ltr'>usus</span> <span class='ocrx_word' id='word_1_243' title='bbox 485 1931 616 1974; x_wconf 83' lang='lat' dir='ltr'>primus</span> <span class='ocrx_word' id='word_1_244' title='bbox 649 1932 800 1976; x_wconf 78' lang='lat' dir='ltr'>pervidit</span> <span class='ocrx_word' id='word_1_245' title='bbox 825 1933 1060 1975; x_wconf 82' lang='lat' dir='ltr'>Goerenzius,</span> <span class='ocrx_word' id='word_1_246' title='bbox 1093 1931 1153 1975; x_wconf 90' lang='lat' dir='ltr'>qui</span> <span class='ocrx_word' id='word_1_247' title='bbox 1186 1931 1230 1963; x_wconf 88' lang='lat' dir='ltr'>ad</span> <span class='ocrx_word' id='word_1_248' title='bbox 1254 1929 1327 1963; x_wconf 85' lang='lat' dir='ltr'>Cic.</span> <span class='ocrx_word' id='word_1_249' title='bbox 1355 1928 1397 1960; x_wconf 82' lang='lat' dir='ltr'>de</span> 
     </span>
     <span class='ocr_line' id='line_1_28' title="bbox 13 1984 1397 2035; baseline -0.006 -11"><span class='ocrx_word' id='word_1_250' title='bbox 13 1990 124 2035; x_wconf 81' lang='lat' dir='ltr'>Legg.</span> <span class='ocrx_word' id='word_1_251' title='bbox 143 1990 204 2033; x_wconf 76' lang='lat'>111,</span> <span class='ocrx_word' id='word_1_252' title='bbox 222 1989 257 2030; x_wconf 78' lang='lat'>9,</span> <span class='ocrx_word' id='word_1_253' title='bbox 282 1988 338 2022; x_wconf 82' lang='lat'>20.</span> <span class='ocrx_word' id='word_1_254' title='bbox 363 1989 502 2031; x_wconf 84' lang='lat' dir='ltr'>docuit,</span> <span class='ocrx_word' id='word_1_255' title='bbox 529 1990 574 2024; x_wconf 86' lang='lat' dir='ltr'>ad</span> <span class='ocrx_word' id='word_1_256' title='bbox 597 2001 640 2023; x_wconf 88' lang='lat' dir='ltr'>ea</span> <span class='ocrx_word' id='word_1_257' title='bbox 663 1990 856 2031; x_wconf 85' lang='lat' dir='ltr'>adieetiva,</span> <span class='ocrx_word' id='word_1_258' title='bbox 883 2002 972 2034; x_wconf 88' lang='lat' dir='ltr'>quae</span> <span class='ocrx_word' id='word_1_259' title='bbox 1004 1992 1158 2022; x_wconf 85' lang='lat' dir='ltr'>extremo</span> <span class='ocrx_word' id='word_1_260' title='bbox 1183 1989 1259 2020; x_wconf 89' lang='lat' dir='ltr'>loco</span> <span class='ocrx_word' id='word_1_261' title='bbox 1282 1984 1397 2029; x_wconf 83' lang='lat' dir='ltr'>posita.</span> 
     </span>
     <span class='ocr_line' id='line_1_29' title="bbox 15 2042 1394 2091; baseline -0.002 -10"><span class='ocrx_word' id='word_1_262' title='bbox 15 2058 153 2082; x_wconf 88' lang='lat' dir='ltr'>omnem</span> <span class='ocrx_word' id='word_1_263' title='bbox 191 2058 267 2080; x_wconf 85' lang='lat' dir='ltr'>rem</span> <span class='ocrx_word' id='word_1_264' title='bbox 300 2046 470 2091; x_wconf 82' lang='lat' dir='ltr'>colligant</span> <span class='ocrx_word' id='word_1_265' title='bbox 501 2050 535 2080; x_wconf 88' lang='lat' dir='ltr'>et</span> <span class='ocrx_word' id='word_1_266' title='bbox 568 2049 883 2091; x_wconf 84' lang='lat' dir='ltr'>comprehendant,</span> <span class='ocrx_word' id='word_1_267' title='bbox 924 2048 1098 2091; x_wconf 30' lang='lat' dir='ltr'>copulam*</span> <span class='ocrx_word' id='word_1_268' title='bbox 1128 2043 1241 2078; x_wconf 82' lang='lat' dir='ltr'>omitti</span> <span class='ocrx_word' id='word_1_269' title='bbox 1271 2042 1394 2075; x_wconf 72' lang='lat' dir='ltr'>solere·</span> 
     </span>
     <span class='ocr_line' id='line_1_30' title="bbox 12 2098 1395 2150; baseline -0.004 -12"><span class='ocrx_word' id='word_1_270' title='bbox 12 2103 195 2138; x_wconf 83' lang='lat' dir='ltr'>Eiusmodi</span> <span class='ocrx_word' id='word_1_271' title='bbox 224 2107 302 2138; x_wconf 88' lang='lat' dir='ltr'>sunt</span> <span class='ocrx_word' id='word_1_272' title='bbox 324 2104 465 2144; x_wconf 87' lang='lat' dir='ltr'>relicui,</span> <span class='ocrx_word' id='word_1_273' title='bbox 496 2107 534 2137; x_wconf 86' lang='lat' dir='ltr'>ut</span> <span class='ocrx_word' id='word_1_274' title='bbox 559 2105 629 2139; x_wconf 89' lang='lat' dir='ltr'>Cic.</span> <span class='ocrx_word' id='word_1_275' title='bbox 655 2106 678 2140; x_wconf 90' lang='lat' dir='ltr'>l.</span> <span class='ocrx_word' id='word_1_276' title='bbox 702 2106 725 2139; x_wconf 89' lang='grc'>1.</span> <span class='ocrx_word' id='word_1_277' title='bbox 760 2106 843 2150; x_wconf 75' lang='lat' dir='ltr'>quid</span> <span class='ocrx_word' id='word_1_278' title='bbox 875 2107 947 2138; x_wconf 82' lang='lat' dir='ltr'>iam</span> <span class='ocrx_word' id='word_1_279' title='bbox 971 2105 1013 2137; x_wconf 75' lang='lat' dir='ltr'>(le</span> <span class='ocrx_word' id='word_1_280' title='bbox 1037 2103 1245 2141; x_wconf 82' lang='lat' dir='ltr'>Saturnino,</span> <span class='ocrx_word' id='word_1_281' title='bbox 1279 2098 1395 2141; x_wconf 75' lang='lat' dir='ltr'>Sulpi—</span> 
     </span>
     <span class='ocr_line' id='line_1_31' title="bbox 14 2155 1392 2205; baseline -0.004 -11"><span class='ocrx_word' id='word_1_282' title='bbox 14 2162 87 2205; x_wconf 82' lang='lat' dir='ltr'>cio,</span> <span class='ocrx_word' id='word_1_283' title='bbox 122 2162 260 2195; x_wconf 82' lang='lat' dir='ltr'>relicuis</span> <span class='ocrx_word' id='word_1_284' title='bbox 295 2161 441 2198; x_wconf 79' lang='lat' dir='ltr'>dicam?</span> <span class='ocrx_word' id='word_1_285' title='bbox 482 2161 581 2196; x_wconf 88' lang='lat' dir='ltr'>Orat.</span> <span class='ocrx_word' id='word_1_286' title='bbox 606 2162 671 2203; x_wconf 83' lang='lat'>31,</span> <span class='ocrx_word' id='word_1_287' title='bbox 697 2163 800 2203; x_wconf 79' lang='lat'>109.;</span> <span class='ocrx_word' id='word_1_288' title='bbox 834 2163 957 2202; x_wconf 80' lang='lat' dir='ltr'>ceteri,</span> <span class='ocrx_word' id='word_1_289' title='bbox 990 2161 1156 2198; x_wconf 75' lang='lat' dir='ltr'>utTusc,</span> <span class='ocrx_word' id='word_1_290' title='bbox 1180 2158 1237 2198; x_wconf 78' lang='lat' dir='ltr'>w,</span> <span class='ocrx_word' id='word_1_291' title='bbox 1257 2156 1315 2195; x_wconf 86' lang='lat'>31,</span> <span class='ocrx_word' id='word_1_292' title='bbox 1333 2155 1392 2189; x_wconf 82' lang='lat'>66.</span> 
     </span>
     <span class='ocr_line' id='line_1_32' title="bbox 13 2218 1396 2263; baseline -0.007 -10"><span class='ocrx_word' id='word_1_293' title='bbox 13 2221 83 2253; x_wconf 83' lang='lat' dir='ltr'>sint</span> <span class='ocrx_word' id='word_1_294' title='bbox 95 2230 179 2252; x_wconf 85' lang='lat' dir='ltr'>sane</span> <span class='ocrx_word' id='word_1_295' title='bbox 191 2220 260 2253; x_wconf 83' lang='lat' dir='ltr'>ista</span> <span class='ocrx_word' id='word_1_296' title='bbox 274 2219 373 2260; x_wconf 80' lang='lat' dir='ltr'>bona,</span> <span class='ocrx_word' id='word_1_297' title='bbox 391 2231 480 2263; x_wconf 83' lang='lat' dir='ltr'>quae</span> <span class='ocrx_word' id='word_1_298' title='bbox 494 2224 675 2263; x_wconf 79' lang='lat' dir='ltr'>putantur,</span> <span class='ocrx_word' id='word_1_299' title='bbox 694 2220 848 2262; x_wconf 82' lang='lat' dir='ltr'>honores,</span> <span class='ocrx_word' id='word_1_300' title='bbox 867 2218 1023 2259; x_wconf 74' lang='lat' dir='ltr'>divitiae,</span> <span class='ocrx_word' id='word_1_301' title='bbox 1041 2218 1244 2260; x_wconf 80' lang='lat' dir='ltr'>voluptates,</span> <span class='ocrx_word' id='word_1_302' title='bbox 1258 2218 1396 2250; x_wconf 81' lang='lat' dir='ltr'>cetera,-</span> 
     </span>
     <span class='ocr_line' id='line_1_33' title="bbox 14 2272 1394 2318; baseline -0.006 -8"><span class='ocrx_word' id='word_1_303' title='bbox 14 2287 141 2317; x_wconf 82' lang='lat' dir='ltr'>omnes,</span> <span class='ocrx_word' id='word_1_304' title='bbox 162 2279 202 2310; x_wconf 89' lang='lat' dir='ltr'>ut</span> <span class='ocrx_word' id='word_1_305' title='bbox 223 2277 352 2310; x_wconf 86' lang='lat' dir='ltr'>Acadd.</span> <span class='ocrx_word' id='word_1_306' title='bbox 364 2277 392 2317; x_wconf 90' lang='lat'>1,</span> <span class='ocrx_word' id='word_1_307' title='bbox 408 2277 463 2318; x_wconf 82' lang='lat'>12,</span> <span class='ocrx_word' id='word_1_308' title='bbox 474 2276 529 2310; x_wconf 78' lang='lat'>44.</span> <span class='ocrx_word' id='word_1_309' title='bbox 554 2276 614 2311; x_wconf 91' lang='lat' dir='ltr'>ubi</span> <span class='ocrx_word' id='word_1_310' title='bbox 630 2276 700 2310; x_wconf 88' lang='lat' dir='ltr'>vid.</span> <span class='ocrx_word' id='word_1_311' title='bbox 716 2277 880 2311; x_wconf 86' lang='lat' dir='ltr'>Goerenz.</span> <span class='ocrx_word' id='word_1_312' title='bbox 905 2275 1067 2309; x_wconf 85' lang='lat' dir='ltr'>Eiusdem</span> <span class='ocrx_word' id='word_1_313' title='bbox 1081 2272 1218 2318; x_wconf 82' lang='lat' dir='ltr'>generis</span> <span class='ocrx_word' id='word_1_314' title='bbox 1231 2276 1282 2305; x_wconf 88' lang='lat' dir='ltr'>est</span> <span class='ocrx_word' id='word_1_315' title='bbox 1291 2272 1394 2310; x_wconf 83' lang='lat' dir='ltr'>alius,</span> 
     </span>
     <span class='ocr_line' id='line_1_34' title="bbox 15 2327 1396 2378; baseline -0.004 -12"><span class='ocrx_word' id='word_1_316' title='bbox 15 2333 113 2366; x_wconf 85' lang='lat' dir='ltr'>cuius</span> <span class='ocrx_word' id='word_1_317' title='bbox 134 2333 232 2367; x_wconf 79' lang='lat' dir='ltr'>vocis</span> <span class='ocrx_word' id='word_1_318' title='bbox 258 2334 577 2377; x_wconf 65' lang='lat' dir='ltr'>exempla‘Cor-tius</span> <span class='ocrx_word' id='word_1_319' title='bbox 600 2333 783 2378; x_wconf 80' lang='lat' dir='ltr'>congessit,</span> <span class='ocrx_word' id='word_1_320' title='bbox 807 2335 882 2369; x_wconf 81' lang='lat' dir='ltr'>Cat.</span> <span class='ocrx_word' id='word_1_321' title='bbox 897 2333 991 2374; x_wconf 75' lang='lat' dir='ltr'>XXI,</span> <span class='ocrx_word' id='word_1_322' title='bbox 1003 2332 1037 2366; x_wconf 83' lang='lat'>2.</span> <span class='ocrx_word' id='word_1_323' title='bbox 1073 2331 1226 2367; x_wconf 79' lang='lat' dir='ltr'>Catilina</span> <span class='ocrx_word' id='word_1_324' title='bbox 1240 2327 1396 2372; x_wconf 75' lang='lat' dir='ltr'>polliceri</span> 
     </span>
     <span class='ocr_line' id='line_1_35' title="bbox 16 2385 1396 2435; baseline -0.004 -13"><span class='ocrx_word' id='word_1_325' title='bbox 16 2390 154 2426; x_wconf 80' lang='lat' dir='ltr'>tabulas</span> <span class='ocrx_word' id='word_1_326' title='bbox 172 2401 290 2431; x_wconf 80' lang='lat' dir='ltr'>novas,</span> <span class='ocrx_word' id='word_1_327' title='bbox 309 2391 514 2432; x_wconf 80' lang='lat' dir='ltr'>sacerdotia,</span> <span class='ocrx_word' id='word_1_328' title='bbox 532 2392 688 2435; x_wconf 81' lang='lat' dir='ltr'>rapinas,</span> <span class='ocrx_word' id='word_1_329' title='bbox 701 2392 773 2424; x_wconf 86' lang='lat' dir='ltr'>alia</span> <span class='ocrx_word' id='word_1_330' title='bbox 790 2391 915 2424; x_wconf 80' lang='lat' dir='ltr'>omnia.</span> <span class='ocrx_word' id='word_1_331' title='bbox 940 2389 1138 2431; x_wconf 60' lang='lat' dir='ltr'>XLHHA.</span> <span class='ocrx_word' id='word_1_332' title='bbox 1155 2398 1198 2420; x_wconf 85' lang='lat' dir='ltr'>ne</span> <span class='ocrx_word' id='word_1_333' title='bbox 1217 2397 1293 2420; x_wconf 89' lang='lat' dir='ltr'>eum</span> <span class='ocrx_word' id='word_1_334' title='bbox 1304 2385 1396 2417; x_wconf 85' lang='lat' dir='ltr'>Len-</span> 
     </span>
     <span class='ocr_line' id='line_1_36' title="bbox 15 2443 1396 2492; baseline -0.007 -8"><span class='ocrx_word' id='word_1_335' title='bbox 15 2448 120 2488; x_wconf 78' lang='lat' dir='ltr'>tulus,</span> <span class='ocrx_word' id='word_1_336' title='bbox 138 2448 322 2492; x_wconf 82' lang='lat' dir='ltr'>Cethegus,</span> <span class='ocrx_word' id='word_1_337' title='bbox 341 2449 412 2482; x_wconf 84' lang='lat' dir='ltr'>ali</span> <span class='ocrx_word' id='word_1_338' title='bbox 425 2449 437 2482; x_wconf 88' lang='lat' dir='ltr'>i</span> <span class='ocrx_word' id='word_1_339' title='bbox 450 2454 629 2485; x_wconf 81' lang='lat' dir='ltr'>terrerent.</span> <span class='ocrx_word' id='word_1_340' title='bbox 653 2449 799 2490; x_wconf 69' lang='lat' dir='ltr'><strong>IMLI.</strong></span> <span class='ocrx_word' id='word_1_341' title='bbox 813 2449 855 2482; x_wconf 83' lang='lat' dir='ltr'>de</span> <span class='ocrx_word' id='word_1_342' title='bbox 867 2448 1024 2488; x_wconf 82' lang='lat' dir='ltr'>Lentulo,</span> <span class='ocrx_word' id='word_1_343' title='bbox 1040 2445 1201 2489; x_wconf 85' lang='lat' dir='ltr'>Cethego,</span> <span class='ocrx_word' id='word_1_344' title='bbox 1223 2456 1238 2477; x_wconf 85' lang='lat' dir='ltr'>c</span> <span class='ocrx_word' id='word_1_345' title='bbox 1250 2448 1290 2476; x_wconf 86' lang='lat' dir='ltr'>et</span> <span class='ocrx_word' id='word_1_346' title='bbox 1303 2447 1319 2475; x_wconf 80' lang='lat' dir='ltr'>e</span> <span class='ocrx_word' id='word_1_347' title='bbox 1332 2443 1396 2475; x_wconf 80' lang='lat' dir='ltr'>ris</span> 
     </span>
     <span class='ocr_line' id='line_1_37' title="bbox 14 2498 1393 2550; baseline -0.007 -10"><span class='ocrx_word' id='word_1_348' title='bbox 14 2506 219 2550; x_wconf 84' lang='lat' dir='ltr'>supplicium</span> <span class='ocrx_word' id='word_1_349' title='bbox 241 2511 425 2550; x_wconf 80' lang='lat' dir='ltr'>sumptum.</span> <span class='ocrx_word' id='word_1_350' title='bbox 450 2507 490 2539; x_wconf 82' lang='lat' dir='ltr'>V.</span> <span class='ocrx_word' id='word_1_351' title='bbox 502 2508 584 2540; x_wconf 86' lang='lat' dir='ltr'>Ern.</span> <span class='ocrx_word' id='word_1_352' title='bbox 596 2505 947 2540; x_wconf 69' lang='lat' dir='ltr'>VVeberiExercitatt.</span> <span class='ocrx_word' id='word_1_353' title='bbox 969 2504 1053 2549; x_wconf 74' lang='lat' dir='ltr'>styli</span> <span class='ocrx_word' id='word_1_354' title='bbox 1075 2501 1206 2536; x_wconf 80' lang='lat' dir='ltr'>Lat.T.</span> <span class='ocrx_word' id='word_1_355' title='bbox 1219 2502 1245 2534; x_wconf 90' lang='lat'>1.</span> <span class='ocrx_word' id='word_1_356' title='bbox 1268 2498 1393 2543; x_wconf 77' lang='lat' dir='ltr'>p.233.</span> 
     </span>
    </p>

    <p class='ocr_par' dir='ltr' id='par_1_6' title="bbox 15 2555 1395 2723">
     <span class='ocr_line' id='line_1_38' title="bbox 107 2555 1394 2608; baseline -0.005 -11"><span class='ocrx_word' id='word_1_357' title='bbox 107 2565 138 2607; x_wconf 69' lang='grc' dir='ltr'>ἓ.</span> <span class='ocrx_word' id='word_1_358' title='bbox 162 2563 197 2596; x_wconf 84' lang='grc'>2.</span> <span class='ocrx_word' id='word_1_359' title='bbox 232 2563 355 2597; x_wconf 77' lang='lat' dir='ltr'>adulta</span> <span class='ocrx_word' id='word_1_360' title='bbox 379 2565 519 2608; x_wconf 79' lang='lat' dir='ltr'>aetate]</span> <span class='ocrx_word' id='word_1_361' title='bbox 555 2565 609 2598; x_wconf 83' lang='lat' dir='ltr'>lta</span> <span class='ocrx_word' id='word_1_362' title='bbox 632 2563 770 2598; x_wconf 76' lang='lat' dir='ltr'>Cottius</span> <span class='ocrx_word' id='word_1_363' title='bbox 797 2563 904 2597; x_wconf 85' lang='lat' dir='ltr'>edidit</span> <span class='ocrx_word' id='word_1_364' title='bbox 932 2574 951 2596; x_wconf 89' lang='lat' dir='ltr'>e</span> <span class='ocrx_word' id='word_1_365' title='bbox 975 2562 1074 2595; x_wconf 85' lang='lat' dir='ltr'>codd.</span> <span class='ocrx_word' id='word_1_366' title='bbox 1102 2561 1184 2593; x_wconf 83' lang='lat' dir='ltr'>Bas.</span> <span class='ocrx_word' id='word_1_367' title='bbox 1202 2558 1236 2591; x_wconf 89' lang='lat'>1.</span> <span class='ocrx_word' id='word_1_368' title='bbox 1262 2555 1339 2589; x_wconf 72' lang='lat' dir='ltr'>Vin.</span> <span class='ocrx_word' id='word_1_369' title='bbox 1360 2555 1394 2588; x_wconf 82' lang='lat'>2-</span> 
     </span>
     <span class='ocr_line' id='line_1_39' title="bbox 15 2614 1395 2664; baseline -0.007 -10"><span class='ocrx_word' id='word_1_370' title='bbox 15 2621 133 2655; x_wconf 85' lang='lat' dir='ltr'>Senat.</span> <span class='ocrx_word' id='word_1_371' title='bbox 152 2621 186 2654; x_wconf 94' lang='lat'>1.</span> <span class='ocrx_word' id='word_1_372' title='bbox 210 2620 335 2664; x_wconf 84' lang='lat' dir='ltr'>quibus</span> <span class='ocrx_word' id='word_1_373' title='bbox 368 2624 584 2655; x_wconf 84' lang='lat' dir='ltr'>accesserunt</span> <span class='ocrx_word' id='word_1_374' title='bbox 614 2621 726 2655; x_wconf 84' lang='lat' dir='ltr'>Paris.</span> <span class='ocrx_word' id='word_1_375' title='bbox 743 2621 786 2655; x_wconf 78' lang='lat' dir='ltr'>A.</span> <span class='ocrx_word' id='word_1_376' title='bbox 812 2621 884 2655; x_wconf 87' lang='lat' dir='ltr'>Erl.</span> <span class='ocrx_word' id='word_1_377' title='bbox 907 2621 1014 2654; x_wconf 85' lang='lat' dir='ltr'>Bern.</span> <span class='ocrx_word' id='word_1_378' title='bbox 1035 2618 1069 2652; x_wconf 77' lang='grc' dir='ltr'>ὃ.</span> <span class='ocrx_word' id='word_1_379' title='bbox 1105 2614 1245 2650; x_wconf 83' lang='lat' dir='ltr'>Relicui</span> <span class='ocrx_word' id='word_1_380' title='bbox 1276 2623 1395 2646; x_wconf 81' lang='lat' dir='ltr'>omnes</span> 
     </span>
     <span class='ocr_line' id='line_1_40' title="bbox 20 2670 1395 2723; baseline -0.003 -9"><span class='ocrx_word' id='word_1_381' title='bbox 20 2679 177 2714; x_wconf 77' lang='lat' dir='ltr'>adultum</span> <span class='ocrx_word' id='word_1_382' title='bbox 201 2683 331 2721; x_wconf 81' lang='lat' dir='ltr'>aetate,</span> <span class='ocrx_word' id='word_1_383' title='bbox 355 2679 448 2723; x_wconf 80' lang='lat' dir='ltr'>quod</span> <span class='ocrx_word' id='word_1_384' title='bbox 471 2679 641 2714; x_wconf 61' lang='lat' dir='ltr'>meinerus</span> <span class='ocrx_word' id='word_1_385' title='bbox 663 2678 866 2723; x_wconf 79' lang='lat' dir='ltr'>neutiquam</span> <span class='ocrx_word' id='word_1_386' title='bbox 889 2678 1038 2713; x_wconf 82' lang='lat' dir='ltr'>debebat</span> <span class='ocrx_word' id='word_1_387' title='bbox 1060 2686 1239 2713; x_wconf 71' lang='lat' dir='ltr'>revocare.</span> <span class='ocrx_word' id='word_1_388' title='bbox 1274 2670 1395 2717; x_wconf 76' lang='lat' dir='ltr'>Neque</span> 
     </span>
    </p>
   </div>
  </div>
 </body>
</html>
