1630 3034
422 124 779 178 IUGURTHA.
840 135 973 178 CAP.
1003 136 1105 178 xv.
1404 141 1460 180 93

69 254 226 313 paucis
273 252 569 313 respondent:
615 251 924 311 Hiempsalem
970 252 1030 296 ob
1072 251 1299 296 saevitiam
1333 267 1457 297 suam

73 351 130 394 ab
178 349 380 393 Numidis
427 349 735 401 interfectum
783 348 1092 404 Adherbalem
1136 349 1252 393 ultro
1287 350 1454 393 bellum

68 446 355 503 inserentem,
390 450 629 505 postquam
666 450 899 504 superatus
936 445 1012 500 sit,
1049 446 1190 503 queri,
1227 445 1351 503 quod
1386 445 1455 489 in—

67 543 222 586 iuriam
253 542 402 586 facere
438 542 718 600 nequivisset.
789 540 1054 601 Iugurtham
1081 542 1137 584 ab
1169 541 1336 586 Senatu
1367 557 1455 601 pe-

66 645 184 695 tere,
230 655 286 682 ne
332 654 380 682 se
421 639 550 682 alium
589 643 800 697 putarent
845 653 897 681 ac
937 638 1203 681 Numantiae
1248 639 1451 698 cognitus

64 741 206 792 esset,
252 749 339 779 neu
386 734 522 779 verba
565 734 727 778 inimici
776 739 876 778 ante
921 733 1040 777 facta
1094 748 1173 778 sua
1217 741 1448 794 ponerent.

59 897 190 939 fuisse,
224 908 329 941 quam
353 899 479 944 vulgus
512 898 741 943 interpretum
765 901 934 933 autumet.
981 897 1110 932 Utilius
1144 899 1237 932 certe
1268 900 1343 932 erat
1372 909 1449 933 mo-

58 970 161 1000 uere,
195 957 403 992 sententiam
438 959 555 993 addito
590 960 793 1003 pronomine
823 970 964 1003 prorsus
996 958 1103 991 aliam
1136 958 1306 1000 evadere,
1341 969 1449 1001 quam

58 1019 133 1053 sine
155 1031 208 1052 eo.
256 1020 307 1053 Ea
329 1023 381 1053 est
405 1019 497 1053 enim
520 1020 734 1063 pronominis
757 1020 831 1061 vis,
857 1024 895 1054 ut
919 1018 1093 1063 significet
1116 1020 1298 1053 saevitiam
1321 1019 1450 1053 Iliem-

57 1079 148 1124 psali
172 1079 278 1113 fuisse
298 1081 475 1123 propriam
490 1104 499 1122 ,
523 1090 734 1122 saevamque
757 1077 831 1111 eius
854 1086 1020 1114 naturam
1044 1079 1212 1113 Numidas
1235 1080 1280 1113 ad
1305 1079 1448 1113 caedem

57 1140 248 1184 impulisse.
296 1141 397 1183 Quae
428 1151 551 1174 caussa
583 1143 621 1174 ut
655 1139 776 1172 valere
809 1142 944 1181 poterat
977 1140 1022 1173 ad
1047 1140 1178 1173 factum
1201 1140 1448 1180 excusandum,

55 1201 105 1234 ita
127 1201 240 1234 multo
268 1200 383 1233 levius
414 1199 523 1240 foret,
554 1199 583 1233 si
618 1200 659 1233 ob
693 1199 877 1233 saevitiam
909 1200 1042 1234 occisus
1067 1199 1258 1241 diceretur3
1293 1210 1374 1234 nam
1399 1200 1448 1233 sic

54 1261 169 1305 magis
192 1261 371 1304 singulare
394 1260 535 1302 aliquod
562 1260 716 1302 factum,
745 1271 850 1303 quam
873 1261 1072 1294 universum
1097 1271 1230 1293 morem
1254 1260 1446 1305 significari

54 1326 160 1366 patet.
207 1322 260 1354 De
284 1333 349 1354 usu
372 1320 588 1364 pronominis
623 1332 653 1353 v.
680 1321 892 1354 Ramshorn.
928 1321 1087 1354 Gramm.
1121 1321 1197 1354 Lat.
1231 1321 1264 1364 §-
1296 1320 1386 1363 158,
1410 1321 1445 1355 4.

53 1395 87 1426 p.
112 1381 192 1416 310.
214 1399 258 1405 ——
288 1382 422 1415 Ultro
448 1382 572 1414 bellum
595 1381 804 1423 inferentem
828 1380 851 1414 i.
875 1392 905 1414 e.
931 1392 977 1414 eo
1002 1380 1208 1414 iniuriarum
1231 1393 1445 1426 progres—

52 1454 102 1476 su
119 1454 153 1475 m
183 1446 221 1475 ut
246 1442 308 1475 bel.
334 1443 489 1484 inferret.
525 1442 570 1474 cf.
595 1440 637 1473 de
659 1440 766 1474 huius
789 1440 986 1484 particulae
1009 1444 1175 1484 potestate
1199 1445 1232 1474 et
1255 1453 1320 1475 usu
1344 1446 1447 1476 acute

52 1503 286 1546 disputantem
310 1501 444 1535 Ludov.
475 1500 723 1534 Doederlinum
748 1500 784 1534 in
808 1501 1000 1546 Synonym.
1034 1503 1112 1536 Lat.
1145 1502 1187 1535 T.
1213 1502 1273 1535 111.
1298 1514 1332 1545 p.
1363 1502 1444 1536 102.

50 1563 204 1606 Herzog.
231 1562 276 1595 ad
299 1561 395 1596 Caes.
416 1561 459 1595 Β.
484 1561 528 1594 G.
551 1561 580 1602 1,
602 1559 636 1594 9.
662 1573 694 1604 p.
714 1559 771 1594 29.
821 1562 991 1607 Exempla
1014 1563 1125 1596 multa
1149 1562 1331 1604 praebebit
1350 1564 1442 1597 Dra-

49 1621 238 1656 kenborch.
274 1622 320 1655 ad
352 1620 428 1655 Liv.
463 1621 535 1661 XL,
560 1620 617 1662 12,
638 1620 672 1654 4.
696 1639 742 1646 —
771 1621 988 1666 Nequivisset
1012 1622 1151 1656 Cottius
1172 1633 1214 1656 ex
1238 1623 1443 1658 melioribus

48 1682 149 1716 libris
173 1685 265 1715 recte
287 1681 424 1724 scripsit
446 1693 509 1724 pro
533 1681 679 1726 vulgato
703 1683 894 1726 nequisset,
928 1683 1021 1727 quod
1045 1682 1217 1717 Weissius
1242 1694 1309 1716 non
1333 1683 1441 1718 aliam

48 1743 94 1777 ob
118 1753 296 1784 caussam,
330 1753 437 1785 quam
461 1741 544 1786 quia
567 1741 603 1775 in
627 1742 844 1785 interpolatis
868 1743 945 1776 edd.
971 1743 1122 1788 legitur,
1155 1743 1307 1787 repetiit.
1327 1763 1372 1768 —
1396 1746 1441 1779 Se

47 1807 128 1837 ante
151 1804 259 1836 alium
282 1814 370 1836 unus
387 1802 519 1837 WVassii
542 1807 578 1837 et
601 1806 670 1836 tres
691 1814 732 1836 ex
757 1803 854 1837 Italis
873 1803 1055 1837 Gerlachii
1078 1804 1177 1837 codd.
1202 1815 1272 1838 non
1294 1805 1436 1839 habent.

47 1863 224 1905 Conium,
257 1864 317 1907 qui
349 1863 497 1905 abiecit,
527 1874 710 1906 sequerer,
736 1858 778 1897 εἷ’
801 1864 963 1897 meliores
988 1864 1072 1898 libri
1100 1864 1136 1898 in
1160 1865 1288 1899 omisso
1311 1877 1439 1908 prono-

46 1925 138 1958 mine
162 1924 416 1966 consentirent3
450 1935 533 1958 nam
567 1924 688 1957 abesse
718 1935 821 1967 posse
844 1924 1054 1958 ostendimus
1074 1925 1117 1958 ad
1142 1925 1220 1959 Cat.
1248 1926 1377 1967 XXXI,
1401 1926 1436 1960 7.

45 1990 80 2018 et
104 1985 146 2018 ad
184 1985 263 2028 lug.
289 1985 378 2026 xlv,
412 1984 467 2026 3.;
510 1986 570 2018 sed
603 1984 640 2018 h.
662 1985 688 2017 1.
720 1984 881 2027 proxima
911 1995 955 2017 ne
990 1984 1116 2018 vocura
1140 1985 1245 2019 facile
1275 1985 1437 2030 intercipi

45 2044 171 2088 potuit.
193 2064 239 2069 -—
264 2044 435 2079 Putarem
464 2056 526 2087 per
560 2044 700 2088 synesin
735 2045 778 2078 ad
813 2045 981 2078 Senatum
1004 2045 1178 2085 relatum3
1212 2045 1255 2078 de
1279 2056 1347 2088 qua
1370 2057 1434 2079 nu-

46 2104 134 2137 meri
161 2115 201 2137 ex
229 2116 329 2138 sensu
353 2104 466 2148 potius
493 2116 599 2147 quam
631 2115 672 2137 ex
697 2104 931 2148 grammatica
964 2105 1078 2139 forma
1101 2104 1279 2149 pendentis
1302 2106 1438 2141 ratione

45 2164 198 2198 diximus
220 2164 265 2197 ad
300 2164 402 2198 Catil.
436 2165 606 2206 XXXIX,
628 2163 662 2199 3.
688 2177 723 2208 p.
749 2164 829 2199 183.
878 2165 993 2208 Quam
1016 2165 1196 2200 familiare
1219 2171 1335 2202 autem
1358 2168 1436 2202 fue-

44 2225 91 2259 rit
114 2223 285 2257 Romanis
318 2230 459 2259 senatus
495 2229 529 2258 et
552 2231 750 2260 senatorum
773 2226 949 2260 notionem
973 2225 1187 2270 cogitatione
1210 2227 1433 2273 permiscere,

43 2285 174 2330 ingenti
200 2284 439 2328 exemplorum
464 2285 564 2328 copia
588 2285 706 2320 docuit
728 2286 989 2320 Drakenborch.
1012 2287 1057 2320 ad
1083 2286 1158 2320 Liv.
1181 2287 1238 2329 lv,
1263 2287 1321 2329 58,
1340 2288 1374 2322 4.
1388 2308 1433 2313 ——

43 2348 96 2380 De
119 2346 270 2379 dictione
295 2346 400 2379 verba
437 2351 541 2380 ante
568 2349 671 2389 sacta
701 2358 868 2391 ponere
903 2358 936 2380 v.
971 2351 1091 2382 notata
1115 2348 1159 2382 ad
1183 2348 1258 2382 Cat.
1284 2349 1374 2392 LIII,
1396 2349 1432 2384 3.

42 2407 113 2440 Cic.
140 2407 183 2440 de
219 2406 289 2441 Off.
315 2407 351 2446 1,
376 2405 432 2439 24.
472 2405 530 2441 84.
567 2407 645 2441 Non
669 2408 724 2441 hic
743 2407 895 2451 ponebat
918 2418 1070 2440 rumores
1094 2413 1176 2442 ante
1199 2410 1359 2444 salutem.
1384 2410 1431 2445 cf.

40 2467 158 2502 Hand.
185 2466 228 2499 (le
254 2465 401 2500 Particc.
427 2467 505 2501 Lat.
528 2467 572 2501 T.
597 2468 625 2502 Ι.
650 2479 685 2512 p.
707 2467 802 2510 386„
825 2467 885 2510 qui
908 2466 1088 2501 verissime
1110 2469 1267 2513 monuit,
1303 2469 1383 2504 inde
1407 2481 1428 2504 a

41 2532 208 2571 vergente
231 2527 370 2560 demum
395 2537 503 2560 aurea
527 2531 641 2562 aetate
663 2528 756 2561 hunc
779 2527 913 2560 dicendi
937 2529 1080 2561 modum
1105 2528 1305 2564 invaluisse.
1344 2529 1428 2563 Iau-

41 2599 168 2622 manno
193 2587 399 2637 Gerlachius
423 2587 592 2630 persuasit
614 2589 734 2623 tmesin
759 2600 844 2629 esse,
870 2600 910 2621 ex
935 2599 999 2622 usu
1023 2589 1260 2633 antiquiorum
1283 2589 1428 2633 scripto-

39 2660 118 2681 rum
151 2648 322 2692 petitam,
359 2648 456 2692 quasi
490 2647 651 2693 legitima
691 2647 782 2683 ratio
822 2652 909 2683 essct
941 2660 1009 2683 neu
1041 2650 1147 2684 verba
1179 2655 1426 2694 anteponerent

32 2710 145 2751 sacta.
