1630 3034
449 103 814 146 IUGURTHA.
872 105 1000 148 CAI'.
1030 105 1177 147 XXV.
1442 111 1523 151 151

117 220 304 266 ,deinde
342 219 466 265 brevi
503 220 679 265 Uticam
716 220 893 280 appulsi
939 221 1107 264 litteras
1154 219 1212 264 ad
1259 221 1524 282 Iugurtham

142 319 343 376 mittunt,
417 333 551 375 quam
606 316 825 360 ocissume
881 316 939 360 ad
992 318 1267 377 provinciam
1323 319 1522 376 accedat,

143 430 276 472 seque
323 413 382 457 ad
427 428 529 457 eum
574 412 631 456 ab
660 412 828 480 Senatu
875 413 1044 457 missos.
1115 413 1196 457 llle
1232 414 1308 457 ubi
1345 416 1554 476 accepit6
1609 406 1618 420 ¹

140 509 339 554 homines
375 509 541 560 claros,
578 523 768 566 quorum
798 508 1104 553 auctoritatem
1136 510 1311 555 Rornae
1346 512 1521 570 pollere

138 605 387 660 audiverat,
443 611 597 649 contra
651 605 878 665 inceptum
910 615 1062 649 'suum
1117 606 1310 666 venisse,
1371 609 1520 667 primo
1582 648 1585 650 .

134 748 171 789 1,
195 737 260 786 13,
280 748 316 782 9.
351 747 520 782 Weissius
544 759 585 781 ex
608 751 773 791 corrupta
807 748 860 781 ed.
894 748 1013 792 aliqua
1047 746 1163 790 inepte
1193 748 1330 792 scripsit
1356 751 1425 784 υἷι-ἰ
1457 762 1520 795 pro

132 808 196 841 usi.
220 827 265 832 ——-
289 808 331 841 In
363 809 467 852 quis
501 812 617 841 tenent
647 807 752 841 Fabr.
787 807 820 841 1.
858 806 891 840 2.
922 807 1007 841 Bas.
1039 808 1072 841 1.
1106 807 1186 842 Sen.
1205 809 1255 845 ,1.
1280 812 1396 844 Berol.
1424 812 1457 844 1.
1482 812 1516 847 2.

133 869 236 904 Mirm.
258 870 390 913 aliique
412 867 549 901 vetusti.
573 889 620 894 ——
646 868 747 908 fuit,
779 869 869 911 quod
895 869 938 900 ad
967 880 1075 901 unum
1099 879 1219 902 omnes
1244 871 1343 904 codd.
1367 875 1520 912 tuentur,

131 929 268 964 Cottius
297 932 419 972 suopte
447 929 563 962 Marte
585 926 739 971 expulit,
771 927 1058 962 absurdissimum
1080 929 1275 963 scribarum
1298 931 1518 965 additamen-

131 995 207 1024 tum
231 989 360 1024 dicens.
385 989 480 1032 Quid
505 989 540 1021 in
564 989 633 1021 hac
656 1000 694 1021 re
717 988 904 1021 absurdum
931 988 986 1029 sit,
1010 988 1111 1031 periti
1135 989 1296 1026 iudicent.
1320 1011 1365 1016 —
1390 992 1440 1024 De
1465 992 1517 1026 Μ.

130 1052 259 1086 Scauro
291 1061 325 1085 v,
349 1060 455 1096 supra
487 1049 531 1082 ad
556 1061 585 1082 c.
619 1049 702 1092 XV,
735 1048 768 1082 4.
795 1049 966 1091 Perpauei
990 1050 1087 1082 codd.
1113 1051 1279 1084 Aemilius
1303 1063 1428 1086 nomen
1452 1053 1515 1085 ad-

129 1111 236 1152 dunt,
264 1110 354 1154 quod
387 1110 532 1143 debetur
564 1109 759 1142 scribarum
785 1109 998 1154 diligentiae.
1023 1128 1069 1133 —-
1093 1109 1146 1141 In
1168 1116 1298 1144 senat
1313 1124 1335 1144 u
1356 1112 1516 1156 princeps

128 1170 258 1214 legitur
290 1169 326 1203 in
358 1170 441 1204 Bas.
477 1171 510 1204 1.
545 1169 622 1203 Vin.
654 1170 688 1204 2.
726 1171 850 1203 Heiiss.
882 1169 961 1203 Sen.
994 1169 1027 1202 2.
1054 1169 1252 1205 Acad.1nc.
1280 1171 1312 1204 l.
1339 1172 1371 1206 2.
1396 1172 1514 1209 Struv.

127 1230 275 1266 Eccard.
301 1229 420 1264 Guelf.
446 1231 503 1263 1⁰.
529 1229 584 1264 ll.
609 1230 666 1263 12.
690 1230 794 1264 Bern.
819 1230 852 1263 1.
879 1230 994 1263 Berol.
1023 1230 1056 1262 1.
1081 1229 1116 1263 2.
1145 1230 1236 1262 Misn
1272 1231 1422 1265 Goerlit.
1443 1232 1512 1266 Pa-

127 1290 185 1324 ris.
211 1291 246 1323 b.
271 1301 301 1323 c.
325 1301 360 1326 x.
386 1301 416 1323 z.
442 1294 476 1323 et
500 1289 662 1333 permulti
693 1290 785 1324 Itan.
815 1290 955 1323 Relicui
979 1290 1142 1324 exhibent
1168 1291 1318 1325 Senatus
1340 1292 1511 1336 princeps,

124 1350 216 1394 quod
248 1349 387 1383 eortius
417 1361 485 1384 non
517 1350 663 1384 debebat
692 1349 860 1393 recipere.
908 1351 1000 1393 Quid
1030 1350 1123 1384 enim
1147 1350 1308 1384 librarios
1331 1350 1513 1393 impellere

124 1410 295 1454 potuerit,
328 1414 367 1444 ut
395 1409 618 1453 planissimae
643 1414 678 1443 et
703 1411 739 1443 in
767 1411 835 1443 hac
862 1422 902 1443 re
927 1409 1129 1444 notissimae
1149 1414 1344 1445 structurae
1361 1411 1511 1445 alteram

123 1471 386 1511 substituerent,
421 1471 518 1504 nullo
549 1471 653 1503 modo
680 1470 902 1515 intelligitur.
957 1472 1086 1504 Contra
1118 1471 1258 1505 facilius
1283 1476 1358 1506 erat
1386 1472 1509 1516 paullo

123 1532 238 1566 minus
265 1532 430 1566 usitatam
459 1531 672 1565 locutionem
697 1531 733 1564 iu
757 1531 929 1565 tritiorem
960 1532 1109 1573 mutari;
1143 1533 1200 1566 vel
1222 1534 1260 1566 in
1281 1533 1408 1566 vocula
1426 1544 1509 1567 casu

121 1592 252 1634 deleta,
281 1591 318 1625 in
348 1597 510 1635 promptu
540 1596 614 1626 erat
641 1594 789 1626 Senatus
814 1592 1023 1626 emendatio.
1080 1593 1216 1626 Eodem
1240 1592 1344 1626 modo
1371 1593 1508 1628 locutus

120 1656 171 1686 oet
186 1652 262 1687 Liv.
280 1652 430 1693 mun,
455 1653 524 1694 11,
550 1652 606 1686 12.
631 1652 690 1696 qui
709 1653 805 1686 locus
823 1652 963 1686 omnino
987 1654 1029 1687 ad
1055 1665 1128 1687 rem
1160 1653 1405 1688 illustrandam
1428 1665 1506 1698 per-

119 1712 215 1747 tinet.
238 1712 283 1746 cf.
305 1713 441 1746 Ernesti
460 1714 560 1747 Clav‘.
574 1713 647 1747 Cic.
667 1724 702 1747 v.
720 1714 880 1758 princeps
887 1726 901 1754 ‚·
930 1713 1082 1748 Nitzsch.
1101 1714 1240 1758 Antiqq.
1264 1715 1369 1747 Rom.
1389 1715 1433 1748 T.
1458 1715 1505 1748 11.

119 1786 152 1817 p.
176 1772 257 1806 952.
280 1773 334 1807 ed.
352 1772 415 1807 111.
439 1793 485 1799 —
520 1774 615 1807 Tunc
646 1773 816 1809 sententia
846 1773 976 1818 poscit,
1001 1786 1035 1811 v.
1060 1776 1105 1808 ad
1136 1787 1167 1809 c.
1197 1775 1246 1818 V,
1271 1774 1306 1809 l.
1329 1774 1437 1808 codd.
1469 1779 1504 1809 et

115 1833 191 1867 edd.
213 1838 299 1867 tum.

208 1896 240 1935 5.
267 1893 300 1929 5.
349 1894 440 1938 quod
471 1905 528 1928 res
555 1894 591 1928 in
617 1894 752 1928 invidia
783 1894 874 1937 erat]
898 1893 952 1927 De
972 1906 1038 1928 usu
1065 1894 1295 1938 explicativae
1312 1892 1501 1928 sententiae

117 1957 197 1988 ante
214 1965 290 1987 eam
312 1955 551 1996 collocandae,
576 1967 665 1998 quae
684 1954 900 1998 explicatur,
925 1964 958 1988 V.
979 1955 1021 1987 ad
1042 1966 1072 1987 c.
1094 1955 1155 1988 vn
1167 1981 1176 1997 ,
1196 1955 1220 1988 1.
1239 1974 1282 1979 —-
1306 1955 1346 1987 In
1366 1955 1500 1988 invidia

119 2024 190 2046 esse
213 2013 364 2047 habetur
393 2014 500 2048 etiam
532 2015 622 2058 apud
659 2015 732 2048 Cic.
766 2015 857 2058 Epp.
888 2013 932 2046 ad
959 2015 1062 2047 Attio.
1089 2014 1140 2055 11,
1165 2014 1207 2056 9,
1247 2025 1269 2048 a
1301 2014 1392 2047 med.
1421 2015 1498 2051 biv,

116 2073 252 2115 XXIX,
283 2073 347 2114 37,
373 2074 428 2108 17.
453 2075 562 2108 Con-r.
587 2095 633 2100 —
656 2077 766 2109 Simul
791 2080 823 2109 et
847 2074 986 2108 Cottius
1012 2074 1105 2107 male
1128 2073 1402 2117 interpunctione
1426 2074 1498 2108 dis-

117 2131 247 2172 iunxit,
278 2137 316 2167 ut
349 2134 452 2167 simul
483 2134 519 2167 vi
557 2140 591 2168 et
622 2136 838 2178 particulae,
869 2135 926 2168 cui
958 2134 1108 2167 alterum
1139 2138 1172 2167 et
1203 2134 1424 2176 respondeat,
1451 2135 1496 2169 ad

116 2193 353 2227 antecedentia
386 2195 582 2235 referatur-3
619 2206 650 2229 V.
673 2197 718 2230 ad
742 2207 772 2229 c.
798 2195 882 2236 XX,
908 2195 939 2228 1.
964 2213 1009 2219 —
1036 2194 1167 2227 Triduo
1191 2199 1242 2228 est
1264 2194 1356 2228 intra
1387 2194 1496 2231 trium

116 2252 250 2287 dierum
274 2253 427 2297 spatium
458 2253 533 2288 sive
555 2265 624 2287 non
646 2256 738 2290 ultra
762 2255 824 2290 tris
846 2256 919 2289 dies
943 2253 1083 2289 morati.
1107 2273 1153 2279 —-
1177 2255 1367 2288 Ascendere
1389 2256 1497 2299 pleri-

115 2325 183 2357 que
205 2325 324 2348 omnes
345 2313 441 2347 codd.
468 2314 654 2358 praebent,
677 2317 792 2351 nullus
817 2315 1008 2356 escendere,
1034 2315 1125 2357 quod
1148 2314 1284 2348 Cortius
1308 2317 1497 2352 temeraria

116 2374 314 2408 coniectura
336 2374 370 2408 in
395 2379 592 2409 contextum
617 2375 744 2410 intulit.
774 2396 816 2402 —-
844 2376 977 2409 Deinde
1007 2374 1099 2409 idem
1129 2380 1249 2412 contra
1278 2377 1494 2420 optimorum

113 2434 275 2469 codicum
307 2435 411 2470 fidem
444 2435 481 2470 in
515 2437 598 2470 dein
632 2435 802 2476 mutavit,
837 2447 942 2478 quam
974 2436 1126 2471 formam
1149 2435 1185 2469 in
1208 2435 1340 2470 deliciis
1363 2438 1495 2472 habere

114 2495 261 2529 videtur.
294 2515 339 2520 —
372 2497 510 2540 Seque
543 2496 679 2530 Cortius
714 2501 807 2530 recte
837 2496 973 2540 scripsit
1005 2497 1108 2541 longe
1138 2496 1370 2540 plurimorum
1394 2498 1493 2532 mdd.

115 2556 340 2598 anctoritate3
368 2555 430 2590 alii
462 2557 701 2592 tantummodo
733 2569 768 2591 se
799 2557 946 2599 habent,
979 2560 1018 2591 ut
1040 2556 1125 2590 olim
1148 2557 1371 2602 vulgabatur.
1420 2560 1493 2602 Quo

115 2615 323 2660 explicativa
345 2620 516 2662 potestate
539 2617 688 2660 positum
712 2618 806 2652 valet
828 2629 937 2656 παπις
958 2629 990 2651 v.
1007 2618 1053 2652 ad
1074 2630 1106 2653 c.
1127 2619 1182 2660 11,
1206 2618 1241 2652 3.

212 2678 244 2718 §-
276 2677 311 2710 7.
369 2678 407 2711 ui
443 2678 615 2722 paruisset
654 2676 799 2723 legatis]
838 2678 937 2712 Haec
968 2679 1073 2713 verba
1101 2677 1241 2714 cortin-
1271 2680 1402 2714 temero
1430 2690 1494 2723 pro
