1630 3034
432 198 780 242 CATILINA.
836 198 969 241 GAP.
1000 199 1109 244 XLI.
1382 207 1467 247 193

82 315 269 374 Cicero,
311 331 395 377 per
429 316 629 376 Sangam
665 314 849 361 consilio
885 316 1093 376 cognito,
1127 317 1290 379 legatis
1322 328 1460 378 prae-
1482 326 1508 365 5

81 407 224 467 cepit,
258 413 308 452 ut
341 406 535 452 studium
570 405 882 453 coniurationis
915 406 1207 453 vehementer
1241 410 1460 467 simulent,

80 504 252 544 ceteros
286 499 472 555 adeant,
515 499 632 543 bene
665 498 987 558 polliceantur,
1023 496 1220 558 dentque
1256 516 1458 561 operam,

77 590 143 633 uti
178 603 254 635 eos
288 605 425 649 quam
459 604 667 635 maxume
701 589 958 635 manifestos
992 589 1201 636 habeant.

74 754 168 788 culta
193 758 262 796 est,
297 760 337 791 ut
360 755 407 799 ii,
442 757 502 802 qui
524 757 683 791 civitates
719 760 781 792 aut
803 755 961 792 nationes
993 757 1147 792 devictas
1179 759 1264 793 bello
1296 758 1333 792 in
1345 759 1459 803 fidem

73 812 297 856 recepissent,
323 825 441 848 earum
462 814 605 859 patroni
628 820 736 849 essent
759 826 853 849 more
876 817 1064 858 maiorum,
1090 816 1151 850 ubi
1175 827 1211 852 v,
1237 817 1314 850 Car.
1340 816 1456 850 Beier.

72 869 154 902 coll.
178 870 327 913 Appian.
352 871 395 906 de
419 873 460 908 B.
490 874 528 907 G.
552 873 596 906 11.
620 883 654 916 p.
674 873 755 906 430.
794 871 831 908 οἱ
861 868 902 906 δ’
935 871 1149 919 Ἀλλόβριγες
1182 870 1457 915 ἐνδοιάσαντες,

71 924 319 964 ἐκοινώσαντο
358 931 485 977 Φαβίῳ
518 927 664 977 Σάγγᾳ,
702 925 743 971 ὃς
774 924 822 976 ἦν
855 930 930 965 ταῖν
959 927 1198 978 Ἀλλοβρίγων
1233 928 1456 975 προστάτης,

72 980 194 1030 ὥσπερ
219 984 382 1027 ἁπάσαις
405 986 552 1022 πόλεσιν
577 987 653 1023 ἔστι
677 1002 732 1029 τις
755 988 793 1023 ἐν
814 984 934 1035 Ῥώμῃ
959 987 1178 1036 προστάτης.
1212 989 1267 1022 Cf.
1294 988 1390 1023 Cort.
1410 988 1454 1022 ad

69 1041 107 1076 h.
131 1043 154 1077 l.
181 1048 215 1078 et
238 1045 384 1089 Rupert.
410 1046 452 1079 ad
478 1044 592 1081 Tacit.
616 1047 703 1080 Ann.
722 1046 782 1088 111,
804 1046 862 1089 55,
887 1045 979 1080 med.

162 1104 195 1144 ἕ.
220 1101 253 1136 5.
301 1105 437 1137 consilio
461 1105 620 1149 cognito]
654 1105 895 1138 infelicissimi:
918 1101 1117 1137 coniectura
1144 1101 1281 1136 Cortius
1303 1101 1456 1143 consilio,

69 1156 154 1200 quia
175 1157 211 1191 in
236 1159 369 1202 aliquot
391 1159 491 1194 libris
514 1173 594 1194 mss.
618 1163 735 1196 locum
759 1166 889 1199 mutat,
914 1160 1101 1203 expunxit,
1124 1161 1261 1204 cognito
1285 1159 1455 1202 interpre-

69 1208 222 1249 tatusre
246 1216 406 1261 cognita,
431 1216 593 1261 maleque
615 1219 687 1252 hue
710 1220 852 1254 trahens
877 1219 1080 1252 Latinorum
1106 1227 1229 1259 usum,
1253 1229 1322 1260 quo
1345 1216 1456 1261 parti—

70 1271 154 1316 cipii
186 1279 348 1307 nentrum
386 1275 539 1309 ablativo
573 1286 657 1310 casu
688 1278 845 1312 absolute
867 1276 1029 1321 ponitur,
1063 1278 1226 1318 sequente
1249 1274 1452 1308 accusativo

69 1342 99 1364 c.
125 1330 187 1364 inf.
212 1336 275 1365 aut
298 1331 369 1366 alia
393 1331 633 1366 enunciatione
656 1334 816 1379 integra,
841 1334 884 1366 de
908 1343 977 1376 qua
1001 1332 1257 1366 constructione
1281 1333 1367 1365 bene
1391 1343 1452 1365 ex—

66 1388 184 1433 posuit
207 1389 389 1433 Zumptius
413 1390 570 1423 Grnmm.
601 1391 677 1424 Lat.
702 1393 733 1432 §.
756 1389 813 1432 81,
837 1389 871 1425 8.
902 1401 935 1433 p.
957 1389 1038 1424 458.
1080 1390 1132 1423 Cf.
1159 1388 1380 1431 Oudendorp.
1406 1389 1452 1423 ad

67 1447 222 1481 Caes.B.
237 1445 279 1480 G.
293 1447 364 1489 vn,
384 1447 440 1489 52,
461 1448 495 1480 2.
522 1447 784 1481 Drakenborch.
811 1448 855 1481 ad
879 1446 955 1481 Liv.
980 1448 1008 1492 1,
1028 1446 1086 1488 41,
1106 1446 1140 1482 6.
1164 1452 1198 1481 et
1223 1447 1267 1481 ad
1292 1447 1450 1486 XXVIII,

67 1504 125 1546 36,
147 1504 203 1538 12.
237 1503 377 1538 walch.
401 1504 596 1539 Emendatt.
619 1505 724 1540 Livv.
748 1518 780 1549 p.
802 1505 883 1539 207.
948 1506 988 1539 In
1022 1505 1092 1538 hae
1124 1508 1240 1538 autem
1264 1508 1452 1545 structura,

66 1561 130 1595 ubi
151 1561 240 1595 nihil
262 1563 436 1606 sequitur,
469 1563 562 1606 quod
594 1573 616 1596 a
649 1564 788 1608 cognito
813 1562 976 1606 pendeat,
1007 1562 1244 1595 necessarium
1267 1565 1319 1595 est
1341 1561 1452 1605 parti-

65 1618 157 1663 cipio
179 1619 262 1653 addi
285 1620 557 1661 substantivum3
584 1630 697 1663 neque
729 1623 845 1653 tamen
869 1621 1044 1653 consilium
1076 1619 1169 1653 idem
1193 1618 1371 1664 significat
1394 1622 1452 1653 at-

64 1687 134 1720 que
156 1687 222 1718 res,
246 1687 335 1720 quae
357 1688 522 1720 perversa
544 1677 660 1721 opinio
684 1676 846 1711 Cortium
870 1676 906 1710 in
929 1688 1085 1711 errorem
1108 1676 1262 1718 induxit,
1286 1676 1345 1709 sed
1370 1687 1454 1718 pro-

63 1733 142 1777 pria
165 1738 332 1777 potestate
355 1734 621 1779 intelligendum
645 1735 687 1767 de
712 1735 908 1779 legatorum
932 1736 1071 1768 consilio
1096 1734 1343 1768 coniurationis
1367 1745 1452 1778 ape-

61 1791 218 1825 riendae.
266 1791 472 1826 Gerlachius
504 1793 548 1826 dc
580 1792 725 1826 consilio
748 1793 983 1838 Allobrogum
1015 1792 1318 1827 sollicitandorum
1341 1791 1451 1835 capit,

60 1848 156 1891 quod
177 1850 423 1884 sententiarum
446 1862 552 1884 nexus
575 1861 643 1883 non
666 1848 846 1894 permittit.

155 1908 355 1951 praecepit,
389 1913 429 1942 ut
459 1908 640 1952 simulent]
684 1908 921 1943 Praeteritum
961 1907 1139 1954 praecepit
1181 1905 1326 1951 plurimi
1368 1904 1452 1940 libri

62 1963 228 2004 tuentur3
269 1964 371 2008 pauci
402 1968 539 1999 tautum
578 1966 750 2009 praecipit
785 1965 969 2008 exhibent,
1009 1966 1104 2010 quod
1134 1966 1282 1999 fortasse
1312 1967 1453 2007 propter

61 2031 208 2064 sequens
231 2032 393 2065 praesens
426 2022 542 2067 magis
574 2023 731 2066 placeat;
765 2023 825 2056 sed
848 2023 953 2067 vide,
983 2035 1027 2058 ne
1051 2024 1118 2057 hoc
1150 2022 1265 2066 ipsum
1295 2017 1453 2055 librariis

63 2089 187 2112 caussa
209 2079 336 2122 fuerit,
361 2091 423 2113 cur
446 2080 673 2124 praeteritum
696 2081 903 2114 mutandum
927 2084 1114 2114 censerent.
1162 2079 1265 2122 Quod
1295 2077 1390 2111 enim
1412 2076 1450 2111 in

63 2135 141 2169 aliis
163 2136 388 2180 scriptoribus
410 2149 478 2171 non
504 2139 687 2171 ferendum
710 2137 774 2179 sit,
810 2142 850 2171 ut
872 2138 1070 2182 perfectum
1097 2135 1268 2170 aoristum
1300 2134 1451 2177 excipiat

62 2202 242 2236 praesens,
265 2194 301 2228 id
323 2195 489 2229 historico
515 2195 773 2229 concedendum
795 2195 952 2237 videtur,
976 2190 1149 2237 imprimis
1173 2192 1359 2231 Sallustio,
1393 2190 1451 2225 cui

61 2261 224 2295 praesens
246 2252 466 2294 historicum,
488 2257 652 2297 sequente
675 2255 855 2295 praesente
877 2252 935 2285 vel
954 2251 1177 2294 imperfecto,
1199 2261 1262 2294 pro
1286 2247 1452 2294 perfecto,

61 2311 226 2351 sequente
265 2308 468 2352 imperfecto
510 2310 597 2344 adeo
638 2310 800 2353 frequens
833 2313 903 2350 est,
937 2312 976 2342 ut
1008 2319 1077 2340 non
1110 2307 1239 2340 mirum
1273 2306 1336 2348 sit,
1368 2313 1450 2339 eum

63 2364 201 2399 inversa
231 2365 364 2400 ratione
394 2366 503 2400 etiam
537 2368 693 2410 perfecto
725 2366 856 2401 aoristo
895 2376 1055 2409 praesens
1087 2364 1315 2409 subiungere,
1350 2362 1450 2408 cogi-

62 2421 192 2455 tatione
215 2433 234 2455 e
257 2423 445 2465 praeterito
477 2428 632 2466 tempore
664 2424 701 2458 in
734 2435 895 2468 praesens
928 2427 1164 2465 transgressa,
1198 2431 1266 2463 quo
1297 2420 1450 2454 vividior

62 2490 119 2512 res
159 2481 385 2515 describatur.
457 2481 638 2524 Quantum
677 2492 763 2515 vero
802 2480 926 2515 Noster
966 2479 1002 2512 in
1042 2478 1280 2522 temporibus,
1324 2478 1449 2521 quibus

61 2535 271 2579 praeteritae
293 2549 348 2571 res
371 2537 564 2582 significari
587 2543 749 2581 possunt,
781 2535 1030 2581 coniungendis
1054 2535 1202 2575 audeat,
1237 2535 1449 2569 ostendimus

63 2593 108 2627 ad
139 2605 168 2626 c.
196 2594 362 2637 XXXIV,
392 2596 426 2628 1.
473 2593 663 2628 Consimile
702 2598 754 2628 est
794 2595 991 2637 exemplum
1029 2594 1106 2637 Ing,
1132 2593 1301 2633 xxvm,
1331 2593 1364 2626 1.
1397 2592 1450 2625 his

61 2653 332 2695 praecepit,
366 2653 473 2685 omnis
502 2653 657 2686 mortalis
688 2653 843 2696 pecunia,
871 2651 1246 2696 aggrediantur,
1286 2648 1348 2682 ubi
1381 2659 1448 2682 non

65 2708 334 2755 negligendum,
367 2709 459 2753 quod
491 2708 700 2744 Gerlachlus
724 2713 844 2744 notare
878 2708 1018 2751 omisit,
1049 2706 1217 2752 quosdam
1249 2704 1351 2740 codd.
1391 2716 1445 2742 ae·

130 2770 164 2813 1.
1107 2765 1172 2810 13
