1630 3034
318 226 661 271 CATILINA.
732 225 868 270 GAP.
898 224 1027 267 XLV.
1056 224 1202 268 XLVI.
1370 227 1454 268 ‘207

73 342 316 396 defendit3·
344 342 535 400 deinde,
569 343 644 387 ubi
681 359 706 387 a
742 319 902 401 legatis
938 341 1134 385 desertus
1182 346 1271 397 est,
1313 341 1456 384 multa

71 434 192 493 prius
227 433 287 477 de
320 434 458 479 salute
504 449 584 478 sua
617 433 906 492 Pomptinum
952 432 1216 487 obtestatus,
1253 431 1379 489 quod
1414 431 1456 474 ei

72 531 200 568 notus
235 530 350 578 erat,
385 531 616 583 postremo
650 523 830 568 timidus
865 537 919 566 ac
953 523 1069 567 vitae
1103 523 1334 580 diffidens,
1375 537 1456 566 ve·-

72 616 138 659 lut
171 614 374 659 hostibus
409 631 503 659 sese
535 616 821 660 Praetoribus
857 612 996 660 dedit.

207 703 372 749 XLVI.
443 706 618 762 Quibus
653 707 785 752 rebus
820 702 1038 751 confectis
1075 704 1222 748 omnia
1258 717 1457 763 propere

163 903 359 950 utrimque]
386 903 501 940 Possis
534 906 604 940 hoc
635 908 677 942 ad
709 916 769 941 eos
800 904 861 950 qui
890 909 1031 950 pontem
1056 905 1260 939 obsidebant
1283 907 1316 938 et
1339 903 1383 937 ad
1407 904 1459 937 le-

72 965 237 1007 gatorum
262 963 466 997 comitatum
490 966 640 1006 referr03
672 968 789 999 tamen
812 964 909 997 haud
941 964 1012 998 scio
1037 975 1081 997 au
1105 963 1231 996 melior
1253 959 1297 996 sit
1320 963 1456 1007 glossa-

72 1019 159 1054 toris
182 1019 364 1054 cuiusdam
387 1022 570 1065 explicatio
595 1035 635 1057 ca·
658 1029 806 1066 utraque
836 1027 938 1065 parte
966 1021 1103 1065 pontis,
1139 1020 1268 1054 collato
1292 1019 1460 1052 Cicerone

72 1076 109 1110 in
132 1077 236 1110 Catil.
255 1078 314 1115 111,
337 1077 371 1121 2,
394 1077 427 1112 5.
453 1080 489 1112 ἰη
508 1081 673 1123 proximis
695 1081 786 1113 villis
806 1081 861 1113 'ita
886 1079 1049 1123 bipartito
1067 1081 1236 1121 fue-runt,
1261 1081 1301 1110 ut
1326 1077 1461 1109 Tiberis

73 1134 243 1167 iuter-eos
271 1139 306 1168 ct
324 1146 412 1178 pons
435 1136 625 1172 interesset.
648 1157 696 1162 -—
729 1139 803 1171 Cito
827 1137 1014 1171 Putschius
1039 1135 1188 1177 delevit,
1220 1145 1331 1177 neque
1365 1145 1461 1166 com-

73 1191 190 1235 paruit
212 1192 430 1225 vocabulum
461 1193 497 1226 in
522 1195 639 1228 Guelf.
661 1196 694 1229 3.
726 1197 830 1228 Bern.
855 1195 887 1228 1.
921 1198 955 1228 et
986 1193 1150 1227 Eichhof.
1200 1191 1337 1225 Cortius
1369 1191 1462 1231 inde,

76 1250 231 1282 Grutero
253 1248 406 1292 primum
437 1251 667 1294 suspicionem
690 1256 871 1295 movente,
906 1251 1139 1294 corruptelam
1169 1250 1352 1291 odoratus,
1376 1259 1461 1282 con-

76 1305 158 1339 iecit
180 1317 212 1349 ¹a
235 1306 402 1340 Sallustio
435 1308 603 1352 scripturn
633 1309 742 1343 fuisse
774 1310 857 1343 scito
882 1309 1038 1349 consilio,
1068 1308 1159 1351 quod
1184 1307 1334 1351 explicat
1357 1316 1461 1351 quum

75 1365 201 1397 scirent
231 1364 429 1406 consilium,
460 1365 533 1399 sive
562 1368 671 1411 gnari
702 1368 853 1408 consilii,
888 1367 937 1400 ita
968 1370 1008 1399 ut
1032 1366 1169 1410 cognito
1192 1366 1313 1409 glossa
1336 1363 1381 1397 sit
1403 1373 1463 1397 ra-

76 1421 178 1455 rioris
201 1420 400 1465 participii,
425 1433 496 1465 qua
517 1423 554 1456 in
578 1429 710 1459 textum
733 1425 832 1458 illata
855 1426 938 1458 scito
962 1423 999 1456 in
1024 1424 1089 1456 cito
1117 1422 1256 1456 abierit.
1311 1421 1383 1465 Ipsi
1407 1426 1463 1455 ta-

76 1488 157 1512 men
179 1478 377 1512 coniectura
400 1479 618 1523 displicuisse
640 1482 800 1526 w'detur,
836 1482 1007 1526 siquidem
1031 1492 1073 1514 eo
1096 1479 1259 1521 inclinat,
1288 1484 1326 1513 ut
1344 1480 1463 1524 potius

76 1537 143 1570 cito
167 1536 317 1570 deletum
340 1536 436 1570 velit.
484 1539 663 1583 Bipontini
685 1540 842 1574 obsecuti
865 1542 957 1580 sunt,
981 1538 1071 1581 quod
1095 1549 1307 1583 magnopere
1330 1537 1465 1582 impro-

75 1594 212 1628 bamus.
259 1594 315 1627 Ex
346 1593 524 1629 Ciceronis
559 1596 652 1631 enim
686 1608 738 1631 or.
766 1597 803 1630 in
827 1596 929 1631 Catil.
950 1595 1010 1635 111,
1037 1595 1072 1636 2,
1092 1594 1125 1628 6.
1160 1600 1316 1637 constat,
1342 1595 1465 1629 Gallos

76 1651 239 1685 nesciisse
283 1650 424 1685 insidias
459 1653 666 1688 abeuntibus
708 1655 745 1687 in
774 1658 878 1699 ponte
912 1654 1009 1693 fieri3
1044 1656 1312 1686 consentaneum
1345 1657 1465 1686 tamen

76 1713 149 1751 est,
176 1710 288 1753 primo
319 1709 440 1742 statim
475 1709 605 1753 impetu
639 1716 672 1745 et
705 1723 870 1745 concursu
904 1722 962 1745 eos
986 1710 1148 1751 sensisse,
1172 1722 1240 1743 non
1256 1716 1335 1744 Ram
1359 1710 1466 1754 ipsos,

77 1767 206 1810 quippe
229 1766 355 1810 quibus
377 1777 456 1799 cum
481 1767 630 1801 Consule
660 1769 748 1803 bene
772 1770 990 1810 conveniret,
1015 1780 1119 1811 quam
1143 1767 1360 1802 Voloiircium
1383 1778 1466 1801 cum

77 1823 202 1857 ceteris
222 1822 312 1867 peti3
341 1823 433 1866 quod
457 1823 518 1856 ubi
540 1825 694 1868 primum
717 1826 972 1865 intellexerunt,
1000 1825 1090 1859 nihil
1113 1826 1367 1859 cunctabantur
1389 1836 1467 1858 sese

78 1881 226 1916 tradere.
274 1881 384 1914 Recte
407 1880 517 1925 igitur
540 1882 695 1927 Langius
718 1883 872 1925 monuit,
904 1881 1013 1916 verba
1044 1883 1118 1916 sine
1151 1894 1250 1916 mona
1282 1883 1327 1916 ad
1359 1893 1466 1926 prae-

78 1948 238 1983 gressum
261 1937 351 1978 cito,
375 1941 541 1981 tanquam
565 1940 609 1972 ad
633 1951 811 1982 caussam,
835 1940 977 1982 referri„
992 1959 1039 1964 —-
1072 1940 1110 1973 In
1134 1939 1354 1984 sequentibus
1378 1940 1467 1973 Cor-

79 1994 148 2029 tius
180 2005 243 2038 pro
275 2004 374 2043 more
405 2006 467 2028 suo
499 1996 759 2038 hallucinatur,
794 2002 846 2030 est
877 2001 956 2040 post
988 1998 1164 2039 desertus,
1210 2002 1244 2031 et
1278 2002 1354 2031 crat
1387 1999 1467 2040 post

78 2058 180 2086 notus
203 2052 276 2086 sine
299 2052 398 2087 codd.
436 2052 545 2086 deleri
580 2054 732 2097 cupiens.
753 2072 798 2078 -—
842 2055 975 2089 Deinde
1010 2055 1232 2099 scripsimus,
1267 2066 1336 2088 non
1373 2054 1466 2096 dein,

81 2109 241 2143 omnibus
265 2108 375 2143 Cottii
407 2113 440 2143 et
466 2110 648 2144 Gerlachii
671 2111 770 2145 libris
801 2117 941 2156 praeter
977 2111 1087 2145 Vatic.
1120 2113 1153 2146 1.
1186 2112 1238 2146 ita
1269 2111 1468 2145 exhibenti-

83 2166 168 2208 bus3
191 2167 238 2200 cf.
263 2167 308 2200 ad
332 2178 361 2199 c.
393 2167 467 2208 XL,
492 2167 526 2200 6.
562 2168 701 2202 Pariter
732 2169 826 2202 velut
863 2168 1096 2211 plurimorum
1129 2170 1226 2202 codd.
1260 2169 1468 2202 auctoritate

82 2220 224 2263 nititur,
248 2233 316 2256 non
339 2224 466 2265 veluti,
492 2223 584 2267 quod
608 2224 745 2258 Cortius
765 2225 896 2267 aliique
918 2225 1060 2259 habent.
1075 2244 1121 2250 —
1140 2225 1255 2259 Multa
1279 2227 1468 2260 obtestatus

83 2277 108 2313 i.
132 2289 164 2314 e.
202 2279 320 2312 multis
350 2282 524 2324 variisque
566 2282 697 2314 caussis
728 2282 772 2315 ad
805 2280 1029 2323 Pomptinum
1068 2281 1323 2317 conciliandum
1356 2295 1464 2326 usus;

84 2335 175 2379 quod
198 2336 280 2368 Bas.
297 2335 330 2370 2.
355 2337 497 2370 exhibet
518 2339 664 2371 multum
694 2339 761 2371 obt.
786 2337 1000 2382 significaret
1021 2339 1240 2375 vehementer
1261 2342 1329 2376 obt.
1362 2353 1397 2377 V.
1421 2341 1467 2376 ad

85 2405 116 2428 c.
139 2393 282 2434 xxvn,
305 2393 339 2427 4.

174 2451 297 2494 dedit]
325 2451 442 2485 Guelf.
464 2451 520 2485 11.
544 2451 652 2484 habet
676 2452 834 2492 tradidit,
859 2451 892 2486 4.
909 2452 967 2487 10.
986 2454 1058 2487 Erl.
1077 2454 1172 2490 Lcid.
1196 2455 1236 2489 F.
1261 2456 1307 2489 H.
1333 2457 1466 2497 tradit,-

85 2519 177 2553 quae
199 2508 430 2551 discrepantia
452 2508 609 2550 ostendit,
624 2509 755 2542 scribas
777 2521 888 2553 neque
910 2522 1049 2544 sensum
1071 2524 1182 2555 neque
1205 2518 1340 2557 tempus
1366 2513 1466 2547 verbi

86 2570 178 2600 recte
200 2565 418 2600 intellexisse.
463 2566 631 2599 Praesens
662 2577 736 2599 esse
767 2577 835 2599 non
866 2579 945 2601 cum
970 2569 1149 2614 Ilerzogio
1181 2570 1389 2604 coniecerim
1422 2581 1465 2604 ex

86 2622 359 2657 antecedentium
383 2623 661 2656 enunciationnm
687 2623 864 2668 analogia,
888 2626 1075 2668 permittit,
1095 2646 1141 2651 —
1166 2627 1346 2667 obsidunt,
1367 2647 1410 2652 —
1427 2638 1465 2662 se

87 2681 248 2722 tradunt,
291 2681 351 2714 sed
393 2679 506 2723 potius
548 2684 686 2723 propter
727 2682 880 2723 ‹hscndit
900 2701 946 2707 —
964 2683 1125 2726 diffidens
1168 2689 1201 2717 ct
1231 2684 1466 2728 declarantur,

87 2748 302 2781 quamquam
333 2749 377 2772 ne
405 2736 475 2771 ista
504 2735 644 2780 quidem
676 2737 767 2772 ratio
801 2739 903 2782 plane
937 2745 1033 2775 certa
1068 2743 1129 2775 est.
1177 2740 1246 2776 Sed
1281 2743 1467 2776 verborum
