1630 3034
437 122 795 165 IUGURTHA.
855 122 979 166 CAP.
1012 122 1233 166 XXXIX.
1453 128 1539 170 225

154 254 240 299 pro
285 238 428 299 gloria
471 240 656 299 imperi,
707 254 813 299 pars
858 239 1032 284 insolita
1079 254 1228 284 rerum
1272 235 1556 284 bellicarum'

153 337 308 380 timere
345 337 554 392 libertati,
591 336 709 380 Aulo
745 351 897 380 omnes
935 337 1095 393 infesti,
1131 352 1184 380 ac
1219 352 1425 381 maxume
1461 338 1536 396 qui

152 469 340 511 evertitur,
365 473 500 502 mutare
526 468 595 500 hoc
617 478 717 501 sensu
741 468 961 502 transitivum
985 475 1057 510 est,
1081 468 1275 504 necessario
1297 468 1536 505 accusativum

152 529 282 562 obiecti
302 529 501 563 adiunctum
525 528 592 561 sibi
615 529 811 572 postulans;
837 529 897 562 ubi
921 535 1037 563 autem
1055 541 1096 563 ea
1115 530 1154 563 vi
1179 531 1330 573 positum
1347 535 1409 571 est,
1430 541 1535 573 quam
1560 541 1564 544 “

150 589 290 624 Curtius
315 591 481 633 probante
504 588 585 623 licet
609 590 819 623 Ruhnkenio
844 591 888 623 ad
913 591 998 624 Yon.
1022 592 1066 634 11,
1095 590 1152 632 82,
1182 591 1213 624 1.
1247 591 1336 623 falso
1359 591 1534 634 passivam

150 650 254 691 dicit,
285 650 449 684 reflexim
474 654 624 693 potestas
656 650 806 693 obtinet,
842 651 884 684 de
908 662 976 694 qua
1000 650 1078 683 vide
1101 661 1191 693 quac
1215 649 1365 683 diximus
1389 651 1433 684 ad
1459 651 1534 686 Cat.

151 711 208 751 vl,
232 709 265 746 7.
289 723 324 754 p.
350 711 405 744 37.
439 710 548 743 Cuius
573 711 662 744 ratio
686 722 794 753 quum
818 723 860 745 eo
884 715 1038 752 constet,
1069 714 1107 744 ut
1138 709 1332 743 subiectum
1365 711 1471 745 tacite
1497 711 1534 745 iu

149 769 276 803 obiecti
298 771 415 804 locum
439 775 605 808 transeat,
627 777 723 815 patet
745 778 880 806 mutare
904 785 971 806 uon
994 771 1086 805 idem
1110 782 1183 804 esse
1207 777 1310 814 atque
1334 772 1463 805 mutari
1487 783 1533 804 sc.

149 831 193 864 ab
226 832 361 875 aliquo,
395 832 454 864 sed
477 843 512 865 se
536 837 694 874 mutare,
724 843 760 865 se
784 833 892 876 ipsum
919 834 1114 866 immutare.
1163 832 1280 874 Quare
1304 831 1404 865 vides
1428 843 1535 875 quam

147 891 337 925 absurdum
362 892 406 926 sit
428 893 610 926 mutabant
635 893 800 926 reflexivc
825 893 973 936 positum
997 894 1048 928 ita
1073 893 1290 937 intelligere,
1322 893 1423 936 quusi
1445 905 1534 938 gra-

147 961 207 985 ves
237 953 320 985 illae
348 953 560 987 condiciones
585 965 607 986 α
636 954 848 987 Rom-anis
871 955 990 987 mortis
1015 959 1109 988 metu
1134 959 1334 987 mutatae
1361 959 1534 997 essent,

147 1023 191 1044 ne
220 1012 335 1046 dicam
367 1013 402 1046 in
431 1014 501 1047 hac
534 1015 702 1048 sententia
734 1016 853 1048 mortis
877 1020 1034 1048 metum
1056 1015 1278 1048 incommode
1301 1019 1533 1050 memoratum

146 1071 283 1115 videri,
318 1085 427 1116 quum
449 1075 618 1109 Romanis
644 1077 886 1110 tantummodo
918 1076 1007 1109 inter
1038 1086 1158 1118 pacem
1192 1075 1465 1119 ignominiosam
1496 1080 1533 1110 et

146 1138 302 1176 mortem,
325 1146 437 1178 neque
462 1147 544 1169 vero
570 1136 658 1169 inter
680 1136 781 1169 illam
807 1143 840 1170 et
863 1137 983 1170 mortis
1003 1141 1132 1170 metum
1156 1135 1307 1179 eligendi
1328 1137 1427 1180 copia
1448 1137 1533 1171 reli-

147 1198 203 1228 cta
226 1198 325 1230 esset.
371 1195 489 1229 Cortio
512 1196 662 1239 ineptius
684 1198 788 1231 etiam
814 1198 969 1242 Langius
992 1202 1175 1239 ‚,mntare‚
1199 1196 1330 1239 inquit,
1362 1197 1455 1231 idem
1481 1202 1532 1233 est

146 1256 239 1297 quod
261 1257 410 1299 pacisci,
435 1257 606 1299 siquidem
637 1268 739 1291 omne
762 1262 900 1300 pactum
924 1258 1071 1291 mutatio
1095 1257 1265 1300 quaedam
1291 1262 1359 1298 θεῖς
1385 1259 1431 1292 cf.
1454 1259 1530 1292 Cat.

146 1315 332 1356 Lvlu‚15.
349 1318 465 1360 Quare
481 1330 598 1352 sensus
611 1323 679 1352 est:
698 1318 779 1360 quia
794 1324 943 1351 mortem
959 1322 1149 1351 metuentes
1162 1329 1283 1361 pacem
1295 1318 1532 1360 faciebant.“!

147 1376 305 1419 Utroque
335 1388 402 1410 non
435 1379 560 1412 melius
591 1380 666 1424 egit
691 1378 917 1420 Gerlachins,
949 1377 1010 1422 qui
1040 1377 1171 1410 editam
1206 1388 1227 1411 a
1258 1389 1295 1410 se
1325 1377 1532 1421 scripturam

144 1438 370 1472 mutabantur
386 1439 435 1472 ita
451 1440 618 1484 explicat:
644 1441 725 1484 quia
743 1439 804 1471 hoc
820 1439 918 1471 modo
935 1439 1053 1471 mortis
1071 1443 1162 1471 metu
1187 1439 1248 1470 lib
1260 1439 1362 1472 crab
1374 1444 1533 1480 antur,

144 1497 280 1531 scilicet
303 1500 492 1541 „quoniam
517 1507 653 1535 mutare
684 1511 745 1543 pro
767 1504 964 1542 permutare
989 1499 1121 1531 dictum
1145 1498 1248 1531 sit.·‘!
1296 1499 1362 1531 Sed
1388 1511 1430 1532 ne
1454 1499 1532 1532 diu-

143 1558 214 1592 tius
234 1559 324 1592 haec
349 1564 452 1603 atque
478 1561 563 1594 tulia
587 1561 814 1605 exagitemus,
839 1560 1022 1593 mutabant
1050 1571 1116 1592 non
1143 1560 1315 1591 Romanos
1337 1558 1533 1592 subiectum

143 1619 275 1663 habet,
308 1624 347 1654 ut
371 1621 525 1664 nangius
548 1627 584 1654 et
609 1620 817 1654 Gerlachius
841 1623 986 1663 putant,
1019 1621 1078 1653 sed
1102 1620 1145 1653 ad
1170 1632 1258 1664 quae
1281 1624 1432 1662 spectat,
1464 1620 1533 1654 hoc

142 1691 263 1713 sensu:
287 1692 399 1724 quae
423 1693 632 1727 quamquam
656 1682 786 1726 gravia
811 1684 845 1713 ct
863 1681 987 1723 flagiti
1007 1681 1110 1724 plena
1137 1685 1254 1720 crant,
1281 1685 1423 1719 tamen,
1449 1681 1533 1724 quia

140 1746 331 1784 propter
361 1744 518 1776 mortis
550 1748 713 1776 metum
745 1753 788 1774 sc
822 1741 1087 1784 mutabant,
1127 1740 1150 1774 i.
1176 1751 1205 1773 e.
1232 1740 1302 1774 alia
1327 1740 1532 1774 videbantur

142 1805 248 1843 atque
271 1805 387 1843 erant,
425 1802 551 1845 quippe
583 1814 672 1847 qnae
703 1812 842 1837 summa
864 1813 981 1834 rerum
1004 1801 1207 1835 necessitate
1230 1805 1351 1834 coacta
1375 1805 1436 1834 aut
1459 1800 1530 1834 ali-

142 1873 248 1904 quam
273 1862 529 1896 excusationem
561 1865 692 1897 habere
724 1862 940 1902 viderentur,
973 1865 1034 1895 ant
1057 1873 1161 1904 quam
1190 1861 1306 1903 turpia
1330 1865 1440 1895 essent
1463 1872 1531 1894 non

141 1922 369 1963 sentirentur3
394 1934 501 1966 eoque
525 1925 668 1965 factum,
696 1923 746 1957 uti
772 1935 837 1966 pax
862 1922 1070 1955 conveniret.
1120 1922 1243 1955 Obiter
1263 1932 1442 1955 monemus
1467 1921 1530 1954 Bi-

141 1982 301 2025 pontinos
328 1988 362 2015 et
385 1983 594 2017 Muellerum
627 1984 776 2017 edidisse
805 1984 987 2016 nutabant.
1013 2003 1058 2008 -—
1082 1982 1191 2014 Usum
1224 1982 1401 2015 convenire
1433 1981 1530 2015 verbi

141 2042 216 2075 sine
239 2053 385 2085 persona
408 2048 442 2075 et
466 2044 720 2087 praepositione
744 2043 965 2087 intcriposifi,
990 2041 1181 2074 illustravit
1204 2041 1366 2074 Bremius
1383 2041 1425 2074 ad
1443 2042 1530 2085 Nep.

142 2103 297 2137 Hannib.
325 2104 389 2144 Vl,
415 2104 448 2136 2.
483 2105 704 2137 Condiciones
733 2116 800 2136 non
834 2107 1086 2142 convenerunt,
1118 2101 1261 2134 laud-rito
1287 2101 1454 2135 Goerenz.
1482 2102 1527 2136 ad

142 2151 282 2197 mesco
307 2164 417 2207 Legg.
443 2165 477 2207 1,
503 2163 569 2206 20,
596 2163 653 2197 53.
689 2169 722 2197 et
746 2164 900 2206 uerzog.
935 2163 977 2195 aa
1005 2162 1104 2195 Caes.
1129 2162 1172 2196 B.
1197 2162 1238 2194 G.
1266 2161 1364 2202 vm,
1389 2161 1445 2195 23.
1480 2162 1526 2196 cf.

141 2225 406 2258 Drakenborch.
431 2225 473 2257 ad
499 2224 573 2257 Liv.
599 2224 718 2265 XXX,
742 2223 784 2267 3,
810 2223 843 2258 7.
878 2227 912 2257 et
934 2233 1023 2265 quae
1045 2221 1137 2254 infra
1161 2221 1405 2256 annotavimus
1428 2222 1473 2255 ad
1496 2233 1528 2257 c.

140 2285 340 2322 Lxxxm,
366 2284 399 2317 2.

234 2345 396 2377 xxxlx.
422 2347 451 2387 ἓ.
477 2344 510 2377 1.
548 2350 722 2388 comperta
747 2345 839 2388 sunt]
864 2343 942 2377 Vim
969 2343 1074 2376 huius
1097 2341 1258 2376 vocabuli
1279 2342 1529 2386 explicavimus

140 2405 185 2440 ad
209 2417 239 2439 c.
264 2406 380 2447 ΧΠΙ,
405 2406 439 2438 2.
475 2424 521 2430 —-
556 2406 677 2438 Dolere
699 2416 778 2448 pro
803 2406 919 2448 gloria
946 2403 1155 2437 Gerlachius
1179 2407 1321 2437 annotat
1345 2404 1530 2438 insolenter

140 2457 270 2502 {lictum
295 2478 381 2507 esse,
405 2478 511 2509 quum
537 2467 652 2500 dolere
677 2464 836 2508 legitime
860 2469 920 2497 aut
943 2476 1020 2497 curn
1047 2464 1260 2504 accusativo,
1284 2469 1343 2497 aut
1364 2476 1444 2498 cum
1465 2466 1528 2498 ab·

138 2528 252 2562 lativo
277 2529 331 2561 vel
356 2529 450 2568 solo,
487 2528 543 2561 vel
567 2526 694 2560 additis
720 2526 780 2566 dc,
813 2537 874 2565 ex,
908 2537 930 2557 a
954 2524 1270 2569 praepositionibus
1294 2530 1527 2559 construatur.

139 2588 207 2622 Sed
232 2600 298 2622 non
323 2589 495 2632 reputavit
518 2588 557 2620 V.
589 2589 629 2620 D.
654 2588 720 2620 has
746 2590 937 2618 structuras
961 2597 1080 2618 omnes
1104 2585 1148 2617 ab
1172 2585 1208 2617 h.
1235 2585 1257 2617 l.
1283 2585 1416 2619 alienas
1440 2597 1526 2627 esse,

139 2648 267 2692 quippe
290 2650 415 2692 quibus
441 2650 540 2684 dolor
563 2648 612 2682 rei
637 2647 864 2691 significetur,
891 2657 994 2688 quam
1020 2656 1125 2690 aegre
1150 2645 1242 2678 feras
1266 2649 1299 2678 et
1322 2645 1443 2678 abesse
1465 2657 1526 2678 cu-

71 2708 76 2711 ’
139 2709 233 2753 pias3
261 2710 322 2754 qui
345 2716 460 2746 autem
480 2710 592 2744 dolent
617 2709 670 2743 de
695 2708 914 2741 dedecore
941 2705 1091 2751 imperii,
1115 2716 1184 2740 non
1207 2708 1348 2747 possunt
1372 2704 1441 2738 diei
1464 2705 1526 2738 do—

206 2774 262 2818 11.
1183 2766 1250 2810 15
