1630 3034
401 180 419 222 Ι
431 180 465 221 U
477 178 513 222 G
527 178 609 223 UR
620 179 657 222 T
669 134 762 223 HXA.
822 179 854 223 C
863 181 895 223 A
904 181 946 223 P.
979 180 1200 223 LXXXV.
1412 185 1494 224 447

112 295 402 358 potestatibus
430 301 698 356 temperare,
729 296 804 355 qui
827 311 910 356 per
932 297 1217 342 ambitionem
1251 311 1348 341 sese
1381 311 1492 356 pro—

111 394 194 438 bos
230 393 517 447 simulavere3
562 392 694 448 mihi,
741 393 816 451 qui
843 391 1020 438 omnem
1051 399 1243 438 aetatem
1276 393 1321 437 in
1356 399 1492 452 optu-

109 491 189 535 mis
225 491 390 534 artibus
421 491 510 550 egi,
543 490 661 534 bene
696 489 847 534 facere
881 490 969 534 iam
1005 505 1060 534 ex
1096 491 1412 535 consuetudine
1446 491 1489 534 in

107 594 306 631 naturam
351 585 496 630 vortit.
576 585 756 637 Bellum
802 601 875 630 me
919 603 1079 646 gerere
1125 604 1226 632 cum
1271 565 1555 648 Iugurtha-10

103 684 295 739 iussistis,
331 697 466 744 quam
498 697 594 726 rem
624 682 826 726 nobilitas
858 698 1122 743 aegerrume
1143 685 1251 728 tulit.
1290 685 1487 740 Quaeso,

101 835 178 878 Ing.
202 833 249 875 X,
274 831 306 865 1.
355 831 560 865 Consuetum
596 830 720 864 habere
756 832 851 875 alqd.
884 832 1072 867 Sallustius
1095 833 1200 868 etiam
1231 832 1325 867 infra
1348 832 1435 867 dixit
1458 844 1486 866 c.

102 895 140 935 C,
165 893 198 927 5.
222 911 267 918 —
301 892 464 925 Deserere
496 902 601 934 quam
632 890 716 925 huic
750 892 826 926 loco
859 894 1160 927 accommodatum
1196 894 1258 934 sit,
1289 893 1421 937 patebit
1446 905 1487 927 cx

101 954 202 989 dictis
225 953 269 987 ad
292 964 322 986 c.
346 952 477 993 XXXI,
502 951 559 986 18.
582 971 628 976 —
652 952 873 987 Structuram
898 955 1142 987 consilium
1165 959 1235 996 est,
1260 959 1307 989 ut
1332 955 1487 988 deseram

101 1027 168 1050 non
192 1013 274 1048 satis
306 1013 498 1048 illustravit
527 1014 661 1055 Faber,
686 1014 901 1058 praecipiens
935 1019 997 1056 „nt
1021 1025 1123 1057 saepe
1147 1026 1210 1058 pro
1244 1014 1400 1061 genitivo
1423 1026 1487 1059 ge-

99 1076 215 1110 rundii
247 1073 378 1119 poui,“
408 1074 499 1118 quod
531 1075 635 1118 quale
668 1074 713 1109 sit
736 1086 803 1109 non
828 1078 941 1119 potest
964 1087 1074 1119 neque
1097 1087 1141 1108 ex
1163 1079 1289 1109 natura
1312 1075 1487 1120 gerundii,

99 1149 208 1182 neque
231 1142 270 1171 ut
294 1135 488 1179 particulae
512 1134 674 1180 intelligi.
722 1136 795 1169 Res
819 1140 937 1170 autem
968 1137 1018 1169 sic
1052 1147 1089 1169 se
1112 1137 1231 1170 habet.
1278 1135 1348 1170 Ubi
1370 1136 1485 1170 solum

98 1197 235 1232 consilii
255 1196 460 1231 vocabulum
493 1195 631 1228 definiri
654 1197 731 1230 vult
762 1200 904 1239 auctor,
939 1196 1113 1242 genitivus
1135 1196 1297 1241 gerundii
1317 1196 1484 1241 pouitur3

98 1260 200 1293 verbo
234 1262 351 1292 autem
389 1256 433 1290 ad
469 1257 648 1290 consilium
681 1261 742 1291 aut
775 1257 927 1290 similem
971 1269 1092 1291 vocem
1124 1258 1285 1292 adiuncto
1319 1258 1484 1302 quoniam

97 1319 290 1354 enunciatio
314 1316 467 1351 efficitur
489 1316 595 1351 studii
619 1328 661 1350 ac
686 1317 873 1352 voluntatis
895 1317 1071 1352 notionem
1095 1319 1239 1361 habens,
1261 1324 1354 1353 reete
1372 1319 1486 1353 altera

95 1379 291 1414 enunciatio
328 1389 391 1423 per
422 1382 462 1412 ut
496 1377 728 1420 particulam,
774 1378 838 1412 tali
871 1379 1120 1412 sententiarum
1153 1379 1258 1413 nexui
1291 1380 1484 1424 propriam,

96 1442 178 1476 addi
201 1443 336 1485 potest3
374 1438 420 1472 cf.
456 1437 657 1471 Daehnium
689 1439 735 1472 ad
764 1439 852 1482 Nep.
887 1439 1004 1473 Praef.
1037 1439 1070 1483 ἓ.
1103 1438 1138 1473 8.
1188 1439 1293 1473 Plura
1322 1441 1485 1486 persequi

93 1502 313 1546 probibet
338 1498 625 1543 festinatio,
661 1504 712 1534 ut
744 1511 796 1533 ea
834 1500 1080 1544 explicem,
1114 1510 1205 1544 quae
1238 1511 1374 1534 exorsus
1396 1513 1483 1536 sum.

94 1562 167 1596 Cic.
194 1562 285 1605 Epp.
318 1560 363 1594 ad
391 1558 495 1592 Attio.
526 1559 600 1600 Vll,
634 1559 690 1601 1⁰,
715 1559 762 1594 in.
814 1560 934 1594 Subito
962 1561 1216 1594 consilium
1246 1561 1350 1605 cepi
1368 1580 1413 1588 —·-
1437 1566 1484 1597 ut

93 1622 279 1656 exirem.
303 1619 381 1654 Liv.
405 1619 530 1661 XXIV,
554 1618 613 1661 3⁰,
636 1619 693 1653 12.
742 1621 971 1665 Hippocrates
996 1626 1030 1655 et
1053 1621 1226 1665 Epicydes
1248 1633 1355 1655 unum
1380 1634 1481 1656 con-

93 1683 251 1717 silium
283 1691 384 1717 esse
419 1680 513 1721 rati,
549 1684 596 1713 ut
630 1691 666 1715 se
691 1681 858 1715 militibus
884 1683 1136 1726 permitterent.
1162 1682 1210 1717 id.
1232 1682 1342 1724 XXV,
1365 1682 1424 1724 34,
1447 1682 1481 1717 7.

93 1744 171 1777 Dm:
213 1748 336 1778 cautus
381 1741 607 1775 temerarium
649 1743 780 1786 capit
817 1743 1083 1785 consilium,
1129 1747 1176 1778 ut
1205 1747 1304 1777 nocte
1342 1743 1482 1777 Indibili

89 1790 236 1838 obviam⁴
250 1804 351 1838 iret.
381 1802 522 1844 XXVII,
545 1802 604 1845 33,
629 1801 662 1838 9.
714 1804 792 1836 Una
813 1804 1005 1847 praecipua
1029 1815 1139 1838 cura
1159 1808 1279 1848 patres
1299 1805 1481 1848 populum-

89 1875 156 1909 que
183 1863 398 1904 iet-enit,
421 1867 470 1897 ut
493 1874 549 1897 eos
570 1863 785 1907 potissimum
809 1864 963 1897 consules
994 1869 1230 1906 crearent,
1255 1876 1397 1908 quorum
1415 1869 1479 1899 etc.

183 1927 217 1967 ἓ.
239 1925 273 1958 9.
320 1924 358 1957 in
377 1924 636 1967 potestatibus]
674 1923 866 1957 potestates
889 1930 968 1957 sunt
993 1923 1123 1957 summi
1146 1924 1296 1958 honores
1320 1926 1378 1958 vel
1401 1937 1478 1960 mu·-

89 1996 175 2019 uera
197 1996 220 2019 a
243 1984 378 2028 populo
401 1984 504 2023 data3
529 1984 575 2018 cf.
601 1983 646 2017 ad
669 1994 699 2016 c.
723 1983 846 2026 LXIII,
869 1981 903 2016 5.
924 2001 969 2008 -·—
999 1983 1208 2027 Temperare
1233 1985 1395 2026 absolute
1416 1998 1479 2030 po·—

89 2045 195 2080 situm
234 2055 308 2078 esse
340 2054 459 2077 omnes
488 2043 694 2087 interpretes
716 2046 930 2087 agnoscunt,
963 2053 1175 2086 quamquam
1198 2030 1345 2079 diversis
1367 2047 1480 2081 modis

89 2106 266 2140 obiectum
298 2103 507 2147 supplentes.
557 2102 766 2137 Gerlacbius
788 2102 883 2136 enim
916 2102 1031 2137 nescio
1062 2115 1131 2147 qua
1155 2104 1288 2139 ratione
1311 2107 1420 2141 verba
1442 2107 1478 2141 in

87 2167 315 2210 potestatibus
338 2164 374 2198 id
398 2164 539 2198 efficere
563 2167 684 2208 putat,
709 2167 748 2198 ut
774 2163 950 2197 obiectum
974 2164 1082 2198 facile
1106 2165 1308 2208 omittatur3
1331 2167 1477 2202 Muelle-

89 2238 149 2260 ms
177 2227 315 2270 supplet
346 2225 544 2258 libidinibus
573 2224 756 2269 improbis,
787 2223 940 2258 Weisius
970 2235 1054 2259 vero
1085 2225 1159 2258 siue
1193 2226 1307 2271 ellipsi
1330 2227 1479 2271 explicat

89 2287 229 2320 modum
252 2296 401 2320 seruare.
450 2284 596 2319 Rectius
620 2284 726 2319 ceteri
748 2284 932 2327 viderunt,
965 2297 1073 2329 quum
1098 2285 1291 2321 subiectum
1315 2287 1421 2323 tacite
1442 2289 1478 2324 iu

90 2347 218 2383 obiecti
240 2348 358 2381 Iocum
388 2346 510 2388 cedat,
541 2345 631 2379 nibil
663 2345 759 2380 aliud
783 2357 890 2390 quam
922 2347 988 2381 sibi
1011 2346 1223 2392 cogitatione
1254 2348 1337 2382 addi
1364 2360 1476 2394 posse,

89 2407 183 2451 quod
206 2411 239 2441 et
262 2407 428 2452 analogia
450 2407 603 2442 aliorum
627 2407 827 2448 verborum,
851 2411 886 2442 et
908 2407 1126 2452 singulorum
1150 2409 1391 2452 exemplorum
1413 2421 1476 2445 na-

90 2471 168 2502 tura
198 2468 365 2512 postulat.
397 2468 443 2503 cf.
478 2468 596 2502 Plaut.
632 2467 766 2512 Epidic.
799 2469 828 2512 1,
852 2467 887 2510 2,
916 2467 951 2502 8.
1001 2469 1076 2502 Iam
1112 2469 1196 2504 istoc
1218 2469 1356 2513 probior
1379 2481 1472 2505 es-

89 2540 191 2573 quom
213 2529 251 2562 in
273 2539 391 2562 amore
421 2533 664 2572 temperes.
712 2529 796 2563 Pari
820 2529 924 2563 modo
948 2527 1079 2562 dicitur
1108 2533 1302 2573 temperare
1326 2530 1370 2564 ab
1405 2531 1472 2564 ali-

91 2601 160 2633 qua
183 2600 247 2629 τος
275 2589 374 2623 Auct.
406 2589 449 2623 ad
474 2590 626 2622 Hereun.
650 2590 695 2631 ΙΙ,
719 2590 776 2633 19,
801 2589 858 2624 29.
909 2589 973 2622 Cui
997 2589 1121 2623 mirum
1151 2590 1344 2633 videbitur,
1368 2590 1471 2624 istum

91 2660 116 2681 a
151 2650 318 2693 maleficio
349 2660 416 2683 non
450 2650 770 2693 temperasse?
805 2661 840 2684 v.
875 2648 1093 2684 Boetticheri
1126 2650 1210 2686 Lex.
1233 2650 1350 2684 Tacit.
1374 2651 1411 2686 h.
1437 2661 1469 2683 v,

92 2719 126 2751 p.
150 2708 230 2743 455.
255 2731 300 2736 —
324 2709 439 2743 Verba
461 2709 519 2753 qui
541 2726 588 2736 --
611 2711 690 2755 egi
712 2722 780 2745 non
803 2710 996 2745 caussalem
1019 2721 1145 2745 nexum
1171 2710 1386 2755 exprimere,
1411 2710 1469 2754 qui

91 2779 209 2822 sensu-s
232 2769 489 2804 coniunctivum
514 2773 691 2812 posceret,
725 2781 830 2813 supra
865 2769 1018 2804 diximus
1040 2771 1082 2805 aul
1108 2782 1137 2805 c.
1163 2772 1207 2812 X,
1231 2771 1264 2804 7.
1289 2783 1322 2815 p.
1349 2770 1406 2805 54.
1430 2790 1465 2796 -
