1630 3034
426 176 792 221 IUGURTHA.
852 176 982 220 CAP.
1015 176 1106 219 CX.
1360 182 1445 223 589

60 300 163 340 ante
191 300 237 339 te
268 294 498 355 cognitum
527 294 674 339 multis
711 294 948 352 orantibus,
984 294 1077 339 aliis
1115 295 1229 340 ultro
1262 302 1443 356 egomet

59 408 199 453 opem
233 392 329 451 tuli,
361 392 521 436 nullius
552 391 737 452 indigui.
805 391 860 435 ld
893 391 1183 449 imminutum,
1215 393 1338 451 quod
1364 398 1478 437 ce—3

58 489 141 535 teri
186 488 342 534 dolere
388 489 556 547 solent,
597 503 685 550 ego
723 489 887 544 laetor3
930 489 1068 534 fueriti
1109 489 1217 534 mihi
1262 491 1440 550 eguisse

54 647 148 691 plius
178 645 379 691 permittere
409 647 537 682 locum.
566 647 686 682 -Patet
716 649 833 682 autem
864 646 1021 682 additum
1051 657 1127 682 esse
1157 647 1202 683 ab
1231 647 1289 690 iis,
1315 647 1441 692 quibus

55 708 252 742 coniunctio
277 713 310 742 et
332 719 459 742 nomeu
483 708 623 752 aliquod
648 708 844 742 desiderare
866 709 1093 744 videbatur.“

146 771 178 811 ἓ.
212 769 246 803 2.
285 769 498 812 mehercule]
554 768 693 802 Cottius
726 773 847 802 contra
877 771 974 804 codd.
1009 769 1148 814 scripsit
1180 769 1312 810 hercle,
1348 779 1439 812 qnae

53 828 169 863 forma
202 829 344 863 comicis
374 834 540 873 usurpata
573 830 625 874 (V.
657 832 759 866 Conr.
793 832 898 875 Leop.
936 831 1137 865 Schneider.
1169 831 1327 864 Gramm.
1360 830 1438 863 Lat.

51 890 130 924 vol.
161 891 190 924 1.
221 891 262 925 P.
297 890 340 924 11.
373 902 407 934 p.
439 890 545 934 731.)
578 891 744 926 sallustio
779 891 919 926 obtrudi
948 902 1016 925 non
1044 892 1166 932 debet3
1194 891 1239 924 er.
1266 891 1310 925 ad
1334 879 1439 924 Catii.

52 951 195 992 XXXV,
218 952 252 986 2.
277 952 351 993 LII,
375 951 433 985 35.
460 952 536 996 lug.
561 952 730 992 LXXXV,
756 951 812 989 43.
836 972 879 978 —-
916 953 1025 994 Ultro,
1050 952 1141 995 quod
1165 951 1237 985 iam
1261 950 1441 995 tetigimus

52 1012 99 1045 ad
123 1024 154 1046 c.
179 1012 255 1054 XV,
271 1012 303 1045 1.
329 1023 363 1055 p.
388 1011 460 1052 93„
486 1023 592 1055 quum
616 1013 821 1056 respondeat
845 1013 1018 1047 vocabulo
1044 1013 1234 1054 orantibus,
1251 1010 1287 1046 h.
1306 1012 1329 1045 l.
1346 1011 1439 1045 idem

50 1075 103 1106 est
126 1075 230 1115 atque
251 1085 319 1106 non
342 1077 497 1117 rogatus,
526 1078 564 1106 ut
588 1086 618 1108 c.
643 1075 766 1118 XLIII,
793 1074 826 1108 4.
851 1095 898 1101 --
933 1074 1003 1107 Pro
1027 1073 1187 1118 indigui,
1217 1072 1310 1117 quod
1325 1073 1441 1117 'louge

50 1132 197 1176 plurimi
221 1133 320 1167 codd.
345 1137 504 1176 tuentur,
529 1135 739 1170 Gerlachius
761 1135 896 1178 scripsit
918 1135 1080 1180 indigus,
1107 1138 1145 1168 ut
1168 1137 1220 1167 est
1243 1133 1278 1166 in
1298 1134 1380 1167 Bas.
1405 1132 1440 1166 1.

50 1193 157 1227 Bern.
178 1193 213 1228 4.
237 1194 348 1228 Paris.
379 1206 408 1228 c.
433 1206 467 1228 x.
493 1198 526 1228 et
548 1195 668 1230 Berol.
693 1195 727 1229 2.
795 1195 864 1229 Sed
895 1196 932 1229 in
953 1195 1032 1239 pari
1056 1196 1128 1228 fere
1150 1206 1267 1228 sensus
1290 1197 1324 1228 et
1347 1197 1439 1227 stru-

51 1256 172 1287 cturae
203 1254 358 1288 bonitate
388 1266 530 1299 prorsus
552 1255 710 1300 ineptum
734 1260 786 1290 est
807 1267 886 1290 eam
910 1257 1116 1301 scripturam
1142 1256 1317 1299 recipere,
1350 1265 1440 1298 quae

51 1314 236 1349 minimam
261 1327 283 1350 a
307 1316 405 1351 codd.
430 1317 635 1351 auctoritate
664 1318 1001 1352 commendationem
1023 1319 1142 1352 habet.
1191 1317 1307 1360 Quare
1331 1326 1439 1359 quum

51 1375 160 1410 etiam
190 1376 391 1411 Priscianus
422 1379 554 1420 xvm,
587 1376 656 1421 25,
690 1378 771 1412 232.
800 1390 835 1422 p.
858 1378 940 1412 218.
964 1379 1016 1412 ed.
1041 1378 1106 1413 ΚΓ.
1128 1377 1269 1422 indigui
1293 1376 1439 1418 habeat,

50 1434 131 1468 luce
154 1435 284 1470 clarius
306 1443 359 1473 est
383 1439 526 1484 indigus
548 1439 741 1472 scribarum
775 1439 832 1473 vel
856 1438 996 1483 iugenio
1020 1439 1077 1472 vel
1101 1438 1213 1472 errori
1236 1436 1368 1470 deberi.
1392 1456 1439 1464 —-

51 1496 274 1531 Imminutum
307 1499 465 1542 plerique
496 1499 646 1534 editores
678 1502 771 1532 recte
801 1503 1030 1544 rcccperunt3
1060 1499 1231 1533 Gruterus
1253 1502 1370 1533 tamen
1398 1508 1440 1532 ac

50 1568 162 1601 nuper
194 1558 347 1593 VVeisius
379 1561 599 1594 immutatum
623 1558 823 1601 ediderunt,
855 1560 949 1603 quod
981 1559 1040 1593 vix
1063 1559 1099 1593 in
1121 1560 1232 1594 tribus
1257 1559 1356 1594 codd.
1380 1569 1439 1592 cx-

50 1621 138 1661 stat,
169 1622 203 1653 et
234 1630 336 1653 sensu
367 1621 474 1654 etiam
496 1619 647 1654 deterius
670 1624 730 1663 est,
756 1631 862 1663 quam
886 1621 1032 1665 vulgata
1053 1620 1169 1655 lectio.
1216 1618 1306 1653 Nam
1331 1628 1439 1661 quum

52 1680 181 1713 mutari
203 1691 258 1714 res
281 1679 317 1713 in
344 1685 531 1725 utrumque
554 1684 691 1725 partem
725 1680 878 1724 possint,
912 1682 1070 1715 imminui
1103 1692 1167 1715 eae
1197 1679 1439 1714 tantummodo

50 1740 120 1774 dici
141 1747 295 1784 possunt,
320 1753 409 1785 quae
431 1753 498 1776 non
523 1742 675 1785 amplius
699 1741 856 1788 integrae
880 1747 1038 1783 manent,
1069 1742 1130 1776 sed
1154 1741 1197 1774 de
1219 1739 1345 1783 quibus
1372 1738 1441 1772 ali-

50 1801 136 1846 quid
159 1802 269 1846 perit,
293 1807 333 1836 ut
355 1814 424 1837 non
447 1802 589 1837 eaedem
613 1802 700 1845 siut,
730 1815 821 1847 quae
844 1806 923 1838 ante
947 1804 1108 1843 fuerant3
1132 1802 1178 1834 υἱ.
1205 1803 1371 1834 annotata
1394 1798 1439 1833 ad

50 1875 82 1898 c.
105 1864 266 1905 Lxxxl,
290 1864 325 1898 4.
346 1862 464 1897 Tacit.
486 1863 520 1896 ΙΙ
535 1887 545 1903 ,
567 1862 632 1904 86,
655 1863 692 1897 2.
738 1864 900 1908 Agrippa
928 1864 1070 1897 discidio
1096 1863 1266 1897 domum
1299 1861 1438 1895 immi-

50 1930 234 1959 nuez-at.
273 1924 350 1959 Liv.
376 1923 451 1963 111,
475 1922 542 1963 38,
566 1923 599 1956 1.
658 1924 779 1968 Neque
804 1918 978 1958 animis*
1001 1924 1049 1957 ad
1073 1924 1254 1967 imperium
1279 1922 1438 1956 inhiben-

51 1986 133 2024 dum
165 1983 432 2020 imminutis.
486 1981 564 2016 Non
587 1987 640 2018 est
662 1984 772 2028 igitur
795 1984 940 2018 difficile
963 1985 1007 2018 ad
1031 1984 1240 2027 videndum,
1273 1984 1437 2017 imminu-

49 2052 123 2081 tum
147 2047 258 2081 multo
283 2043 535 2090 significantius
559 2054 652 2085 esse,
676 2055 782 2088 quam
805 2045 955 2079 alterum
978 2045 1212 2086 vocabulum,
1234 2043 1331 2078 cuius
1355 2054 1434 2078 seu·-

50 2119 109 2144 sus
131 2119 199 2152 quo
221 2106 326 2141 latius
350 2109 459 2149 patet,
484 2115 526 2139 eo
543 2104 717 2138 infirmior
740 2108 799 2142 est.

137 2170 252 2213 suerit
275 2168 359 2201 mihi
383 2167 518 2212 eguisse
542 2165 730 2210 aliquando
760 2164 935 2201 amicitiae
965 2165 1067 2210 tuae]
1118 2165 1233 2210 Vulgo
1267 2164 1438 2215 edebatur

50 2230 159 2272 fuerit
182 2229 268 2262 mihi
296 2229 497 2272 pretium
523 2231 608 2269 etc.‚
642 2225 936 2269 quemadmodum
964 2226 1070 2259 etiam
1094 2225 1197 2270 Bipp.
1223 2225 1379 2270 bangius
1402 2227 1438 2259 ct

49 2289 204 2323 Weisius
237 2289 466 2333 scripserunt3
497 2288 555 2321 sed
583 2287 755 2331 pretium,
784 2287 876 2330 quod
903 2287 1001 2320 abest
1023 2286 1067 2320 ab
1092 2297 1161 2320 uno
1185 2285 1294 2327 Rivfi,
1318 2285 1435 2320 Palat.

50 2348 85 2384 8.
109 2350 200 2395 Reg.
223 2349 333 2383 Laud.
354 2349 388 2382 2.
414 2352 447 2383 et
467 2347 514 2390 3.,
539 2348 695 2394 glossam
718 2358 802 2390 esse,
828 2358 870 2381 eo
892 2347 1073 2391 perspicue
1096 2346 1320 2391 intelligitur,
1343 2345 1437 2390 quod

52 2409 90 2444 in
113 2409 192 2444 aliis
215 2409 314 2443 codd.
337 2409 467 2454 legitur
489 2413 567 2452 post
592 2409 799 2453 aliquando,
823 2408 858 2442 in
883 2407 965 2441 aliis
987 2418 1050 2450 pro
1071 2408 1222 2451 pretium
1247 2412 1299 2442 est
1318 2407 1436 2452 pretii,

53 2469 91 2504 in
113 2470 246 2504 duobus
266 2470 390 2513 pretio,
414 2468 451 2502 in
474 2469 545 2503 alio
567 2479 693 2512 operae
713 2469 875 2513 pretium,
900 2467 936 2501 in
959 2467 1030 2502 alio
1055 2468 1091 2501 in
1112 2467 1274 2512 pretium,
1299 2477 1341 2500 ex
1365 2478 1434 2510 qua

53 2529 255 2564 diversitate
277 2533 372 2573 patet
395 2528 528 2563 scribas
547 2529 639 2572 ipsos
658 2527 829 2568 nesciisse,
853 2528 936 2572 quid
958 2528 1129 2563 vocabulo
1153 2528 1438 2562 versibusffnter-

54 2590 164 2634 posito
193 2590 355 2624 facerent.
413 2589 657 2634 Interpositum
681 2593 733 2623 est
757 2594 874 2623 autem
895 2589 940 2622 ab
963 2588 1006 2623 iis
1032 2600 1117 2632 quos
1141 2589 1340 2623 offendebat
1364 2599 1436 2622 esse

52 2651 200 2685 verbum
223 2651 274 2685 ita
296 2655 513 2695 usurpatum,
536 2654 576 2685 ut
598 2661 641 2684 ex
664 2660 705 2683 eo
728 2649 921 2683 infinitivus
942 2649 1101 2693 pendeat,
1124 2661 1335 2694 quamquam
1360 2650 1436 2684 eius

54 2714 248 2745 structurae
269 2711 360 2746 ratio
386 2721 453 2744 non
476 2710 652 2744 recondita
673 2714 736 2745 est.
779 2710 870 2744 Nam
893 2721 1000 2754 quum
1026 2715 1076 2744 est
1101 2711 1259 2744 absolute
1281 2710 1434 2754 positum

53 2781 121 2804 non
145 2772 292 2815 copulae
314 2771 391 2805 vice
410 2772 589 2816 fungatur,
611 2771 672 2805 sed
694 2770 843 2805 subiecti
867 2770 1036 2805 indefiniti
1060 2770 1132 2804 vim
1156 2769 1336 2810 sustinens,
1364 2769 1434 2803 hoc
