1630 3034
385 187 741 233 menstrua.
803 188 932 230 CAP.
961 186 1231 258 Lxxxnn¹
1401 192 1481 232 (ει

103 312 231 366 parta
280 306 462 351 victoria
509 320 565 350 ex
607 305 808 350 manibus
861 305 1118 364 eriperetur.
1200 304 1342 350 Nobis
1379 307 1480 351 satis

102 404 331 463 cognitum
367 409 435 448 est
469 402 593 446 illum
626 402 768 463 magis
802 399 977 445 honore
1007 401 1127 444 Mari
1158 416 1291 460 quam
1327 402 1482 447 iniuria

101 514 180 543 sua
215 501 540 557 excruciatum,
575 514 721 557 neque
756 504 846 541 tam
874 498 1000 541 auxie
1027 498 1218 542 laturum
1255 499 1414 555 fuisse,
1445 501 1479 544 si

98 595 313 656 adempta
346 596 577 656 provincia
610 595 681 638 alii
717 609 850 653 quam
887 592 1037 637 Mario
1072 594 1334 641 traderetur.

233 692 485 737 LXXXIII.
554 691 696 752 Igitur
732 706 787 734 eo
815 689 972 734 dolore
1006 689 1268 749 impeditus,
1297 697 1342 736 et
1376 693 1480 752 quia

97 788 304 833 stultitiae
338 788 573 832 videbatur
608 788 795 832 alienam
826 802 922 831 rem
955 786 1158 846 periculo
1192 802 1272 831 suo
1309 804 1477 843 curare,

94 963 241 1004 utroque
263 959 357 993 enim
386 958 478 993 ratio
502 959 642 993 inversa
667 958 810 994 obtinet.
857 957 992 992 Eodem
1017 969 1118 994 sensu
1142 959 1264 994 Livius
1288 961 1394 1002 XLII,
1419 961 1477 1003 62,

93 1020 150 1055 11.
187 1021 429 1055 Moderari
462 1020 636 1053 animos
670 1020 705 1052 in
735 1019 903 1053 secundis.
934 1038 980 1044 —-
1010 1020 1081 1054 Pro
1115 1022 1281 1066 egregius
1312 1022 1356 1056 in
1397 1023 1479 1055 aliis

93 1082 228 1116 artibus
251 1079 409 1115 nonnulli
432 1080 531 1116 codd.
555 1079 686 1113 habent
710 1090 784 1124 egr.
809 1079 889 1112 aliis
913 1084 982 1114 art.
1009 1080 1082 1114 sine
1105 1082 1164 1124 in,
1188 1082 1280 1125 quod
1304 1091 1387 1116 sane
1409 1081 1477 1115 dici

92 1152 192 1185 posse
221 1142 433 1175 ostendimus
467 1141 511 1175 ad
535 1153 567 1174 c.
593 1140 719 1179 LXIII,
751 1140 794 1179 73
826 1139 885 1172 sed
910 1141 1076 1185 egregius
1099 1142 1137 1175 in
1159 1143 1278 1188 aliqua
1301 1155 1339 1177 re
1365 1154 1477 1187 aequo

92 1202 243 1246 probum
268 1206 331 1237 est.
378 1200 553 1236 Ciceronis
578 1201 737 1244 exempla
760 1200 876 1233 Faber
900 1201 1018 1236 attulit
1040 1202 1147 1236 haec:
1173 1203 1272 1238 Brut.
1296 1215 1325 1237 c.
1342 1203 1400 1244 21,
1417 1202 1474 1237 84.

91 1263 134 1296 In
167 1263 291 1298 bellica
323 1263 429 1296 laude
464 1261 649 1307 egregium
680 1262 869 1305 rtperirnus
895 1263 1010 1304 fuisse
1045 1263 1217 1298 Laelium.
1250 1264 1292 1296 de
1325 1262 1423 1297 Orat.
1448 1263 1473 1302 1.

89 1323 147 1365 49,
168 1323 249 1357 215.
299 1324 340 1357 In
360 1323 604 1368 procuratione
636 1322 788 1355 civitatis
811 1322 997 1367 egregius,·
1019 1323 1144 1367 quibus
1168 1324 1258 1358 adde
1281 1324 1375 1358 Gell.
1399 1323 1474 1358 ΚΝ.

88 1383 161 1419 ΔΑ.
184 1383 275 1425 Ῡ,3,
298 1383 346 1418 ἰιι.
397 1385 640 1428 Protagoram,
664 1382 777 1415 virum
802 1382 848 1415 in
882 1384 1060 1417 studiis
1082 1385 1315 1419 doctrinarum
1344 1395 1475 1429 egre—

87 1445 234 1488 gium,
258 1445 360 1479 aiunt
383 1448 448 1478 etc.
473 1444 522 1477 Id.
548 1443 593 1486 X,
619 1443 674 1477 11.
725 1443 911 1488 Negidia&
943 1444 1040 1478 homo
1064 1445 1108 1478 in
1134 1445 1285 1479 omnium
1309 1446 1473 1479 bonarum

89 1504 220 1538 artium
254 1505 528 1548 disciplinis
560 1503 801 1548 egregius.
847 1502 969 1546 Neque
999 1504 1216 1540 dissimiliter
1248 1505 1368 1540 Livius
1390 1505 1476 1540 dixit

89 1563 266 1604 XXXVII,
292 1564 328 1605 7,
353 1564 409 1601 15.
464 1565 583 1598 Virum
614 1563 667 1597 ad
703 1568 869 1597 cetera
903 1566 1160 1610 egregium.
1184 1585 1231 1592 —
1262 1568 1366 1601 Artes
1387 1566 1423 1599 h.
1450 1566 1473 1600 l.

88 1624 296 1668 praegnanti
321 1636 423 1660 sensu
445 1625 643 1671 significant
667 1634 785 1656 omnes
808 1635 875 1667 res,
899 1636 990 1668 quae
1010 1627 1125 1660 virum
1149 1627 1280 1661 bonum
1296 1627 1472 1661 decent.—

87 1684 204 1718 Nimis
227 1686 435 1722 molliter
468 1686 491 1719 i.
524 1696 555 1719 e.
586 1695 655 1718 non
679 1684 848 1725 viriliter,
877 1696 944 1719 uon
975 1686 1059 1720 satis
1081 1686 1241 1729 fortiter,
1275 1686 1335 1720 sed
1362 1687 1474 1721 fracto

84 1745 216 1779 animo.
249 1745 322 1779 Cic.
357 1747 400 1781 de
430 1746 531 1781 Finn.
555 1747 611 1787 Il,
633 1744 697 1785 2⁰,
721 1745 780 1780 (ii.
828 1746 934 1780 Dolor
966 1747 998 1780 si
1021 1748 1177 1789 adesset,
1213 1748 1384 1792 Epicurus
1406 1759 1474 1781 non

84 1806 297 1840 molliter
317 1809 442 1850 ser-ret.
469 1807 516 1841 id.
540 1807 583 1840 de
608 1805 679 1839 Off.
706 1805 734 1846 Ι,
758 1803 816 1849 21,
841 1805 900 1840 71.
949 1808 1035 1841 Sunt
1060 1827 1104 1833 -
1122 1808 1180 1852 qui
1203 1809 1240 1842 in
1262 1809 1379 1842 dolore
1403 1808 1473 1842 sint

83 1866 346 1909 molliores,
383 1867 446 1902 ubi
479 1879 513 1902 v.
539 1868 618 1901 Car.
644 1865 822 1902 Beierum.
846 1866 945 1902 Caes.
970 1868 1012 1902 B.
1039 1869 1081 1904 G.
1105 1869 1165 1909 Ill,
1187 1868 1244 1912 19,
1268 1868 1303 1903 6.
1352 1868 1472 1902 Gallo-

83 1938 163 1961 rum
187 1928 324 1962 animus
350 1929 505 1962 mollis
533 1933 583 1962 est
608 1927 656 1960 ad
681 1928 901 1961 calamitates
917 1928 1154 1972 perferendas.

178 1989 210 2030 S.
237 1988 272 2025 3.
318 1989 521 2032 vortebant]
547 1989 610 2028 lta,
634 1997 703 2020 non
725 1987 921 2028 vertebant,
947 1990 1059 2021 exstat
1080 1987 1117 2020 in
1142 1988 1258 2022 Guelf.
1283 1988 1318 2023 1.
1342 1988 1421 2023 Sen.
1438 1988 1471 2022 1.

85 2046 169 2081 Bas.
193 2047 224 2081 1.
273 2048 484 2083 Fabriciano
509 2047 627 2090 Rivii,
661 2047 770 2081 Paris.
803 2048 838 2082 b.
863 2059 898 2082 x.
923 2060 953 2082 z.
1002 2049 1165 2082 Ceterum
1199 2060 1240 2083 ex
1273 2049 1341 2083 hoc
1365 2049 1472 2083 verbo

84 2108 293 2142 eliciendum
326 2109 382 2142 vel
414 2109 597 2143 censebant
628 2108 684 2142 vel
722 2108 906 2151 dicebant,
938 2109 1029 2143 unde
1061 2109 1184 2152 pendet
1217 2114 1394 2144 structura
1417 2121 1471 2143 se·-

84 2167 286 2212 quentium3
319 2179 352 2201 v.
376 2169 419 2203 ad
444 2181 476 2204 c.
498 2169 588 2212 vlu,
614 2168 648 2202 1.
678 2187 722 2194 —-
746 2169 799 2203 Ad
822 2171 945 2204 bonum
968 2169 1145 2214 ingenium
1168 2170 1398 2213 supplendum
1420 2174 1472 2204 est

84 2230 186 2271 εἰμες
216 2240 300 2263 nam
331 2239 448 2263 sensus
480 2233 550 2263 est:
583 2228 698 2263 virum
724 2241 914 2275 generosae
936 2228 1062 2263 indolis
1087 2232 1121 2263 et
1143 2229 1316 2264 malorum
1339 2229 1470 2265 artium

83 2290 263 2335 ignarum.
294 2308 340 2316 -
378 2289 493 2324 Verbo
528 2291 737 2324 contumelia
769 2291 975 2335 respondent
1006 2289 1144 2324 variata
1173 2291 1349 2324 structura
1379 2290 1470 2335 quod

83 2350 158 2385 iam
190 2355 300 2395 parta
332 2350 478 2385 victoria
502 2368 547 2374 —
573 2350 779 2394 eriperetur,
811 2362 901 2395 quae
935 2354 1081 2393 utraque
1113 2350 1262 2394 pendent
1287 2361 1329 2384 ex
1359 2350 1468 2384 verbo

83 2422 264 2445 accensum
297 2422 380 2446 esse.
426 2409 552 2454 Ineptit
582 2410 692 2455 igitur
725 2411 936 2452 Muellerus,
969 2410 1029 2454 qui
1058 2410 1102 2444 ad
1132 2410 1227 2444 hunc
1257 2409 1467 2446 infinitivum

83 2472 138 2505 ira
161 2471 318 2516 suppleri
342 2471 429 2505 vult.
452 2488 497 2495 —
531 2471 594 2504 Est
618 2477 694 2515 post
725 2473 902 2518 cognitum
933 2471 1071 2505 Cortius
1095 2470 1199 2505 tacite
1222 2470 1350 2506 omisit.
1398 2470 1467 2506 Sed

83 2544 191 2576 quum
210 2531 451 2567 tautummodo
474 2531 519 2565 ab
544 2531 620 2566 I‘at.
644 2532 678 2569 2.
702 2533 736 2568 4.
756 2539 790 2567 et
809 2532 957 2568 Goerlit.
987 2532 1092 2574 absit,
1113 2535 1244 2566 ceteros
1266 2531 1364 2576 sequi
1389 2542 1466 2566 ma-

83 2592 227 2628 luimus.
251 2611 295 2619 —
331 2592 466 2626 Iniuria
496 2603 581 2625 sua
615 2591 639 2625 i.
672 2604 702 2628 e.
736 2593 802 2638 ipsi
835 2593 955 2633 illata3
986 2591 1032 2627 cf.
1067 2591 1112 2625 ad
1143 2591 1219 2626 Cat.
1255 2593 1321 2634 LI,
1346 2592 1401 2626 11.
1430 2604 1463 2636 p.

82 2652 162 2688 243.
186 2670 231 2680 -
254 2653 501 2688 Excruciatum
534 2652 703 2688 Gruterus
726 2655 818 2689 male
841 2656 1014 2688 mutatum
1044 2651 1185 2687 volebat
1208 2652 1242 2686 in
1268 2653 1464 2694 exercitum,

85 2713 177 2756 quod
212 2714 355 2758 praebet
387 2713 557 2747 Commel.
590 2717 625 2747 et
648 2726 736 2748 unns
761 2713 910 2754 waeran,
944 2724 1012 2746 nou
1036 2712 1186 2747 sentiens
1210 2712 1272 2746 ille
1295 2712 1466 2746 infirmius

83 2781 122 2805 ιο
156 2773 366 2807 vocabulum
397 2773 556 2819 graviori
586 2774 806 2809 substituem-
853 2774 1044 2818 vulgatam
1075 2773 1164 2807 beno
1186 2771 1339 2806 defendit
1361 2772 1464 2805 Wan-
