<?xml version="1.0" encoding="UTF-8"?>
<!DOCTYPE html PUBLIC "-//W3C//DTD XHTML 1.0 Transitional//EN"
    "http://www.w3.org/TR/xhtml1/DTD/xhtml1-transitional.dtd">
<html xmlns="http://www.w3.org/1999/xhtml" xml:lang="en" lang="en">
 <head>
  <title>
</title>
<meta http-equiv="Content-Type" content="text/html;charset=utf-8" />
  <meta name='ocr-system' content='tesseract 3.04.00' />
  <meta name='ocr-capabilities' content='ocr_page ocr_carea ocr_par ocr_line ocrx_word'/>
</head>
<body>
  <div class='ocr_page' id='page_1' title='image "./operaquaesupeappx01salluoft_0879.png"; bbox 0 0 1630 3034; ppageno 0'>
   <div class='ocr_carea' id='block_1_1' title="bbox 471 182 1504 235">
    <p class='ocr_par' dir='ltr' id='par_1_1' title="bbox 471 182 1504 235">
     <span class='ocr_line' id='line_1_1' title="bbox 471 182 1504 235; baseline 0.006 -6"><span class='ocrx_word' id='word_1_1' title='bbox 471 182 828 231; x_wconf 85' lang='lat' dir='ltr'><strong>1UGURTHA.</strong></span> <span class='ocrx_word' id='word_1_2' title='bbox 886 185 1008 230; x_wconf 88' lang='lat' dir='ltr'><strong>CAP.</strong></span> <span class='ocrx_word' id='word_1_3' title='bbox 1036 185 1190 231; x_wconf 76' lang='lat' dir='ltr'><strong>XCIII.</strong></span> <span class='ocrx_word' id='word_1_4' title='bbox 1418 194 1504 235; x_wconf 82' lang='lat'><strong>499</strong></span> 
     </span>
    </p>
   </div>
   <div class='ocr_carea' id='block_1_2' title="bbox 107 302 1531 853">
    <p class='ocr_par' dir='ltr' id='par_1_2' title="bbox 107 302 1531 853">
     <span class='ocr_line' id='line_1_2' title="bbox 112 302 1500 364; baseline 0.003 -17"><span class='ocrx_word' id='word_1_5' title='bbox 112 318 213 347; x_wconf 85' lang='lat' dir='ltr'><strong>rum</strong></span> <span class='ocrx_word' id='word_1_6' title='bbox 259 304 323 347; x_wconf 83' lang='lat' dir='ltr'><strong>uti</strong></span> <span class='ocrx_word' id='word_1_7' title='bbox 368 302 581 361; x_wconf 87' lang='lat' dir='ltr'><strong>cuiusque</strong></span> <span class='ocrx_word' id='word_1_8' title='bbox 624 302 850 364; x_wconf 81' lang='lat' dir='ltr'><strong>ingenium</strong></span> <span class='ocrx_word' id='word_1_9' title='bbox 887 308 1003 359; x_wconf 80' lang='lat' dir='ltr'><strong>erat,</strong></span> <span class='ocrx_word' id='word_1_10' title='bbox 1045 302 1106 347; x_wconf 85' lang='lat' dir='ltr'><strong>ita</strong></span> <span class='ocrx_word' id='word_1_11' title='bbox 1141 318 1237 348; x_wconf 89' lang='lat' dir='ltr'><strong>rem</strong></span> <span class='ocrx_word' id='word_1_12' title='bbox 1272 304 1500 351; x_wconf 86' lang='lat' dir='ltr'><strong>difficilem</strong></span> 
     </span>
     <span class='ocr_line' id='line_1_3' title="bbox 113 391 1499 463; baseline 0.002 -19"><span class='ocrx_word' id='word_1_13' title='bbox 113 406 189 444; x_wconf 82' lang='lat' dir='ltr'><strong>aut</strong></span> <span class='ocrx_word' id='word_1_14' title='bbox 217 400 395 444; x_wconf 82' lang='lat' dir='ltr'><strong>facilem</strong></span> <span class='ocrx_word' id='word_1_15' title='bbox 430 399 722 453; x_wconf 83' lang='lat' dir='ltr'><strong>nunciavere3</strong></span> <span class='ocrx_word' id='word_1_16' title='bbox 756 391 947 444; x_wconf 85' lang='lat' dir='ltr'><strong>consulis</strong></span> <span class='ocrx_word' id='word_1_17' title='bbox 983 400 1152 445; x_wconf 85' lang='lat' dir='ltr'><strong>animus</strong></span> <span class='ocrx_word' id='word_1_18' title='bbox 1188 407 1338 446; x_wconf 83' lang='lat' dir='ltr'><strong>tamen</strong></span> <span class='ocrx_word' id='word_1_19' title='bbox 1371 404 1499 463; x_wconf 85' lang='lat' dir='ltr'><strong>paul-</strong></span> 
     </span>
     <span class='ocr_line' id='line_1_4' title="bbox 114 497 1531 557; baseline 0.004 -17"><span class='ocrx_word' id='word_1_20' title='bbox 114 497 207 541; x_wconf 88' lang='lat' dir='ltr'><strong>lum</strong></span> <span class='ocrx_word' id='word_1_21' title='bbox 244 502 454 543; x_wconf 78' lang='lat' dir='ltr'><strong>arrectus.</strong></span> <span class='ocrx_word' id='word_1_22' title='bbox 523 497 681 555; x_wconf 87' lang='lat' dir='ltr'><strong>ltaque</strong></span> <span class='ocrx_word' id='word_1_23' title='bbox 722 512 777 541; x_wconf 87' lang='lat' dir='ltr'><strong>ex</strong></span> <span class='ocrx_word' id='word_1_24' title='bbox 813 497 945 557; x_wconf 84' lang='lat' dir='ltr'><strong>copia</strong></span> <span class='ocrx_word' id='word_1_25' title='bbox 980 497 1225 541; x_wconf 80' lang='lat' dir='ltr'>tubicinum</span> <span class='ocrx_word' id='word_1_26' title='bbox 1263 506 1307 543; x_wconf 86' lang='lat' dir='ltr'><strong>et</strong></span> <span class='ocrx_word' id='word_1_27' title='bbox 1346 502 1531 553; x_wconf 86' lang='lat' dir='ltr'><strong>corni-8</strong></span> 
     </span>
     <span class='ocr_line' id='line_1_5' title="bbox 110 594 1498 658; baseline 0.003 -20"><span class='ocrx_word' id='word_1_28' title='bbox 110 595 258 638; x_wconf 87' lang='lat' dir='ltr'><strong>einum</strong></span> <span class='ocrx_word' id='word_1_29' title='bbox 303 609 492 638; x_wconf 87' lang='lat' dir='ltr'><strong>numero</strong></span> <span class='ocrx_word' id='word_1_30' title='bbox 542 594 738 653; x_wconf 86' lang='lat' dir='ltr'><strong>quinque</strong></span> <span class='ocrx_word' id='word_1_31' title='bbox 783 609 918 652; x_wconf 91' lang='lat' dir='ltr'><strong>quam</strong></span> <span class='ocrx_word' id='word_1_32' title='bbox 960 595 1276 639; x_wconf 76' lang='lat' dir='ltr'><strong>velocissumos</strong></span> <span class='ocrx_word' id='word_1_33' title='bbox 1315 596 1498 658; x_wconf 84' lang='lat' dir='ltr'><strong>delegit,</strong></span> 
     </span>
     <span class='ocr_line' id='line_1_6' title="bbox 110 691 1498 751; baseline 0.003 -16"><span class='ocrx_word' id='word_1_34' title='bbox 110 696 156 735; x_wconf 83' lang='lat' dir='ltr'><strong>et</strong></span> <span class='ocrx_word' id='word_1_35' title='bbox 191 707 294 735; x_wconf 89' lang='lat' dir='ltr'><strong>cum</strong></span> <span class='ocrx_word' id='word_1_36' title='bbox 323 691 416 748; x_wconf 86' lang='lat' dir='ltr'><strong>his,</strong></span> <span class='ocrx_word' id='word_1_37' title='bbox 452 691 677 751; x_wconf 85' lang='lat' dir='ltr'><strong>praesidio</strong></span> <span class='ocrx_word' id='word_1_38' title='bbox 713 691 790 749; x_wconf 89' lang='lat' dir='ltr'><strong>qui</strong></span> <span class='ocrx_word' id='word_1_39' title='bbox 828 691 1000 747; x_wconf 86' lang='lat' dir='ltr'><strong>forent,</strong></span> <span class='ocrx_word' id='word_1_40' title='bbox 1030 698 1240 750; x_wconf 83' lang='lat' dir='ltr'><strong>quattuor</strong></span> <span class='ocrx_word' id='word_1_41' title='bbox 1272 695 1498 740; x_wconf 90' lang='lat' dir='ltr'><strong>centurio-</strong></span> 
     </span>
     <span class='ocr_line' id='line_1_7' title="bbox 107 788 1494 853; baseline 0.004 -21"><span class='ocrx_word' id='word_1_42' title='bbox 107 804 208 843; x_wconf 89' lang='lat' dir='ltr'><strong>nes,</strong></span> <span class='ocrx_word' id='word_1_43' title='bbox 254 788 488 846; x_wconf 89' lang='lat' dir='ltr'><strong>omnisque</strong></span> <span class='ocrx_word' id='word_1_44' title='bbox 533 788 695 849; x_wconf 86' lang='lat' dir='ltr'><strong>Liguri</strong></span> <span class='ocrx_word' id='word_1_45' title='bbox 733 803 895 848; x_wconf 88' lang='lat' dir='ltr'><strong>parere</strong></span> <span class='ocrx_word' id='word_1_46' title='bbox 941 789 1088 845; x_wconf 82' lang='lat' dir='ltr'><strong>iubet,</strong></span> <span class='ocrx_word' id='word_1_47' title='bbox 1136 795 1182 833; x_wconf 82' lang='lat' dir='ltr'><strong>et</strong></span> <span class='ocrx_word' id='word_1_48' title='bbox 1225 791 1265 835; x_wconf 90' lang='lat' dir='ltr'><strong>ei</strong></span> <span class='ocrx_word' id='word_1_49' title='bbox 1309 793 1494 853; x_wconf 83' lang='lat' dir='ltr'><strong>negotio</strong></span> 
     </span>
    </p>
   </div>
   <div class='ocr_carea' id='block_1_3' title="bbox 105 885 794 945">
    <p class='ocr_par' dir='ltr' id='par_1_3' title="bbox 105 885 794 945">
     <span class='ocr_line' id='line_1_8' title="bbox 105 885 794 945; baseline 0.006 -17"><span class='ocrx_word' id='word_1_50' title='bbox 105 900 375 945; x_wconf 87' lang='lat' dir='ltr'><strong>proxumum</strong></span> <span class='ocrx_word' id='word_1_51' title='bbox 405 885 525 930; x_wconf 88' lang='lat' dir='ltr'><strong>diem</strong></span> <span class='ocrx_word' id='word_1_52' title='bbox 556 885 794 932; x_wconf 80' lang='lat' dir='ltr'><strong>constituit.</strong></span> 
     </span>
    </p>
   </div>
   <div class='ocr_carea' id='block_1_4' title="bbox 94 1015 1494 2826">
    <p class='ocr_par' dir='ltr' id='par_1_4' title="bbox 97 1015 1494 1795">
     <span class='ocr_line' id='line_1_9' title="bbox 104 1015 1494 1062; baseline 0.004 -11"><span class='ocrx_word' id='word_1_53' title='bbox 104 1016 217 1051; x_wconf 80' lang='lat' dir='ltr'><strong>Paris.</strong></span> <span class='ocrx_word' id='word_1_54' title='bbox 241 1030 272 1051; x_wconf 90' lang='lat' dir='ltr'><strong>z.</strong></span> <span class='ocrx_word' id='word_1_55' title='bbox 295 1029 361 1053; x_wconf 88' lang='lat' dir='ltr'><strong>sec.</strong></span> <span class='ocrx_word' id='word_1_56' title='bbox 385 1029 510 1053; x_wconf 88' lang='lat' dir='ltr'><strong>manus</strong></span> <span class='ocrx_word' id='word_1_57' title='bbox 533 1030 557 1053; x_wconf 80' lang='lat' dir='ltr'><strong>a</strong></span> <span class='ocrx_word' id='word_1_58' title='bbox 579 1016 829 1062; x_wconf 72' lang='lat' dir='ltr'><strong>superscripsit.</strong></span> <span class='ocrx_word' id='word_1_59' title='bbox 877 1015 1007 1051; x_wconf 84' lang='lat' dir='ltr'><strong>Sensus</strong></span> <span class='ocrx_word' id='word_1_60' title='bbox 1029 1017 1230 1052; x_wconf 84' lang='lat' dir='ltr'><strong>discrimine</strong></span> <span class='ocrx_word' id='word_1_61' title='bbox 1251 1029 1320 1053; x_wconf 90' lang='lat' dir='ltr'><strong>non</strong></span> <span class='ocrx_word' id='word_1_62' title='bbox 1343 1021 1494 1057; x_wconf 87' lang='lat' dir='ltr'><strong>multum</strong></span> 
     </span>
     <span class='ocr_line' id='line_1_10' title="bbox 104 1077 1493 1124; baseline 0.003 -12"><span class='ocrx_word' id='word_1_63' title='bbox 104 1078 199 1113; x_wconf 82' lang='lat' dir='ltr'><strong>effici</strong></span> <span class='ocrx_word' id='word_1_64' title='bbox 222 1080 423 1123; x_wconf 79' lang='lat' dir='ltr'><strong>putaverim</strong></span> <span class='ocrx_word' id='word_1_65' title='bbox 447 1080 491 1114; x_wconf 91' lang='lat' dir='ltr'><strong>ad</strong></span> <span class='ocrx_word' id='word_1_66' title='bbox 515 1080 723 1124; x_wconf 69' lang='lat' dir='ltr'><strong>scripturam</strong></span> <span class='ocrx_word' id='word_1_67' title='bbox 748 1077 1045 1120; x_wconf 76' lang='lat' dir='ltr'><strong>constituendam,</strong></span> <span class='ocrx_word' id='word_1_68' title='bbox 1070 1091 1179 1122; x_wconf 89' lang='lat' dir='ltr'><strong>quum</strong></span> <span class='ocrx_word' id='word_1_69' title='bbox 1202 1084 1391 1124; x_wconf 76' lang='lat' dir='ltr'><strong>utrumque</strong></span> <span class='ocrx_word' id='word_1_70' title='bbox 1413 1094 1493 1117; x_wconf 87' lang='lat' dir='ltr'><strong>ver-</strong></span> 
     </span>
     <span class='ocr_line' id='line_1_11' title="bbox 103 1139 1493 1186; baseline 0.004 -13"><span class='ocrx_word' id='word_1_71' title='bbox 103 1139 188 1173; x_wconf 82' lang='lat' dir='ltr'><strong>bum</strong></span> <span class='ocrx_word' id='word_1_72' title='bbox 212 1140 296 1174; x_wconf 79' lang='lat' dir='ltr'><strong>satis</strong></span> <span class='ocrx_word' id='word_1_73' title='bbox 319 1142 502 1175; x_wconf 81' lang='lat' dir='ltr'><strong>commode</strong></span> <span class='ocrx_word' id='word_1_74' title='bbox 533 1141 614 1186; x_wconf 87' lang='lat' dir='ltr'><strong>poni</strong></span> <span class='ocrx_word' id='word_1_75' title='bbox 646 1140 779 1185; x_wconf 83' lang='lat' dir='ltr'><strong>possit3</strong></span> <span class='ocrx_word' id='word_1_76' title='bbox 805 1151 912 1183; x_wconf 85' lang='lat' dir='ltr'><strong>quare</strong></span> <span class='ocrx_word' id='word_1_77' title='bbox 943 1139 1060 1184; x_wconf 76' lang='lat' dir='ltr'><strong>magis</strong></span> <span class='ocrx_word' id='word_1_78' title='bbox 1091 1141 1194 1177; x_wconf 84' lang='lat' dir='ltr'><strong>codd.</strong></span> <span class='ocrx_word' id='word_1_79' title='bbox 1216 1142 1409 1177; x_wconf 80' lang='lat' dir='ltr'><strong>auctoritas</strong></span> <span class='ocrx_word' id='word_1_80' title='bbox 1432 1144 1493 1178; x_wconf 88' lang='lat' dir='ltr'><strong>hic</strong></span> 
     </span>
     <span class='ocr_line' id='line_1_12' title="bbox 102 1200 1493 1246; baseline 0.004 -13"><span class='ocrx_word' id='word_1_81' title='bbox 102 1200 244 1243; x_wconf 88' lang='lat' dir='ltr'><strong>quidem</strong></span> <span class='ocrx_word' id='word_1_82' title='bbox 277 1201 361 1235; x_wconf 77' lang='lat' dir='ltr'><strong>satis</strong></span> <span class='ocrx_word' id='word_1_83' title='bbox 395 1207 491 1236; x_wconf 86' lang='lat' dir='ltr'><strong>certa</strong></span> <span class='ocrx_word' id='word_1_84' title='bbox 525 1202 742 1246; x_wconf 85' lang='lat' dir='ltr'><strong>respicienda</strong></span> <span class='ocrx_word' id='word_1_85' title='bbox 776 1205 837 1234; x_wconf 86' lang='lat' dir='ltr'><strong>cst.</strong></span> <span class='ocrx_word' id='word_1_86' title='bbox 884 1200 954 1234; x_wconf 89' lang='lat' dir='ltr'><strong>Sed</strong></span> <span class='ocrx_word' id='word_1_87' title='bbox 977 1202 1095 1245; x_wconf 81' lang='lat' dir='ltr'><strong>paullo</strong></span> <span class='ocrx_word' id='word_1_88' title='bbox 1119 1205 1197 1245; x_wconf 82' lang='lat' dir='ltr'><strong>post</strong></span> <span class='ocrx_word' id='word_1_89' title='bbox 1220 1213 1262 1236; x_wconf 88' lang='lat' dir='ltr'><strong>ea</strong></span> <span class='ocrx_word' id='word_1_90' title='bbox 1285 1202 1361 1246; x_wconf 78' lang='lat' dir='ltr'><strong>ipsa</strong></span> <span class='ocrx_word' id='word_1_91' title='bbox 1385 1204 1493 1241; x_wconf 81' lang='lat' dir='ltr'><strong>dubia</strong></span> 
     </span>
     <span class='ocr_line' id='line_1_13' title="bbox 101 1261 1492 1310; baseline 0.004 -16"><span class='ocrx_word' id='word_1_92' title='bbox 101 1265 174 1305; x_wconf 78' lang='lat' dir='ltr'><strong>est,</strong></span> <span class='ocrx_word' id='word_1_93' title='bbox 207 1273 316 1306; x_wconf 89' lang='lat' dir='ltr'><strong>quum</strong></span> <span class='ocrx_word' id='word_1_94' title='bbox 347 1262 410 1297; x_wconf 86' lang='lat' dir='ltr'><strong>alii</strong></span> <span class='ocrx_word' id='word_1_95' title='bbox 440 1263 524 1297; x_wconf 83' lang='lat' dir='ltr'><strong>libri</strong></span> <span class='ocrx_word' id='word_1_96' title='bbox 555 1263 708 1297; x_wconf 80' lang='lat' dir='ltr'><strong>habeant</strong></span> <span class='ocrx_word' id='word_1_97' title='bbox 742 1261 966 1304; x_wconf 77' lang='lat' dir='ltr'><strong>ascenderat,</strong></span> <span class='ocrx_word' id='word_1_98' title='bbox 1001 1262 1085 1304; x_wconf 86' lang='lat' dir='ltr'><strong>alii,</strong></span> <span class='ocrx_word' id='word_1_99' title='bbox 1118 1263 1212 1306; x_wconf 86' lang='lat' dir='ltr'><strong>iique</strong></span> <span class='ocrx_word' id='word_1_100' title='bbox 1234 1264 1338 1309; x_wconf 85' lang='lat' dir='ltr'><strong>longe</strong></span> <span class='ocrx_word' id='word_1_101' title='bbox 1360 1266 1492 1310; x_wconf 81' lang='lat' dir='ltr'><strong>plures,</strong></span> 
     </span>
     <span class='ocr_line' id='line_1_14' title="bbox 101 1322 1492 1366; baseline 0.003 -10"><span class='ocrx_word' id='word_1_102' title='bbox 101 1322 350 1364; x_wconf 83' lang='lat' dir='ltr'><strong>descenderat,</strong></span> <span class='ocrx_word' id='word_1_103' title='bbox 382 1324 509 1358; x_wconf 69' lang='lat' dir='ltr'><strong>Nazar.</strong></span> <span class='ocrx_word' id='word_1_104' title='bbox 544 1335 592 1358; x_wconf 88' lang='lat' dir='ltr'><strong>m.</strong></span> <span class='ocrx_word' id='word_1_105' title='bbox 618 1335 684 1358; x_wconf 90' lang='lat' dir='ltr'><strong>sec.</strong></span> <span class='ocrx_word' id='word_1_106' title='bbox 716 1323 930 1357; x_wconf 81' lang='lat' dir='ltr'><strong>escenderat.</strong></span> <span class='ocrx_word' id='word_1_107' title='bbox 978 1323 1028 1357; x_wconf 81' lang='lat' dir='ltr'><strong>Ac</strong></span> <span class='ocrx_word' id='word_1_108' title='bbox 1064 1324 1308 1366; x_wconf 79' lang='lat' dir='ltr'><strong>descenderat,</strong></span> <span class='ocrx_word' id='word_1_109' title='bbox 1342 1330 1380 1359; x_wconf 87' lang='lat' dir='ltr'><strong>ut</strong></span> <span class='ocrx_word' id='word_1_110' title='bbox 1405 1327 1492 1361; x_wconf 86' lang='lat' dir='ltr'><strong>Ger-</strong></span> 
     </span>
     <span class='ocr_line' id='line_1_15' title="bbox 100 1383 1491 1428; baseline 0.004 -11"><span class='ocrx_word' id='word_1_111' title='bbox 100 1383 238 1418; x_wconf 82' lang='lat' dir='ltr'><strong>lachius</strong></span> <span class='ocrx_word' id='word_1_112' title='bbox 260 1384 297 1418; x_wconf 92' lang='lat' dir='ltr'><strong>in</strong></span> <span class='ocrx_word' id='word_1_113' title='bbox 322 1384 376 1417; x_wconf 91' lang='lat' dir='ltr'><strong>ed.</strong></span> <span class='ocrx_word' id='word_1_114' title='bbox 402 1384 485 1418; x_wconf 88' lang='lat' dir='ltr'><strong>mai.</strong></span> <span class='ocrx_word' id='word_1_115' title='bbox 521 1384 682 1428; x_wconf 80' lang='lat' dir='ltr'><strong>scripsit,</strong></span> <span class='ocrx_word' id='word_1_116' title='bbox 720 1395 863 1428; x_wconf 79' lang='lat' dir='ltr'><strong>prorsus</strong></span> <span class='ocrx_word' id='word_1_117' title='bbox 896 1383 1050 1418; x_wconf 88' lang='lat' dir='ltr'><strong>alienum</strong></span> <span class='ocrx_word' id='word_1_118' title='bbox 1082 1390 1155 1427; x_wconf 79' lang='lat' dir='ltr'><strong>est3</strong></span> <span class='ocrx_word' id='word_1_119' title='bbox 1185 1394 1265 1418; x_wconf 87' lang='lat' dir='ltr'><strong>nam</strong></span> <span class='ocrx_word' id='word_1_120' title='bbox 1289 1395 1376 1419; x_wconf 82' lang='lat' dir='ltr'><strong>sana</strong></span> <span class='ocrx_word' id='word_1_121' title='bbox 1398 1387 1491 1423; x_wconf 83' lang='lat' dir='ltr'><strong>ratio</strong></span> 
     </span>
     <span class='ocr_line' id='line_1_16' title="bbox 100 1444 1491 1490; baseline 0.003 -12"><span class='ocrx_word' id='word_1_122' title='bbox 100 1444 233 1490; x_wconf 83' lang='lat' dir='ltr'><strong>exigit,</strong></span> <span class='ocrx_word' id='word_1_123' title='bbox 257 1445 445 1490; x_wconf 84' lang='lat' dir='ltr'><strong>Ligurem,</strong></span> <span class='ocrx_word' id='word_1_124' title='bbox 472 1449 510 1479; x_wconf 85' lang='lat' dir='ltr'><strong>ut</strong></span> <span class='ocrx_word' id='word_1_125' title='bbox 538 1444 655 1478; x_wconf 84' lang='lat' dir='ltr'><strong>Mario</strong></span> <span class='ocrx_word' id='word_1_126' title='bbox 687 1445 912 1489; x_wconf 82' lang='lat' dir='ltr'><strong>persuaderet</strong></span> <span class='ocrx_word' id='word_1_127' title='bbox 948 1444 1038 1479; x_wconf 75' lang='lat' dir='ltr'><strong>alios</strong></span> <span class='ocrx_word' id='word_1_128' title='bbox 1074 1446 1258 1479; x_wconf 86' lang='lat' dir='ltr'><strong>ascendere</strong></span> <span class='ocrx_word' id='word_1_129' title='bbox 1289 1457 1408 1489; x_wconf 78' lang='lat' dir='ltr'><strong>posse,</strong></span> <span class='ocrx_word' id='word_1_130' title='bbox 1437 1448 1491 1483; x_wconf 81' lang='lat' dir='ltr'><strong>sui</strong></span> 
     </span>
     <span class='ocr_line' id='line_1_17' title="bbox 100 1504 1490 1551; baseline 0.005 -13"><span class='ocrx_word' id='word_1_131' title='bbox 100 1516 262 1539; x_wconf 81' lang='lat' dir='ltr'><strong>ascensus</strong></span> <span class='ocrx_word' id='word_1_132' title='bbox 285 1506 445 1548; x_wconf 83' lang='lat' dir='ltr'><strong>exemplo</strong></span> <span class='ocrx_word' id='word_1_133' title='bbox 467 1505 543 1547; x_wconf 81' lang='lat' dir='ltr'><strong>uti,</strong></span> <span class='ocrx_word' id='word_1_134' title='bbox 567 1510 602 1540; x_wconf 88' lang='lat' dir='ltr'><strong>et</strong></span> <span class='ocrx_word' id='word_1_135' title='bbox 625 1506 716 1549; x_wconf 84' lang='lat' dir='ltr'><strong>quod</strong></span> <span class='ocrx_word' id='word_1_136' title='bbox 741 1508 813 1550; x_wconf 82' lang='lat' dir='ltr'><strong>ipse</strong></span> <span class='ocrx_word' id='word_1_137' title='bbox 841 1504 987 1545; x_wconf 76' lang='lat' dir='ltr'><strong>fecerit,</strong></span> <span class='ocrx_word' id='word_1_138' title='bbox 1012 1505 1099 1538; x_wconf 84' lang='lat' dir='ltr'><strong>alios</strong></span> <span class='ocrx_word' id='word_1_139' title='bbox 1123 1517 1260 1549; x_wconf 84' lang='lat' dir='ltr'><strong>quoque</strong></span> <span class='ocrx_word' id='word_1_140' title='bbox 1283 1519 1383 1551; x_wconf 77' lang='lat' dir='ltr'><strong>posse</strong></span> <span class='ocrx_word' id='word_1_141' title='bbox 1393 1534 1415 1551; x_wconf 86' lang='lat'><strong>,.</strong></span> <span class='ocrx_word' id='word_1_142' title='bbox 1429 1510 1490 1543; x_wconf 78' lang='lat' dir='ltr'><strong>de-</strong></span> 
     </span>
     <span class='ocr_line' id='line_1_18' title="bbox 100 1563 1490 1608; baseline 0.004 -10"><span class='ocrx_word' id='word_1_143' title='bbox 100 1571 307 1601; x_wconf 80' lang='lat' dir='ltr'><strong>monstrare.</strong></span> <span class='ocrx_word' id='word_1_144' title='bbox 362 1566 531 1600; x_wconf 82' lang='lat' dir='ltr'><strong>Primitus</strong></span> <span class='ocrx_word' id='word_1_145' title='bbox 563 1571 680 1601; x_wconf 88' lang='lat' dir='ltr'><strong>autem</strong></span> <span class='ocrx_word' id='word_1_146' title='bbox 715 1568 897 1601; x_wconf 87' lang='lat' dir='ltr'><strong>escendere</strong></span> <span class='ocrx_word' id='word_1_147' title='bbox 933 1563 1099 1608; x_wconf 80' lang='lat' dir='ltr'><strong>scriptum</strong></span> <span class='ocrx_word' id='word_1_148' title='bbox 1129 1565 1238 1601; x_wconf 78' lang='lat' dir='ltr'><strong>fuisse</strong></span> <span class='ocrx_word' id='word_1_149' title='bbox 1267 1568 1348 1602; x_wconf 84' lang='lat' dir='ltr'><strong>inde</strong></span> <span class='ocrx_word' id='word_1_150' title='bbox 1379 1570 1490 1604; x_wconf 86' lang='lat' dir='ltr'><strong>conii-</strong></span> 
     </span>
     <span class='ocr_line' id='line_1_19' title="bbox 99 1625 1490 1673; baseline 0.006 -14"><span class='ocrx_word' id='word_1_151' title='bbox 99 1625 177 1668; x_wconf 91' lang='lat' dir='ltr'><strong>cio,</strong></span> <span class='ocrx_word' id='word_1_152' title='bbox 200 1627 291 1670; x_wconf 86' lang='lat' dir='ltr'><strong>quod</strong></span> <span class='ocrx_word' id='word_1_153' title='bbox 316 1627 367 1661; x_wconf 87' lang='lat' dir='ltr'><strong>ita</strong></span> <span class='ocrx_word' id='word_1_154' title='bbox 392 1627 498 1660; x_wconf 74' lang='lat' dir='ltr'><strong>facile</strong></span> <span class='ocrx_word' id='word_1_155' title='bbox 531 1627 684 1672; x_wconf 85' lang='lat' dir='ltr'><strong>intelligi</strong></span> <span class='ocrx_word' id='word_1_156' title='bbox 707 1631 846 1671; x_wconf 81' lang='lat' dir='ltr'><strong>potest,</strong></span> <span class='ocrx_word' id='word_1_157' title='bbox 871 1626 1046 1670; x_wconf 89' lang='lat' dir='ltr'><strong>quomodo</strong></span> <span class='ocrx_word' id='word_1_158' title='bbox 1079 1625 1209 1669; x_wconf 81' lang='lat' dir='ltr'><strong>duplici</strong></span> <span class='ocrx_word' id='word_1_159' title='bbox 1242 1629 1490 1673; x_wconf 79' lang='lat' dir='ltr'><strong>depravatione</strong></span> 
     </span>
     <span class='ocr_line' id='line_1_20' title="bbox 99 1686 1488 1733; baseline 0.006 -13"><span class='ocrx_word' id='word_1_160' title='bbox 99 1686 135 1720; x_wconf 90' lang='lat' dir='ltr'><strong>in</strong></span> <span class='ocrx_word' id='word_1_161' title='bbox 169 1687 248 1721; x_wconf 80' lang='lat' dir='ltr'><strong>aliis</strong></span> <span class='ocrx_word' id='word_1_162' title='bbox 280 1688 378 1723; x_wconf 88' lang='lat' dir='ltr'><strong>codd.</strong></span> <span class='ocrx_word' id='word_1_163' title='bbox 417 1689 646 1730; x_wconf 83' lang='lat' dir='ltr'><strong>descendere,</strong></span> <span class='ocrx_word' id='word_1_164' title='bbox 691 1687 728 1722; x_wconf 92' lang='lat' dir='ltr'><strong>in</strong></span> <span class='ocrx_word' id='word_1_165' title='bbox 763 1689 842 1722; x_wconf 81' lang='lat' dir='ltr'><strong>aliis</strong></span> <span class='ocrx_word' id='word_1_166' title='bbox 881 1688 1068 1721; x_wconf 84' lang='lat' dir='ltr'><strong>ascendere</strong></span> <span class='ocrx_word' id='word_1_167' title='bbox 1102 1688 1187 1722; x_wconf 87' lang='lat' dir='ltr'><strong>oriri</strong></span> <span class='ocrx_word' id='word_1_168' title='bbox 1219 1691 1383 1733; x_wconf 81' lang='lat' dir='ltr'><strong>potuerit.</strong></span> <span class='ocrx_word' id='word_1_169' title='bbox 1435 1694 1488 1728; x_wconf 85' lang='lat' dir='ltr'><strong>Ex</strong></span> 
     </span>
     <span class='ocr_line' id='line_1_21' title="bbox 97 1748 1487 1795; baseline 0.005 -14"><span class='ocrx_word' id='word_1_170' title='bbox 97 1748 301 1782; x_wconf 78' lang='lat' dir='ltr'><strong>ascendere</strong></span> <span class='ocrx_word' id='word_1_171' title='bbox 325 1753 442 1782; x_wconf 81' lang='lat' dir='ltr'><strong>autem</strong></span> <span class='ocrx_word' id='word_1_172' title='bbox 478 1749 612 1783; x_wconf 75' lang='lat' dir='ltr'><strong>factum</strong></span> <span class='ocrx_word' id='word_1_173' title='bbox 645 1760 720 1783; x_wconf 84' lang='lat' dir='ltr'><strong>esse</strong></span> <span class='ocrx_word' id='word_1_174' title='bbox 752 1750 829 1783; x_wconf 82' lang='lat' dir='ltr'><strong>des</strong></span> <span class='ocrx_word' id='word_1_175' title='bbox 840 1750 982 1782; x_wconf 82' lang='lat' dir='ltr'><strong>cenderc</strong></span> <span class='ocrx_word' id='word_1_176' title='bbox 1015 1748 1105 1782; x_wconf 89' lang='lat' dir='ltr'><strong>mihi</strong></span> <span class='ocrx_word' id='word_1_177' title='bbox 1128 1760 1196 1782; x_wconf 88' lang='lat' dir='ltr'><strong>non</strong></span> <span class='ocrx_word' id='word_1_178' title='bbox 1219 1755 1271 1784; x_wconf 85' lang='lat' dir='ltr'><strong>est</strong></span> <span class='ocrx_word' id='word_1_179' title='bbox 1292 1753 1487 1795; x_wconf 79' lang='lat' dir='ltr'><strong>probabile.</strong></span> 
     </span>
    </p>

    <p class='ocr_par' dir='ltr' id='par_1_5' title="bbox 94 1809 1487 2826">
     <span class='ocr_line' id='line_1_22' title="bbox 191 1809 1486 1858; baseline 0.004 -16"><span class='ocrx_word' id='word_1_180' title='bbox 191 1809 225 1853; x_wconf 82' lang='lat'><strong>§.</strong></span> <span class='ocrx_word' id='word_1_181' title='bbox 249 1809 283 1843; x_wconf 78' lang='grc'><strong>7.</strong></span> <span class='ocrx_word' id='word_1_182' title='bbox 307 1812 342 1844; x_wconf 80' lang='lat' dir='ltr'><strong>et</strong></span> <span class='ocrx_word' id='word_1_183' title='bbox 364 1809 397 1843; x_wconf 88' lang='grc'><strong>8.</strong></span> <span class='ocrx_word' id='word_1_184' title='bbox 445 1821 590 1854; x_wconf 82' lang='lat' dir='ltr'><strong>quorum</strong></span> <span class='ocrx_word' id='word_1_185' title='bbox 614 1811 667 1844; x_wconf 82' lang='lat' dir='ltr'><strong>uti</strong></span> <span class='ocrx_word' id='word_1_186' title='bbox 696 1812 858 1855; x_wconf 78' lang='lat' dir='ltr'><strong>cuiusque</strong></span> <span class='ocrx_word' id='word_1_187' title='bbox 882 1811 958 1855; x_wconf 81' lang='lat' dir='ltr'><strong>ing.</strong></span> <span class='ocrx_word' id='word_1_188' title='bbox 983 1815 1060 1844; x_wconf 84' lang='lat' dir='ltr'><strong>erat</strong></span> <span class='ocrx_word' id='word_1_189' title='bbox 1090 1829 1133 1835; x_wconf 93' lang='lat'>—</span> <span class='ocrx_word' id='word_1_190' title='bbox 1157 1813 1388 1858; x_wconf 83' lang='lat' dir='ltr'><strong>nunciavere]</strong></span> <span class='ocrx_word' id='word_1_191' title='bbox 1413 1815 1486 1853; x_wconf 65' lang='lat' dir='ltr'><strong>Re-</strong></span> 
     </span>
     <span class='ocr_line' id='line_1_23' title="bbox 96 1859 1487 1915; baseline 0.004 -12"><span class='ocrx_word' id='word_1_192' title='bbox 96 1869 269 1912; x_wconf 84' lang='lat' dir='ltr'><strong>lativum‚</strong></span> <span class='ocrx_word' id='word_1_193' title='bbox 301 1870 392 1914; x_wconf 90' lang='lat' dir='ltr'><strong>quod</strong></span> <span class='ocrx_word' id='word_1_194' title='bbox 426 1869 567 1913; x_wconf 87' lang='lat' dir='ltr'><strong>proprie</strong></span> <span class='ocrx_word' id='word_1_195' title='bbox 600 1870 751 1906; x_wconf 84' lang='lat' dir='ltr'><strong>debebat</strong></span> <span class='ocrx_word' id='word_1_196' title='bbox 784 1873 830 1906; x_wconf 88' lang='lat' dir='ltr'><strong>ad</strong></span> <span class='ocrx_word' id='word_1_197' title='bbox 854 1870 1043 1915; x_wconf 77' lang='lat' dir='ltr'><strong>primariae</strong></span> <span class='ocrx_word' id='word_1_198' title='bbox 1066 1871 1316 1907; x_wconf 81' lang='lat' dir='ltr'><strong>enunciationis</strong></span> <span class='ocrx_word' id='word_1_199' title='bbox 1339 1859 1487 1912; x_wconf 75' lang='lat' dir='ltr'><strong>verbum</strong></span> 
     </span>
     <span class='ocr_line' id='line_1_24' title="bbox 96 1930 1486 1979; baseline 0.006 -17"><span class='ocrx_word' id='word_1_200' title='bbox 96 1930 307 1964; x_wconf 77' lang='lat' dir='ltr'><strong>nunciavere</strong></span> <span class='ocrx_word' id='word_1_201' title='bbox 331 1930 476 1971; x_wconf 79' lang='lat' dir='ltr'><strong>referri,</strong></span> <span class='ocrx_word' id='word_1_202' title='bbox 500 1931 710 1965; x_wconf 78' lang='lat' dir='ltr'><strong>attractione</strong></span> <span class='ocrx_word' id='word_1_203' title='bbox 734 1944 814 1965; x_wconf 90' lang='lat' dir='ltr'><strong>cum</strong></span> <span class='ocrx_word' id='word_1_204' title='bbox 838 1930 1043 1965; x_wconf 82' lang='lat' dir='ltr'><strong>secundaria</strong></span> <span class='ocrx_word' id='word_1_205' title='bbox 1073 1931 1312 1967; x_wconf 78' lang='lat' dir='ltr'><strong>enunciatione</strong></span> <span class='ocrx_word' id='word_1_206' title='bbox 1335 1937 1486 1979; x_wconf 84' lang='lat' dir='ltr'><strong>coaluit;</strong></span> 
     </span>
     <span class='ocr_line' id='line_1_25' title="bbox 96 1989 1483 2042; baseline 0.005 -19"><span class='ocrx_word' id='word_1_207' title='bbox 96 1989 178 2023; x_wconf 78' lang='lat' dir='ltr'><strong>talis</strong></span> <span class='ocrx_word' id='word_1_208' title='bbox 210 1990 302 2023; x_wconf 87' lang='lat' dir='ltr'><strong>enim</strong></span> <span class='ocrx_word' id='word_1_209' title='bbox 337 1991 428 2024; x_wconf 70' lang='lat' dir='ltr'><strong>foret</strong></span> <span class='ocrx_word' id='word_1_210' title='bbox 454 1991 612 2035; x_wconf 72' lang='lat' dir='ltr'><strong>vulgaris</strong></span> <span class='ocrx_word' id='word_1_211' title='bbox 645 1995 839 2025; x_wconf 77' lang='lat' dir='ltr'><strong>structura:</strong></span> <span class='ocrx_word' id='word_1_212' title='bbox 871 1992 950 2035; x_wconf 83' lang='lat' dir='ltr'><strong>qui,</strong></span> <span class='ocrx_word' id='word_1_213' title='bbox 982 1991 1033 2024; x_wconf 74' lang='lat' dir='ltr'><strong>uti</strong></span> <span class='ocrx_word' id='word_1_214' title='bbox 1063 1991 1229 2034; x_wconf 79' lang='lat' dir='ltr'><strong>cuiusque</strong></span> <span class='ocrx_word' id='word_1_215' title='bbox 1262 2004 1377 2028; x_wconf 85' lang='lat' dir='ltr'><strong>eorum</strong></span> <span class='ocrx_word' id='word_1_216' title='bbox 1410 1996 1483 2042; x_wconf 85' lang='lat' dir='ltr'><strong>ing.</strong></span> 
     </span>
     <span class='ocr_line' id='line_1_26' title="bbox 96 2050 1485 2098; baseline 0.006 -15"><span class='ocrx_word' id='word_1_217' title='bbox 96 2054 191 2091; x_wconf 81' lang='lat' dir='ltr'><strong>erat,</strong></span> <span class='ocrx_word' id='word_1_218' title='bbox 224 2050 274 2084; x_wconf 82' lang='lat' dir='ltr'><strong>ita</strong></span> <span class='ocrx_word' id='word_1_219' title='bbox 294 2069 340 2075; x_wconf 86' lang='lat'><strong>—-</strong></span> <span class='ocrx_word' id='word_1_220' title='bbox 375 2052 596 2085; x_wconf 80' lang='lat' dir='ltr'><strong>nunciavcre.</strong></span> <span class='ocrx_word' id='word_1_221' title='bbox 631 2052 676 2085; x_wconf 79' lang='lat' dir='ltr'><strong>cf.</strong></span> <span class='ocrx_word' id='word_1_222' title='bbox 711 2063 741 2085; x_wconf 92' lang='lat' dir='ltr'><strong>c.</strong></span> <span class='ocrx_word' id='word_1_223' title='bbox 775 2052 889 2092; x_wconf 74' lang='lat' dir='ltr'><strong>XCV,</strong></span> <span class='ocrx_word' id='word_1_224' title='bbox 926 2051 958 2084; x_wconf 91' lang='lat'><strong>1.</strong></span> <span class='ocrx_word' id='word_1_225' title='bbox 1020 2053 1121 2085; x_wconf 79' lang='lat' dir='ltr'><strong>Sulla</strong></span> <span class='ocrx_word' id='word_1_226' title='bbox 1154 2064 1228 2086; x_wconf 86' lang='lat' dir='ltr'><strong>cum</strong></span> <span class='ocrx_word' id='word_1_227' title='bbox 1263 2057 1419 2098; x_wconf 78' lang='lat' dir='ltr'><strong>equitatu</strong></span> <span class='ocrx_word' id='word_1_228' title='bbox 1447 2059 1485 2093; x_wconf 82' lang='lat' dir='ltr'><strong>in</strong></span> 
     </span>
     <span class='ocr_line' id='line_1_27' title="bbox 96 2112 1485 2158; baseline 0.006 -14"><span class='ocrx_word' id='word_1_229' title='bbox 96 2116 214 2144; x_wconf 77' lang='lat' dir='ltr'><strong>caetra</strong></span> <span class='ocrx_word' id='word_1_230' title='bbox 249 2112 358 2151; x_wconf 82' lang='lat' dir='ltr'><strong>venit,</strong></span> <span class='ocrx_word' id='word_1_231' title='bbox 392 2124 500 2156; x_wconf 76' lang='lat' dir='ltr'><strong>quoe</strong></span> <span class='ocrx_word' id='word_1_232' title='bbox 533 2114 586 2146; x_wconf 78' lang='lat' dir='ltr'><strong>uti</strong></span> <span class='ocrx_word' id='word_1_233' title='bbox 621 2124 661 2146; x_wconf 71' lang='lat' dir='ltr'><strong>ez·</strong></span> <span class='ocrx_word' id='word_1_234' title='bbox 694 2113 798 2147; x_wconf 77' lang='lat' dir='ltr'><strong>Latio</strong></span> <span class='ocrx_word' id='word_1_235' title='bbox 824 2117 857 2146; x_wconf 79' lang='lat' dir='ltr'><strong>et</strong></span> <span class='ocrx_word' id='word_1_236' title='bbox 882 2123 906 2145; x_wconf 92' lang='lat' dir='ltr'><strong>a</strong></span> <span class='ocrx_word' id='word_1_237' title='bbox 929 2113 1028 2146; x_wconf 74' lang='lat' dir='ltr'><strong>sociis</strong></span> <span class='ocrx_word' id='word_1_238' title='bbox 1058 2120 1196 2158; x_wconf 83' lang='lat' dir='ltr'><strong>cogeret</strong></span> <span class='ocrx_word' id='word_1_239' title='bbox 1220 2115 1353 2150; x_wconf 81' lang='lat' dir='ltr'><strong>Romae</strong></span> <span class='ocrx_word' id='word_1_240' title='bbox 1376 2119 1485 2152; x_wconf 81' lang='lat' dir='ltr'><strong>reli-</strong></span> 
     </span>
     <span class='ocr_line' id='line_1_28' title="bbox 96 2172 1484 2221; baseline 0.005 -16"><span class='ocrx_word' id='word_1_241' title='bbox 96 2176 199 2205; x_wconf 77' lang='lat' dir='ltr'><strong>ctus</strong></span> <span class='ocrx_word' id='word_1_242' title='bbox 239 2177 356 2206; x_wconf 86' lang='lat' dir='ltr'><strong>crat.</strong></span> <span class='ocrx_word' id='word_1_243' title='bbox 390 2174 470 2215; x_wconf 85' lang='lat' dir='ltr'><strong>Cll,</strong></span> <span class='ocrx_word' id='word_1_244' title='bbox 502 2172 536 2209; x_wconf 83' lang='lat'><strong>3.</strong></span> <span class='ocrx_word' id='word_1_245' title='bbox 585 2175 722 2208; x_wconf 74' lang='lat' dir='ltr'><strong>Marius</strong></span> <span class='ocrx_word' id='word_1_246' title='bbox 758 2175 892 2208; x_wconf 82' lang='lat' dir='ltr'><strong>Sullam</strong></span> <span class='ocrx_word' id='word_1_247' title='bbox 917 2179 951 2209; x_wconf 81' lang='lat' dir='ltr'><strong>et</strong></span> <span class='ocrx_word' id='word_1_248' title='bbox 976 2174 1149 2207; x_wconf 83' lang='lat' dir='ltr'><strong>Manlium</strong></span> <span class='ocrx_word' id='word_1_249' title='bbox 1174 2176 1225 2208; x_wconf 82' lang='lat' dir='ltr'><strong>ire</strong></span> <span class='ocrx_word' id='word_1_250' title='bbox 1248 2175 1353 2210; x_wconf 81' lang='lat' dir='ltr'><strong>iubet.</strong></span> <span class='ocrx_word' id='word_1_251' title='bbox 1403 2179 1484 2221; x_wconf 80' lang='lat' dir='ltr'><strong>Qui</strong></span> 
     </span>
     <span class='ocr_line' id='line_1_29' title="bbox 95 2234 1482 2279; baseline 0.006 -13"><span class='ocrx_word' id='word_1_252' title='bbox 95 2245 303 2278; x_wconf 77' lang='lat' dir='ltr'><strong>quamquam</strong></span> <span class='ocrx_word' id='word_1_253' title='bbox 328 2235 432 2268; x_wconf 82' lang='lat' dir='ltr'><strong>acciti</strong></span> <span class='ocrx_word' id='word_1_254' title='bbox 455 2235 576 2275; x_wconf 82' lang='lat' dir='ltr'><strong>ibant,</strong></span> <span class='ocrx_word' id='word_1_255' title='bbox 607 2240 725 2269; x_wconf 83' lang='lat' dir='ltr'><strong>tamen</strong></span> <span class='ocrx_word' id='word_1_256' title='bbox 747 2234 942 2278; x_wconf 76' lang='lat' dir='ltr'><strong>placuit</strong></span> <span class='ocrx_word' id='word_1_257' title='bbox 976 2237 1123 2269; x_wconf 80' lang='lat' dir='ltr'><strong>verba</strong></span> <span class='ocrx_word' id='word_1_258' title='bbox 1150 2238 1339 2279; x_wconf 85' lang='lat' dir='ltr'><strong>facere,</strong></span> <span class='ocrx_word' id='word_1_259' title='bbox 1362 2239 1423 2273; x_wconf 87' lang='lat' dir='ltr'><strong>ubi</strong></span> <span class='ocrx_word' id='word_1_260' title='bbox 1447 2252 1482 2275; x_wconf 84' lang='lat' dir='ltr'><strong>v.</strong></span> 
     </span>
     <span class='ocr_line' id='line_1_30' title="bbox 94 2294 1483 2340; baseline 0.005 -12"><span class='ocrx_word' id='word_1_261' title='bbox 94 2295 206 2328; x_wconf 86' lang='lat' dir='ltr'><strong>Plura</strong></span> <span class='ocrx_word' id='word_1_262' title='bbox 238 2295 281 2328; x_wconf 83' lang='lat' dir='ltr'><strong>de</strong></span> <span class='ocrx_word' id='word_1_263' title='bbox 311 2306 353 2329; x_wconf 85' lang='lat' dir='ltr'><strong>ea</strong></span> <span class='ocrx_word' id='word_1_264' title='bbox 385 2306 425 2328; x_wconf 87' lang='lat' dir='ltr'><strong>re</strong></span> <span class='ocrx_word' id='word_1_265' title='bbox 456 2296 607 2330; x_wconf 77' lang='lat' dir='ltr'><strong>diximus</strong></span> <span class='ocrx_word' id='word_1_266' title='bbox 639 2296 682 2330; x_wconf 79' lang='lat' dir='ltr'><strong>ud</strong></span> <span class='ocrx_word' id='word_1_267' title='bbox 710 2294 815 2329; x_wconf 83' lang='lat' dir='ltr'><strong>Catil.</strong></span> <span class='ocrx_word' id='word_1_268' title='bbox 853 2295 922 2335; x_wconf 85' lang='lat' dir='ltr'><strong>xl,</strong></span> <span class='ocrx_word' id='word_1_269' title='bbox 948 2295 982 2329; x_wconf 83' lang='lat'><strong>2.</strong></span> <span class='ocrx_word' id='word_1_270' title='bbox 1017 2308 1050 2340; x_wconf 89' lang='lat' dir='ltr'><strong>p.</strong></span> <span class='ocrx_word' id='word_1_271' title='bbox 1078 2296 1124 2330; x_wconf 77' lang='lat'><strong>55</strong></span> <span class='ocrx_word' id='word_1_272' title='bbox 1141 2308 1205 2340; x_wconf 58' lang='lat' dir='ltr'><strong>sq„</strong></span> <span class='ocrx_word' id='word_1_273' title='bbox 1237 2298 1363 2340; x_wconf 77' lang='lat' dir='ltr'><strong>quibus</strong></span> <span class='ocrx_word' id='word_1_274' title='bbox 1394 2301 1483 2335; x_wconf 81' lang='lat' dir='ltr'><strong>addo</strong></span> 
     </span>
     <span class='ocr_line' id='line_1_31' title="bbox 95 2354 1482 2400; baseline 0.007 -13"><span class='ocrx_word' id='word_1_275' title='bbox 95 2354 318 2399; x_wconf 81' lang='lat' dir='ltr'><strong>Kruegerum</strong></span> <span class='ocrx_word' id='word_1_276' title='bbox 350 2356 394 2390; x_wconf 83' lang='lat' dir='ltr'><strong>de</strong></span> <span class='ocrx_word' id='word_1_277' title='bbox 427 2357 571 2390; x_wconf 77' lang='lat' dir='ltr'><strong>Attract.</strong></span> <span class='ocrx_word' id='word_1_278' title='bbox 602 2356 678 2390; x_wconf 84' lang='lat' dir='ltr'><strong>Lat.</strong></span> <span class='ocrx_word' id='word_1_279' title='bbox 710 2355 812 2400; x_wconf 77' lang='lat' dir='ltr'><strong>Ling.</strong></span> <span class='ocrx_word' id='word_1_280' title='bbox 845 2358 876 2398; x_wconf 83' lang='lat'><strong>§.</strong></span> <span class='ocrx_word' id='word_1_281' title='bbox 903 2356 959 2389; x_wconf 74' lang='lat'><strong>06.</strong></span> <span class='ocrx_word' id='word_1_282' title='bbox 991 2368 1026 2399; x_wconf 87' lang='lat' dir='ltr'><strong>p.</strong></span> <span class='ocrx_word' id='word_1_283' title='bbox 1060 2355 1129 2389; x_wconf 76' lang='lat'><strong>239</strong></span> <span class='ocrx_word' id='word_1_284' title='bbox 1152 2368 1225 2400; x_wconf 69' lang='lat' dir='ltr'><strong>sqq.</strong></span> <span class='ocrx_word' id='word_1_285' title='bbox 1260 2359 1401 2395; x_wconf 85' lang='lat' dir='ltr'><strong>Walch.</strong></span> <span class='ocrx_word' id='word_1_286' title='bbox 1437 2362 1482 2397; x_wconf 84' lang='lat' dir='ltr'><strong>ad</strong></span> 
     </span>
     <span class='ocr_line' id='line_1_32' title="bbox 95 2414 1481 2465; baseline 0.006 -17"><span class='ocrx_word' id='word_1_287' title='bbox 95 2414 182 2449; x_wconf 82' lang='lat' dir='ltr'><strong>Tac.</strong></span> <span class='ocrx_word' id='word_1_288' title='bbox 217 2415 335 2460; x_wconf 76' lang='lat' dir='ltr'><strong>Agric.</strong></span> <span class='ocrx_word' id='word_1_289' title='bbox 368 2427 397 2450; x_wconf 87' lang='lat' dir='ltr'><strong>c.</strong></span> <span class='ocrx_word' id='word_1_290' title='bbox 431 2417 588 2450; x_wconf 79' lang='lat' dir='ltr'><strong>XXXlV.</strong></span> <span class='ocrx_word' id='word_1_291' title='bbox 620 2429 655 2461; x_wconf 90' lang='lat' dir='ltr'><strong>p.</strong></span> <span class='ocrx_word' id='word_1_292' title='bbox 683 2416 754 2450; x_wconf 80' lang='lat'><strong>356</strong></span> <span class='ocrx_word' id='word_1_293' title='bbox 777 2428 829 2460; x_wconf 77' lang='lat' dir='ltr'><strong>sq.</strong></span> <span class='ocrx_word' id='word_1_294' title='bbox 861 2415 980 2450; x_wconf 84' lang='lat' dir='ltr'><strong>otton.</strong></span> <span class='ocrx_word' id='word_1_295' title='bbox 1006 2415 1051 2449; x_wconf 84' lang='lat' dir='ltr'><strong>ad</strong></span> <span class='ocrx_word' id='word_1_296' title='bbox 1084 2416 1156 2450; x_wconf 86' lang='lat' dir='ltr'><strong>Cic.</strong></span> <span class='ocrx_word' id='word_1_297' title='bbox 1182 2417 1225 2451; x_wconf 78' lang='lat' dir='ltr'><strong>de</strong></span> <span class='ocrx_word' id='word_1_298' title='bbox 1248 2419 1350 2454; x_wconf 86' lang='lat' dir='ltr'><strong>Finn.</strong></span> <span class='ocrx_word' id='word_1_299' title='bbox 1376 2422 1420 2465; x_wconf 84' lang='lat'><strong>11,</strong></span> <span class='ocrx_word' id='word_1_300' title='bbox 1445 2422 1481 2465; x_wconf 82' lang='lat'><strong>3,</strong></span> 
     </span>
     <span class='ocr_line' id='line_1_33' title="bbox 95 2475 1482 2521; baseline 0.005 -11"><span class='ocrx_word' id='word_1_301' title='bbox 95 2475 129 2510; x_wconf 80' lang='lat'><strong>6.</strong></span> <span class='ocrx_word' id='word_1_302' title='bbox 155 2476 199 2510; x_wconf 78' lang='lat' dir='ltr'><strong>cf.</strong></span> <span class='ocrx_word' id='word_1_303' title='bbox 227 2476 300 2510; x_wconf 77' lang='lat' dir='ltr'><strong>cic.</strong></span> <span class='ocrx_word' id='word_1_304' title='bbox 324 2476 366 2510; x_wconf 85' lang='lat' dir='ltr'><strong>de</strong></span> <span class='ocrx_word' id='word_1_305' title='bbox 389 2476 431 2511; x_wconf 82' lang='lat' dir='ltr'><strong>N.</strong></span> <span class='ocrx_word' id='word_1_306' title='bbox 457 2478 499 2511; x_wconf 87' lang='lat' dir='ltr'><strong>D.</strong></span> <span class='ocrx_word' id='word_1_307' title='bbox 525 2477 598 2520; x_wconf 83' lang='lat'><strong>111,</strong></span> <span class='ocrx_word' id='word_1_308' title='bbox 617 2477 681 2519; x_wconf 68' lang='lat'><strong>14,</strong></span> <span class='ocrx_word' id='word_1_309' title='bbox 708 2476 766 2511; x_wconf 74' lang='lat'><strong>35.</strong></span> <span class='ocrx_word' id='word_1_310' title='bbox 819 2477 900 2520; x_wconf 77' lang='lat' dir='ltr'><strong>Qui</strong></span> <span class='ocrx_word' id='word_1_311' title='bbox 930 2476 1092 2520; x_wconf 80' lang='lat' dir='ltr'><strong>quoniam</strong></span> <span class='ocrx_word' id='word_1_312' title='bbox 1117 2477 1200 2521; x_wconf 81' lang='lat' dir='ltr'><strong>quid</strong></span> <span class='ocrx_word' id='word_1_313' title='bbox 1225 2480 1354 2515; x_wconf 78' lang='lat' dir='ltr'><strong>diceret</strong></span> <span class='ocrx_word' id='word_1_314' title='bbox 1377 2483 1482 2517; x_wconf 78' lang='lat' dir='ltr'><strong>intel-</strong></span> 
     </span>
     <span class='ocr_line' id='line_1_34' title="bbox 94 2528 1481 2582; baseline 0.006 -13"><span class='ocrx_word' id='word_1_315' title='bbox 94 2536 163 2582; x_wconf 84' lang='lat' dir='ltr'><strong>ligi</strong></span> <span class='ocrx_word' id='word_1_316' title='bbox 196 2537 324 2579; x_wconf 80' lang='lat' dir='ltr'><strong>uoluit,</strong></span> <span class='ocrx_word' id='word_1_317' title='bbox 354 2538 638 2572; x_wconf 77' lang='lat' dir='ltr'><strong>omittamus.</strong></span> <span class='ocrx_word' id='word_1_318' title='bbox 665 2558 712 2565; x_wconf 91' lang='lat'><strong>—-</strong></span> <span class='ocrx_word' id='word_1_319' title='bbox 743 2539 928 2577; x_wconf 70' lang='lat' dir='ltr'><strong>Arrenius,</strong></span> <span class='ocrx_word' id='word_1_320' title='bbox 963 2537 1055 2580; x_wconf 87' lang='lat' dir='ltr'><strong>quod</strong></span> <span class='ocrx_word' id='word_1_321' title='bbox 1089 2548 1199 2581; x_wconf 77' lang='lat' dir='ltr'><strong>paene</strong></span> <span class='ocrx_word' id='word_1_322' title='bbox 1229 2528 1348 2575; x_wconf 72' lang='lat' dir='ltr'><strong>omnes</strong></span> <span class='ocrx_word' id='word_1_323' title='bbox 1379 2544 1481 2579; x_wconf 84' lang='lat' dir='ltr'><strong>codd.</strong></span> 
     </span>
     <span class='ocr_line' id='line_1_35' title="bbox 95 2597 1481 2644; baseline 0.006 -14"><span class='ocrx_word' id='word_1_324' title='bbox 95 2599 231 2638; x_wconf 81' lang='lat' dir='ltr'><strong>tenent,</strong></span> <span class='ocrx_word' id='word_1_325' title='bbox 263 2609 327 2631; x_wconf 86' lang='lat' dir='ltr'><strong>cur</strong></span> <span class='ocrx_word' id='word_1_326' title='bbox 358 2602 508 2641; x_wconf 74' lang='lat' dir='ltr'><strong>praestet</strong></span> <span class='ocrx_word' id='word_1_327' title='bbox 545 2604 677 2633; x_wconf 68' lang='lat' dir='ltr'><strong>erectus</strong></span> <span class='ocrx_word' id='word_1_328' title='bbox 709 2601 841 2641; x_wconf 79' lang='lat' dir='ltr'><strong>verbo,</strong></span> <span class='ocrx_word' id='word_1_329' title='bbox 876 2597 1027 2632; x_wconf 75' lang='lat' dir='ltr'><strong>diximus</strong></span> <span class='ocrx_word' id='word_1_330' title='bbox 1060 2599 1103 2631; x_wconf 87' lang='lat' dir='ltr'><strong>ad</strong></span> <span class='ocrx_word' id='word_1_331' title='bbox 1137 2599 1213 2634; x_wconf 83' lang='lat' dir='ltr'><strong>Cat.</strong></span> <span class='ocrx_word' id='word_1_332' title='bbox 1249 2602 1421 2644; x_wconf 66' lang='lat' dir='ltr'><strong>xxxm,</strong></span> <span class='ocrx_word' id='word_1_333' title='bbox 1445 2604 1481 2640; x_wconf 80' lang='lat'><strong>3.</strong></span> 
     </span>
     <span class='ocr_line' id='line_1_36' title="bbox 95 2657 1482 2706; baseline 0.005 -16"><span class='ocrx_word' id='word_1_334' title='bbox 95 2667 130 2700; x_wconf 87' lang='lat' dir='ltr'><strong>p.</strong></span> <span class='ocrx_word' id='word_1_335' title='bbox 158 2657 238 2692; x_wconf 81' lang='lat'><strong>183.</strong></span> <span class='ocrx_word' id='word_1_336' title='bbox 263 2676 308 2683; x_wconf 94' lang='lat'><strong>—-</strong></span> <span class='ocrx_word' id='word_1_337' title='bbox 332 2659 386 2691; x_wconf 90' lang='lat' dir='ltr'><strong>De</strong></span> <span class='ocrx_word' id='word_1_338' title='bbox 411 2669 496 2692; x_wconf 75' lang='lat' dir='ltr'><strong>voce</strong></span> <span class='ocrx_word' id='word_1_339' title='bbox 518 2671 658 2694; x_wconf 80' lang='lat' dir='ltr'><strong>numero</strong></span> <span class='ocrx_word' id='word_1_340' title='bbox 684 2672 717 2695; x_wconf 88' lang='lat' dir='ltr'><strong>v.</strong></span> <span class='ocrx_word' id='word_1_341' title='bbox 745 2661 790 2695; x_wconf 83' lang='lat' dir='ltr'><strong>ad</strong></span> <span class='ocrx_word' id='word_1_342' title='bbox 824 2672 854 2693; x_wconf 92' lang='lat' dir='ltr'><strong>c.</strong></span> <span class='ocrx_word' id='word_1_343' title='bbox 880 2659 971 2700; x_wconf 79' lang='lat' dir='ltr'><strong>Llll,</strong></span> <span class='ocrx_word' id='word_1_344' title='bbox 996 2658 1030 2692; x_wconf 84' lang='lat'><strong>4.</strong></span> <span class='ocrx_word' id='word_1_345' title='bbox 1055 2678 1099 2684; x_wconf 92' lang='lat'><strong>—-</strong></span> <span class='ocrx_word' id='word_1_346' title='bbox 1125 2660 1264 2706; x_wconf 72' lang='lat' dir='ltr'><strong>Detegit</strong></span> <span class='ocrx_word' id='word_1_347' title='bbox 1289 2662 1482 2697; x_wconf 77' lang='lat' dir='ltr'><strong>illustravi-</strong></span> 
     </span>
     <span class='ocr_line' id='line_1_37' title="bbox 95 2717 1481 2767; baseline 0.006 -18"><span class='ocrx_word' id='word_1_348' title='bbox 95 2727 174 2751; x_wconf 72' lang='lat' dir='ltr'><strong>mus</strong></span> <span class='ocrx_word' id='word_1_349' title='bbox 197 2717 241 2752; x_wconf 88' lang='lat' dir='ltr'><strong>ad</strong></span> <span class='ocrx_word' id='word_1_350' title='bbox 266 2717 367 2751; x_wconf 76' lang='lat' dir='ltr'><strong>catil.</strong></span> <span class='ocrx_word' id='word_1_351' title='bbox 392 2719 449 2759; x_wconf 73' lang='lat' dir='ltr'><strong>VI,</strong></span> <span class='ocrx_word' id='word_1_352' title='bbox 474 2719 507 2752; x_wconf 89' lang='grc'><strong>6.</strong></span> <span class='ocrx_word' id='word_1_353' title='bbox 532 2719 614 2754; x_wconf 76' lang='lat' dir='ltr'><strong>coll.</strong></span> <span class='ocrx_word' id='word_1_354' title='bbox 638 2721 714 2767; x_wconf 77' lang='lat' dir='ltr'><strong>lug.</strong></span> <span class='ocrx_word' id='word_1_355' title='bbox 740 2721 868 2761; x_wconf 78' lang='lat' dir='ltr'><strong>xxm,</strong></span> <span class='ocrx_word' id='word_1_356' title='bbox 892 2720 925 2754; x_wconf 80' lang='lat'><strong>2.</strong></span> <span class='ocrx_word' id='word_1_357' title='bbox 950 2738 995 2744; x_wconf 88' lang='lat'><em>—</em></span> <span class='ocrx_word' id='word_1_358' title='bbox 1023 2720 1118 2763; x_wconf 80' lang='lat' dir='ltr'><strong>Que,</strong></span> <span class='ocrx_word' id='word_1_359' title='bbox 1140 2722 1221 2754; x_wconf 85' lang='lat' dir='ltr'><strong>voci</strong></span> <span class='ocrx_word' id='word_1_360' title='bbox 1245 2724 1357 2757; x_wconf 73' lang='lat' dir='ltr'><strong>omnis</strong></span> <span class='ocrx_word' id='word_1_361' title='bbox 1379 2723 1481 2758; x_wconf 85' lang='lat' dir='ltr'><strong>addi-</strong></span> 
     </span>
     <span class='ocr_line' id='line_1_38' title="bbox 96 2777 1235 2826; baseline 0.004 -16"><span class='ocrx_word' id='word_1_362' title='bbox 96 2778 174 2810; x_wconf 80' lang='lat' dir='ltr'><strong>tum</strong></span> <span class='ocrx_word' id='word_1_363' title='bbox 187 2803 198 2821; x_wconf 90' lang='lat'>‚</span> <span class='ocrx_word' id='word_1_364' title='bbox 223 2777 260 2811; x_wconf 83' lang='lat' dir='ltr'><strong>in</strong></span> <span class='ocrx_word' id='word_1_365' title='bbox 283 2783 447 2822; x_wconf 73' lang='lat' dir='ltr'><strong>quattuor</strong></span> <span class='ocrx_word' id='word_1_366' title='bbox 470 2780 568 2814; x_wconf 74' lang='lat' dir='ltr'><strong>codd.</strong></span> <span class='ocrx_word' id='word_1_367' title='bbox 594 2781 712 2824; x_wconf 66' lang='lat' dir='ltr'><strong>deest,</strong></span> <span class='ocrx_word' id='word_1_368' title='bbox 735 2793 845 2826; x_wconf 86' lang='lat' dir='ltr'><strong>eoque</strong></span> <span class='ocrx_word' id='word_1_369' title='bbox 868 2792 890 2816; x_wconf 84' lang='lat' dir='ltr'><strong>a</strong></span> <span class='ocrx_word' id='word_1_370' title='bbox 914 2780 1032 2815; x_wconf 71' lang='lat' dir='ltr'><strong>cottio</strong></span> <span class='ocrx_word' id='word_1_371' title='bbox 1054 2782 1235 2819; x_wconf 75' lang='lat' dir='ltr'><strong>omissum.</strong></span> 
     </span>
    </p>
   </div>
   <div class='ocr_carea' id='block_1_5' title="bbox 1083 2854 1201 2897">
    <p class='ocr_par' dir='ltr' id='par_1_6' title="bbox 1083 2854 1201 2897">
     <span class='ocr_line' id='line_1_39' title="bbox 1083 2854 1201 2897; baseline 0 0"><span class='ocrx_word' id='word_1_372' title='bbox 1083 2854 1201 2897; x_wconf 81' lang='lat'><strong>32*</strong></span> 
     </span>
    </p>
   </div>
  </div>
 </body>
</html>
