1630 3034
231 160 287 202 54
638 147 643 151 ⁴
843 159 998 200 murex

231 274 296 306 Nisi
311 275 388 313 sorte
404 271 529 304 ironice
546 271 680 311 dictum,
707 269 743 303 C.
762 269 818 311 20,
835 269 889 304 17.
937 270 962 304 1.
982 270 1020 311 3,
1033 271 1066 304 4.
1115 269 1171 311 31,
1189 269 1245 304 20.

231 329 296 361 Nisi
310 330 388 369 sorte
403 337 475 360 cum
492 327 674 360 indicativo
691 327 913 367 ooniunctum,
938 325 963 360 Ι.
985 326 1040 367 14,
1060 325 1114 360 10.

230 385 296 418 Nisi
313 385 395 425 qnod
410 384 559 427 elliptica
575 383 706 416 dicendi
722 383 852 416 ratione
870 383 1112 427 explicandum,
1129 381 1154 416 Ι.
1175 381 1230 423 95,
1248 382 1280 416 3.

230 441 290 473 Niei
306 441 346 472 de
363 440 589 484 pugnantibus
606 439 740 479 dictum,
758 438 783 472 Ι.
803 438 858 479 60,
878 437 910 472 1.

229 496 377 530 Nobilitas
391 496 588 529 vocabulum
605 495 827 536 collectivum,
854 492 894 529 G.
914 495 971 535 23,
989 495 1021 528 6.

229 553 378 586 Nobilitas
392 552 511 595 quibus
528 553 628 584 rebus
645 556 761 595 parata
779 551 893 592 fuerit,
911 551 935 584 Ι.
953 551 1008 591 95,
1027 551 1059 584 3.

229 609 376 642 Nobilitas
391 613 426 640 et
440 608 606 640 mobilitas
621 607 770 647 confusa,
796 605 838 647 C,
855 608 911 648 49,
929 609 962 641 4.

229 666 335 698 Noctes
352 667 485 706 diesque,
505 661 544 697 C.
565 664 620 704 36,
638 666 670 698 4.

229 722 366 755 Noctium
382 722 415 754 in
429 721 549 753 castris
567 721 699 761 divisio,
726 720 750 754 Ι.
771 720 826 760 99,
844 720 878 754 1.

229 778 341 811 Nomen
359 778 381 810 i.
401 787 432 820 q.
453 777 610 817 debitum,
625 777 679 809 vel
698 777 801 810 debiti
821 777 854 810 in
872 776 997 810 tabulis
1014 776 1149 817 relatio,
1168 776 1206 815 C.
1226 776 1281 818 35,
1301 777 1332 810 3.

229 834 343 867 Nomen
361 834 383 866 i.
408 843 438 876 q.
459 833 578 874 gloria,
605 832 630 866 Ι.
651 833 705 873 10,
719 833 753 867 2.
804 833 860 873 58,
880 833 910 867 3.

229 891 341 924 Nomen
360 894 403 921 est
420 890 512 921 alicui
529 889 651 932 duplici
676 893 847 922 structura
863 889 997 929 dicitur,
1022 887 1048 921 Ι.
1067 890 1099 929 5,
1117 890 1150 922 4.

229 947 342 979 Nomen
359 946 496 992 Latinam
514 950 548 978 et
570 947 644 978 socii
663 947 792 977 nominis
816 945 928 985 Latini,
944 944 970 978 Ι.
990 945 1046 985 43,
1065 945 1097 978 4.

228 1003 354 1036 Nomine
393 1006 581 1046 corruptum
599 1002 713 1034 addita
728 1002 782 1033 sub
798 1001 1056 1045 praepositione,
1074 1001 1098 1034 Ι.
1120 1000 1175 1041 18,
1194 1000 1249 1034 11.

229 1059 356 1091 Nomina
380 1060 509 1100 propria
533 1062 567 1091 et
596 1058 780 1100 appellativa
803 1059 894 1100 plura
919 1057 1049 1101 quando
1074 1058 1147 1090 sine
1172 1057 1290 1102 copula
1315 1059 1390 1101 poni
1415 1059 1556 1102 possint,
1575 1058 1610 1092 C.

318 1115 375 1155 43,
392 1115 426 1149 2.

227 1171 355 1203 Numina
371 1172 497 1213 propria
515 1170 643 1214 quando
661 1170 873 1214 appellativis
890 1174 1148 1214 postponantur,
1191 1167 1228 1202 C.
1247 1169 1309 1210 51,
1343 1172 1376 1204 5.
1425 1171 1451 1205 Ι.
1484 1170 1548 1212 19,
1579 1169 1613 1204 7.

318 1227 373 1267 81,
394 1227 424 1260 1.

227 1284 386 1316 Nominum
401 1285 592 1324 propriorum
612 1284 760 1324 Ieyilimas
779 1284 852 1315 ordo
869 1282 1033 1315 interdum
1049 1287 1207 1323 mutatus,
1234 1282 1259 1316 Ι.
1275 1282 1331 1324 27,
1350 1284 1384 1317 4.

226 1340 432 1372 Nominatirus
452 1340 619 1379 absolutus,
640 1338 675 1372 C.
697 1339 751 1379 37,
770 1340 792 1372 4
809 1344 843 1371 et
861 1337 892 1372 7.
942 1338 966 1371 Ι.
988 1338 1044 1378 66,
1063 1339 1095 1372 2.

189 1438 193 1442 ⁴
225 1397 429 1428 Nominatit·us
447 1397 480 1429 in
498 1397 656 1440 partitiva
674 1397 853 1436 sententia,
871 1406 928 1439 pro
947 1395 1107 1437 genitivo,
1134 1394 1158 1428 Ι.
1179 1394 1234 1437 19,
1260 1395 1292 1429 1.
1341 1394 1398 1436 60,
1415 1395 1447 1429 8.
1497 1395 1553 1438 66,
1578 1395 1611 1431 2.

317 1450 373 1492 74,
394 1451 424 1485 1.

229 1508 435 1540 Νοηιὶιιαὶἱι·ιιε
454 1510 592 1541 nominis
610 1510 730 1552 proprii
750 1509 782 1541 in
801 1509 941 1542 formula
954 1508 1028 1540 mihi
1045 1519 1152 1541 nomen
1169 1513 1224 1549 ese,
1249 1508 1275 1542 Ι.
1295 1509 1327 1549 5,
1345 1509 1377 1542 4.

227 1565 431 1597 Nominan'vus
450 1575 491 1598 ex
508 1565 762 1608 interpolatione
779 1576 836 1609 pro
854 1565 1002 1607 genitivo
1020 1565 1148 1605 illatus,
1166 1564 1190 1598 Ι.
1209 1564 1266 1606 83,
1285 1564 1318 1599 1.

224 1620 288 1652 Non
305 1621 328 1653 i.
349 1631 379 1664 q.
400 1632 507 1662 nonne,
537 1622 562 1654 Ι.
582 1622 636 1661 31,
657 1621 709 1654 17.
1132 1615 1134 1617 ’

224 1676 287 1707 Non
306 1677 464 1719 quomodo
482 1677 615 1709 differat
632 1677 672 1709 ab
692 1688 726 1708 os:
745 1688 801 1707 nnn
822 1678 874 1710 vel
894 1682 919 1708 vt
936 1688 995 1708 nnn
1014 1679 1045 1710 in
1064 1677 1339 1721 oppositionibus,
1359 1676 1395 1711 C.
1416 1677 1471 1719 52,
1491 1677 1545 1712 15.
1581 1678 1606 1712 Ι.

314 1733 347 1772 4,
366 1732 399 1766 8.
449 1733 504 1772 31,
526 1732 578 1766 10.

223 1788 287 1820 Non
300 1806 345 1811 —
360 1789 425 1828 sed,
445 1788 468 1821 Ι.
491 1788 567 1828 100,
586 1790 617 1821 4.

222 1845 288 1876 Nun
306 1849 368 1876 tam
383 1861 428 1868 —-
444 1855 547 1886 quum,
567 1844 591 1877 Ι.
614 1843 689 1884 100,
709 1845 741 1877 4.

221 1901 286 1932 Xon
302 1918 347 1923 —
365 1911 455 1941 quam-
471 1901 639 1933 soloecum
657 1905 720 1940 est,
739 1900 763 1933 Ι.
782 1900 856 1940 100,
877 1903 896 1934 4

222 1957 286 1988 Non
303 1958 401 1997 mayis
418 1975 463 1980 -—
477 1968 580 1998 quam,
600 1954 640 1990 C.
661 1957 693 1997 9,
715 1956 744 1989 1.

219 2013 283 2044 Non
301 2023 359 2054 quo
376 2014 576 2046 attractione
594 2018 699 2046 ortum
717 2023 758 2046 ex
775 2023 833 2044 non
848 2015 940 2054 quod,
956 2014 990 2045 C.
1008 2013 1062 2053 34,
1081 2016 1113 2047 2.

220 2069 287 2101 Non
302 2086 346 2092 —
363 2079 458 2110 neque
471 2079 529 2112 pro
546 2080 642 2111 neque
655 2087 700 2093 —
712 2078 819 2110 neque,
847 2068 882 2101 C.
903 2069 957 2103 5‘2.
977 2069 1008 2101 6.

218 2125 283 2157 Non
300 2126 389 2157 modo
405 2143 451 2148 —
467 2127 519 2157 sed
536 2126 612 2168 quid
631 2125 764 2158 differat
787 2125 827 2157 ab
847 2136 904 2156 non
924 2126 1012 2157 modo
1024 2144 1070 2149 —
1087 2126 1141 2157 sed
1159 2131 1260 2166 ettam,
1287 2126 1323 2160 C.
1343 2127 1397 2166 18,
1415 2126 1448 2161 7.
1499 2128 1554 2168 39,
1572 2127 1604 2161 6.

219 2182 282 2213 Non
301 2183 341 2213 ita
361 2186 403 2213 cst
421 2182 589 2214 diversum
607 2193 626 2213 a
645 2193 701 2212 non
721 2186 763 2213 est
780 2183 834 2220 ilo,
862 2181 896 2213 C.
917 2181 971 2214 51.
994 2181 1045 2214 11.
1095 2182 1122 2215 Ι.
1140 2182 1195 2220 85,
1214 2182 1270 2215 ⁴2.

218 2238 276 2269 :Vos
290 2238 506 2281 scriptoribus
525 2237 676 2271 Romanis
695 2238 857 2269 interdum
876 2241 927 2269 est
946 2238 967 2269 i.
984 2248 1013 2280 q.
1030 2238 1168 2282 populus
1187 2237 1361 2279 Romanus,
1381 2238 1407 2272 Ι.
1426 2239 1482 2279 65,
1502 2240 1534 2272 2.

217 2294 315 2326 Nostri
333 2304 395 2326 non
414 2298 466 2326 est
483 2295 652 2335 genitivus
670 2293 823 2336 pluralis,
840 2294 876 2326 C.
896 2294 950 2328 33,
969 2293 1001 2326 2.
1053 2293 1077 2327 1.
1100 2293 1152 2333 14,
1174 2294 1226 2327 17.

216 2350 320 2382 Noster
333 2354 367 2382 et
380 2354 475 2382 voster
493 2355 556 2383 etc.
577 2349 727 2388 confusa,
761 2349 783 2382 Ι.
805 2349 860 2388 31,
879 2349 918 2389 ὓς
939 2347 1045 2390 7;25.

217 2407 316 2438 Novae
332 2417 378 2438 res
399 2406 419 2437 i.
440 2416 470 2448 q.
491 2405 646 2442 desectio,
674 2405 698 2438 Ι.
720 2404 774 2444 70,
798 2405 828 2438 1.

214 2462 329 2494 Novate
344 2472 390 2494 res
409 2462 431 2495 i.
451 2472 482 2504 q.
501 2461 734 2505 rempublicam
754 2461 900 2500 turbare,
921 2461 943 2494 l.
965 2461 1019 2501 39,
1039 2462 1071 2495 3.

213 2518 328 2550 Not-are
346 2519 483 2559 aliquam
500 2529 561 2549 rem
580 2518 600 2549 i.
619 2527 648 2559 q.
671 2517 805 2556 iterare,
824 2522 989 2560 repetere,
1015 2518 1038 2551 l.
1059 2518 1113 2552 30.
1133 2521 1163 2551 3.

214 2573 311 2605 Not-us
329 2575 350 2606 i.
371 2584 402 2617 q.
423 2574 583 2617 insolens,
603 2574 795 2612 inusitatus,
824 2573 859 2607 C.
879 2574 934 2613 51,
953 2575 984 2607 8.

212 2630 309 2662 Novus
328 2630 485 2672 quomodo
503 2629 634 2662 differat
651 2640 670 2662 a
688 2641 800 2670 recens,
827 2630 851 2663 Ι.
872 2629 926 2669 75,
944 2631 977 2663 8.

212 2687 308 2718 Novus
327 2687 414 2717 haum
432 2686 629 2729 contemptui
649 2685 710 2718 sui!
730 2686 906 2720 nobilibus.
934 2683 973 2719 C.
992 2687 1048 2720 23.
1068 2688 1098 2718 (i.
1150 2687 1173 2720 1.
1193 2689 1247 2721 85.
1269 2688 1322 2721 11.
