1630 3034
487 145 857 189 IUGURTHA.
918 146 1041 188 CAP.
1072 146 1151 187 lx.
1460 149 1515 189 47

127 265 279 326 cipsae
313 263 544 316 redderet,
580 262 754 306 dimisit.
826 262 996 306 Earum
1017 262 1231 307 sententia
1257 261 1371 307 haec
1396 268 1513 306 erat:

124 358 400 423 „Iugurthae
435 360 498 404 tui
533 359 656 403 bello
692 359 965 407 Numantino
1001 360 1140 419 longe
1180 374 1387 403 maxuma
1422 360 1547 410 vir-2

124 466 192 503 tus
229 459 333 515 fuit,
369 471 504 515 quam
536 471 633 500 rem
668 455 746 499 tibi
776 461 899 500 certo
937 456 1027 500 scio
1057 455 1226 516 gaudio
1263 471 1374 500 esse.
1418 457 1517 499 No-

122 556 190 598 bis
238 555 297 598 ob
343 553 500 597 merita
540 567 620 596 sua
665 567 790 596 carus
847 559 938 610 est,
985 553 1046 596 uti
1091 552 1212 596 idem
1259 553 1425 596 senatui
1473 558 1517 596 et

122 651 296 710 populo
327 651 536 693 Romano
573 648 649 705 sit,
686 664 858 693 summa
883 664 972 708 ope
1007 650 1207 693 nitemur.
1280 649 1387 692 Tibi
1413 649 1515 707 qui-

122 746 228 791 dem
264 762 352 807 pro
387 754 540 791 nostra
575 746 765 790 amicitia
800 746 1014 806 gratulor.
1085 745 1157 789 En
1191 745 1333 790 habes
1373 747 1515 790 virum

121 921 192 952 tate
212 918 364 952 deletum
382 920 480 961 vult3
512 919 624 953 nihilo
646 919 757 953 secius
779 922 894 953 tamen
923 918 958 951 in
979 918 1034 952 ed.
1062 918 1197 951 minore
1222 928 1291 951 non
1309 918 1448 952 delevit.
1469 937 1515 944 —

124 980 224 1013 Certo
245 980 313 1013 scio
334 981 411 1023 pari
429 981 503 1014 fere
520 981 617 1014 codd.
637 979 844 1014 auctoritate
856 980 1018 1013 firmatur
1037 983 1143 1022 atque
1167 984 1292 1013 certe
1315 980 1396 1021 scio,
1421 980 1515 1023 quod

121 1039 330 1074 Gerlachius
362 1039 398 1074 in
425 1041 561 1076 maiore
589 1042 643 1075 ed.
666 1039 850 1083 expressit,
885 1039 944 1073 sed
961 1039 997 1072 in
1017 1039 1207 1073 novissima
1226 1051 1305 1073 cum
1323 1045 1413 1073 certo
1436 1051 1515 1073 mu-

118 1099 219 1134 tavit.
267 1100 313 1134 Et
333 1111 415 1134 sane
442 1101 603 1136 usitatius
630 1100 700 1135 dici
723 1100 862 1134 videtur
883 1105 975 1134 certo
999 1101 1089 1141 scio,
1114 1110 1327 1143 quamquam
1350 1111 1419 1133 non
1442 1100 1514 1134 iam

120 1171 242 1194 verum
276 1164 439 1204 putamus
472 1162 678 1205 discrimen,
725 1161 821 1205 quod
860 1161 950 1195 inter
988 1165 1079 1195 certe
1109 1164 1144 1194 et
1181 1166 1272 1194 certo
1304 1160 1516 1194 intercedere

119 1221 269 1255 diximus
286 1221 329 1254 ad
349 1222 451 1256 Catil.
472 1222 529 1263 LI,
548 1222 605 1256 16.
625 1234 658 1265 p.
679 1222 760 1256 246.
808 1222 962 1255 Meliora
980 1220 1099 1255 docuit
1125 1221 1284 1255 Handius
1302 1221 1345 1255 de
1362 1221 1514 1256 Partiec.

120 1281 210 1315 Latt.
227 1282 304 1315 Vol.
316 1283 359 1318 11.
377 1294 410 1326 p.
429 1282 473 1316 15
483 1295 571 1327 sqq.,
597 1288 686 1317 certo
705 1281 878 1325 particula
894 1281 1067 1316 declarari
1087 1281 1296 1316 obiectivam
1314 1281 1512 1323 veritatem,

118 1342 154 1375 in
177 1354 216 1376 re
246 1342 323 1386 ipsa
350 1343 522 1387 positam,
555 1349 647 1378 certe
672 1354 757 1377 vero
782 1342 942 1386 usurpari
970 1343 1014 1376 ad
1043 1342 1271 1376 subiectivam
1298 1343 1341 1376 de
1367 1343 1515 1377 veritate

117 1403 397 1446 persuasionem,
422 1415 511 1448 quae
536 1404 697 1448 opinione
720 1403 841 1447 aliqua
865 1406 924 1437 aut
943 1402 1073 1436 iudicio
1091 1406 1241 1441 constat,
1274 1403 1512 1439 indicandam.

117 1464 165 1497 Ut
186 1463 222 1497 in
247 1463 326 1498 aliis
348 1463 459 1508 igitur
481 1450 690 1499 dictionibus
705 1465 911 1508 plerumque
928 1464 963 1497 in
982 1463 1104 1507 aprico
1125 1467 1199 1506 est,
1232 1469 1311 1498 utra
1340 1465 1514 1508 particula

117 1525 200 1568 poni
218 1525 356 1564 debeat,
379 1524 432 1558 ita
455 1535 477 1559 a
501 1524 681 1568 scriptoris
699 1529 815 1559 mente
836 1535 939 1568 saepe
955 1525 1099 1569 pendet,
1124 1529 1245 1559 utrum
1262 1530 1354 1560 certo
1378 1527 1446 1560 scio
1467 1537 1512 1560 an

116 1589 208 1618 certe
232 1585 301 1618 scio
327 1584 443 1618 dicere
470 1585 567 1619 velit.
598 1604 645 1610 —
680 1586 729 1620 Ob
760 1586 888 1620 merita
920 1596 1003 1620 sua
1036 1586 1134 1620 codd.
1165 1585 1347 1629 omnibus,
1377 1591 1513 1631 praeter

115 1646 143 1677 V
147 1649 209 1679 rat.
223 1645 259 1679 2.
285 1645 535 1688 confirmatum
562 1646 700 1681 Cottius
725 1658 791 1681 sua
814 1645 928 1681 eiecit.
944 1666 991 1673 —
1016 1647 1084 1681 Pro
1108 1647 1199 1681 idem
1222 1648 1371 1682 Bothius
1394 1648 1512 1682 conie-

114 1706 162 1740 cit
179 1705 401 1740 scribendum
428 1718 503 1740 esse
523 1708 626 1750 item,
652 1708 746 1751 quod
769 1718 852 1741 sane
875 1708 1097 1741 commodum
1125 1707 1337 1750 iudicarem,
1360 1709 1390 1743 si
1413 1708 1512 1743 codd.

114 1767 340 1810 praeberent3
364 1768 409 1801 cf.
429 1768 474 1801 ad
499 1768 600 1802 Catil.
629 1768 770 1810 XXVII,
792 1768 827 1802 2.
854 1779 888 1812 p.
910 1767 991 1816 227.
1040 1767 1111 1801 Sed
1139 1768 1228 1802 idem
1245 1779 1312 1802 non
1330 1769 1443 1803 solum
1462 1769 1512 1803 vi·

111 1827 160 1860 tio
177 1832 299 1869 caret,
323 1827 382 1861 sed
403 1828 509 1863 etiam
538 1828 684 1874 gravius
707 1828 838 1865 dictum
864 1827 976 1862 videri
999 1828 1128 1872 possit,
1164 1829 1285 1862 eodem
1312 1830 1513 1873 praedicato

111 1899 191 1921 cum
210 1888 245 1921 vi
263 1888 414 1932 quadam
430 1889 592 1933 repetito.
611 1908 645 1913 —
675 1888 904 1931 sequentium
921 1889 1111 1923 verborum
1132 1890 1320 1934 vulgatum
1352 1889 1510 1923 ordinem

110 1947 335 1990 reduximus,
368 1960 472 1992 quem
498 1949 642 1992 plurimi
669 1953 848 1992 praestant
872 1949 979 1990 libri;
1012 1950 1152 1984 Cortius
1188 1962 1231 1984 ex
1263 1950 1385 1985 Guelf.
1413 1949 1446 1984 5.
1476 1955 1511 1984 et

112 2009 141 2041 F
143 2009 253 2042 abric.
271 2009 306 2043 2.
331 2009 518 2053 scripserat
543 2010 693 2043 Senatui
713 2011 758 2044 sit
777 2015 810 2044 et
831 2021 912 2054 pop.
931 2011 1030 2044 Rom.
1056 2010 1268 2044 Gerlachius
1298 2021 1380 2044 vcro
1399 2009 1434 2043 in
1455 2010 1510 2044 ed.

112 2068 246 2102 minore
268 2068 377 2103 edidit
400 2070 545 2103 Senatui
560 2070 770 2113 populoque
794 2068 910 2113 Rom„
935 2074 976 2104 ut
995 2070 1096 2104 estin
1128 2070 1240 2105 Paris.
1264 2081 1296 2103 z.
1323 2070 1511 2106 Einsiedel.

113 2129 229 2161 Berol.
246 2128 280 2162 2.
300 2133 334 2163 et
354 2129 472 2163 Goerl.
509 2139 598 2172 quae
625 2128 731 2163 dictio
752 2132 790 2163 ut
818 2134 870 2164 est
888 2131 1000 2164 multo
1022 2121 1194 2174 usitatior,
1220 2130 1271 2165 ita
1290 2142 1360 2165 uon
1380 2132 1511 2166 intelli-

110 2188 220 2233 gitur,
245 2200 309 2222 cur
331 2188 468 2223 scribae
483 2189 521 2223 in
536 2190 685 2224 alteram
703 2190 850 2224 abirent.
862 2208 906 2217 —
928 2190 1099 2224 Gratulor
1117 2190 1255 2225 Cortius
1270 2203 1396 2236 parum
1414 2205 1510 2228 com-

111 2249 214 2282 mode
246 2247 497 2293 interpretatur
531 2261 586 2294 gr
598 2255 720 2284 atum
758 2251 906 2286 habeo
941 2251 1005 2286 tibi
1039 2251 1146 2285 talem
1177 2252 1291 2287 virum
1313 2254 1509 2299 contigisse,

109 2310 203 2353 quod
230 2309 480 2344 sententiarum
509 2310 612 2344 nexui
630 2311 733 2354 plane
757 2316 940 2357 repugnat.
986 2310 1062 2346 Non
1082 2311 1197 2346 minus
1215 2312 1332 2348 aliena
1353 2315 1400 2348 ab
1419 2315 1457 2348 h.
1483 2315 1507 2349 1.

109 2375 160 2403 est
191 2369 354 2403 Muelleri
377 2370 562 2414 explicatio
588 2372 700 2406 laetor
728 2377 897 2416 tecum,
924 2383 1073 2416 quocum
1102 2373 1235 2417 pariter
1264 2385 1376 2419 neque
1399 2377 1507 2410 verba

107 2441 171 2474 pro
198 2435 319 2464 nostra
346 2442 429 2464 απη.
466 2442 578 2475 neque
602 2433 780 2475 sequentia
808 2432 1026 2468 conveniunt.
1074 2433 1142 2468 Sed
1170 2435 1344 2479 optimum
1366 2447 1505 2471 sensmn

107 2491 238 2525 habent
256 2491 365 2525 verba
382 2492 523 2537 vulgari
539 2504 648 2536 eoque
664 2493 925 2539 simplicissimo
942 2494 1048 2529 modo
1067 2494 1262 2530 intellecta:
1293 2509 1362 2541 quo
1384 2509 1505 2532 sumus

108 2550 221 2584 arnico
236 2550 272 2583 in
295 2554 330 2584 tc
350 2551 468 2586 animo
496 2553 671 2588 laetamur
695 2555 737 2588 de
774 2559 834 2589 tua
869 2555 1055 2598 felicitate,
1088 2556 1147 2599 qui
1173 2558 1281 2591 talem
1304 2558 1419 2592 virum
1438 2559 1503 2592 ha-

107 2611 212 2650 beas,
239 2610 477 2655 laetitiamque
491 2617 642 2647 nostram
659 2614 723 2649 tibi
747 2616 984 2650 testificamur.
1004 2636 1048 2641 —
1071 2617 1126 2650 De
1142 2628 1182 2651 ex
1201 2617 1389 2661 particula,
1413 2629 1504 2662 qnae

109 2681 181 2703 rem
203 2677 375 2706 monstrat
401 2674 456 2706 vel
487 2678 701 2716 praesentem
734 2679 769 2710 et
796 2680 877 2711 ante
905 2677 1024 2711 oculos
1049 2678 1218 2721 positam,
1251 2679 1307 2711 vel
1336 2678 1370 2713 in
1393 2679 1501 2713 animi

107 2730 319 2773 cogitatione
339 2731 441 2766 sitam
456 2759 464 2775 ,
494 2745 525 2767 v.
546 2734 659 2769 Hand.
681 2735 723 2770 de
743 2736 889 2772 Particc.
912 2737 987 2773 Lat.
1008 2738 1081 2771 vol.
1102 2739 1146 2772 Π.
1169 2750 1200 2782 p.
1219 2738 1300 2774 367.
