1630 3034
412 159 774 213 IUGUARTHA.
838 158 974 207 CAP.
1004 158 1160 203 XCIII.
1377 164 1463 205 495

75 280 194 324 forte
238 279 423 339 quidam
457 279 599 339 Ligus
620 313 633 336 ‚
680 293 735 322 ex
771 275 1031 321 cohortibus
1067 277 1299 321 auxiliariis
1334 277 1460 320 miles

74 377 339 437 gregarius,
384 377 538 420 castris
582 380 794 434 aquatum
843 388 1049 433 egressus
1070 406 1082 429 ,
1129 374 1253 418 haud
1297 375 1458 434 procul

73 474 131 517 ab
152 474 307 528 *latere
342 473 540 529 castelli,
585 471 710 530 quod
751 485 957 514 avorsum
991 471 1310 530 proeliantibus
1352 479 1461 526 erat,

72 570 269 614 animum
313 570 506 613 advortit
547 570 659 612 inter
694 583 799 611 saxa
834 568 1027 627 repentis
1070 568 1305 623 cocllleas3
1352 585 1460 628 qua-

70 682 169 711 rum
212 682 350 725 quum
396 681 530 713 unam
575 672 710 724 atque
747 665 957 719 alteram,
1005 664 1108 708 dein
1143 666 1297 725 plures
1327 656 1460 726 pete-

69 769 166 818 ret,
221 763 367 807 studio
415 761 600 823 legundi
655 761 886 822 paullatim
931 777 1077 821 prope
1120 761 1180 805 ad
1237 778 1459 807 summum

70 861 230 905 montis
267 867 600 920 egressus‘est.
670 859 764 903 L‘bi
798 864 1038 918 postquam
1073 858 1353 903 solitudinem
1389 861 1497 912 in-3

0 948 5 951 ¹
69 958 254 1013 tellexit‚
287 972 413 1001 more
450 957 602 1017 ingeni
637 955 820 1000 humani
856 955 1021 1016 cupido
1058 955 1256 1001 difficilia
1290 957 1459 1000 faciun-

67 1112 163 1147 (leest
194 1112 231 1146 in
260 1113 332 1147 luc.
359 1114 406 1155 1,
438 1112 577 1146 Cottius
611 1116 742 1146 temere
775 1111 903 1146 omisit.
950 1110 1044 1144 mem
1070 1113 1214 1154 suerat,
1248 1111 1348 1146 cuius
1378 1113 1458 1149 loco

66 1174 233 1218 perpauci
260 1174 393 1207 habent
426 1179 521 1215 erat,
556 1185 644 1206 unus
679 1174 811 1207 alterve
837 1178 907 1216 est,
943 1176 1127 1215 propterea
1151 1172 1288 1206 delevit.
1338 1173 1460 1217 Neque

66 1235 202 1269 minore
247 1234 515 1279 imponar-itate
554 1235 714 1278 copulam
754 1235 863 1268 noctis
895 1232 972 1265 voci
1013 1233 1190 1275 additam,
1232 1234 1292 1266 sed
1324 1231 1362 1266 in
1388 1244 1458 1267 uuo

66 1296 207 1330 vratisl.
234 1296 268 1330 2.
293 1307 361 1329 non
385 1301 586 1337 exaratam,
612 1295 787 1339 expunxit.
815 1314 856 1319 —
884 1296 1057 1328 Aestuans
1082 1294 1105 1328 i.
1129 1305 1160 1328 e.
1185 1294 1309 1328 anxius
1332 1297 1367 1328 et
1389 1295 1458 1328 ‹lu-

65 1356 199 1398 bitans,
230 1356 347 1391 animo
373 1357 465 1390 curis
488 1357 558 1389 huc
591 1356 674 1389 illuc
708 1355 845 1400 agitato
878 1361 912 1389 et
942 1360 1080 1389 vexato.
1127 1355 1346 1389 Vocabulum
1369 1356 1458 1389 bene

65 1417 233 1461 explicuit
265 1417 502 1460 Forcellinus‚
538 1429 640 1460 quem
666 1428 699 1449 v,
725 1417 766 1450 T.
794 1417 819 1451 l.
854 1427 887 1459 p.
915 1415 993 1450 102.
1021 1416 1074 1450 ed.
1100 1416 1219 1450 Germ.
1245 1436 1291 1441 —
1314 1417 1368 1450 De
1394 1428 1457 1450 usu

64 1477 330 1522 praepositionis
367 1478 402 1511 in
436 1478 553 1511 serbis
589 1491 638 1511 es
678 1478 872 1511 cohortibus
903 1488 982 1509 ana·v
1018 1477 1116 1510 miles
1152 1488 1184 1509 v.
1218 1477 1262 1510 ad
1298 1488 1329 1512 c.
1362 1478 1455 1519 LXI,

65 1539 100 1573 4.
124 1558 171 1565 --
196 1541 364 1573 Avorsum
390 1543 500 1573 exstat
523 1539 558 1572 in
583 1539 665 1573 Seu.
689 1539 723 1571 1.
749 1542 783 1572 et
807 1538 919 1571 tribus
943 1537 1023 1571 aliis
1048 1537 1156 1571 Coi-tii
1182 1537 1302 1579 libris,
1327 1538 1456 1573 Palatt.

65 1599 100 1633 1.
123 1599 159 1633 3.
182 1599 218 1634 9.
244 1600 302 1633 10.
328 1599 384 1633 11.
408 1600 466 1633 12.
503 1601 617 1634 Mark.
642 1602 684 1634 A.
717 1610 765 1635 m.
789 1610 857 1633 sec,
896 1598 1007 1634 Paris.
1044 1610 1073 1633 c.
1098 1602 1133 1633 et
1159 1598 1263 1632 Misn.
1312 1598 1457 1633 Relicui

7 1681 12 1689 .
64 1664 183 1695 tenent
205 1661 411 1702 advorsum,
447 1662 538 1704 quod
565 1662 736 1694 Gruterus
759 1666 793 1695 et
817 1659 977 1694 Vv’assius
1000 1659 1230 1703 nequicquam
1255 1659 1454 1702 defendunt,

62 1720 181 1755 verbis
214 1721 311 1754 haud
341 1723 462 1766 procul
494 1723 740 1757 difficultatem
772 1733 913 1756 omnem
947 1721 1123 1755 sublatam
1149 1725 1337 1755 censentes.
1385 1721 1455 1755 Sed

62 1793 118 1815 res
139 1781 214 1825 ipsu
238 1782 387 1816 ostendit
411 1782 545 1816 nonnisi
567 1783 647 1817 loco
672 1795 694 1818 a
719 1795 837 1829 pugna
860 1783 947 1817 satis
967 1787 1096 1816 remoto
1120 1781 1197 1816 fieri
1221 1781 1386 1825 potuisse,
1412 1785 1452 1814 ut

62 1842 172 1888 Ligus
195 1842 286 1876 nihil
317 1842 546 1877 sentientibus
569 1843 729 1878 'Numidis
761 1844 796 1877 in
819 1854 995 1877 summum
1019 1847 1172 1877 montem
1196 1841 1377 1882 evaderem
1403 1845 1457 1874 ta-

37 1911 41 1916 '
64 1903 108 1938 lis
133 1907 249 1938 autem
273 1904 372 1938 locus
396 1909 470 1938 erat
495 1905 587 1937 latus
613 1905 747 1938 castelli
771 1903 1021 1948 proeliantibus
1047 1912 1204 1936 avorsum
1228 1901 1285 1934 vel
1306 1912 1454 1944 paene

62 1975 246 2004 avorsum,
276 1968 316 1997 ut
352 1964 541 1998 Sallustius
577 1964 747 1999 indicavit
778 1955 896 1998 verbis
928 1963 1048 1998 haud
1078 1961 1245 2007 procul
1269 1959 1312 1994 ab
1345 1961 1454 1995 latere

63 2028 128 2058 eet.
177 2025 269 2058 Rem
303 2028 421 2058 autem
450 2023 589 2056 conficit
621 2025 713 2067 hoc,
745 2026 834 2069 quod
867 2024 1015 2066 milites,
1051 2035 1138 2067 quos
1177 2021 1285 2068 Ligus
1316 2022 1452 2063 cadem,

0 2102 6 2110 ν
63 2096 136 2129 qua
158 2085 234 2129 ipse
257 2084 410 2129 primum
436 2083 647 2124 escenderat,
671 2084 708 2118 in
730 2085 911 2118 castellum
935 2085 1094 2126 ducebat,
1118 2081 1290 2124 Numidis,
1313 2092 1454 2125 pugnae

63 2146 308 2180 Romanorum
333 2143 485 2185 intentis,
510 2148 650 2187 repente
673 2156 696 2178 a
720 2150 821 2190 tergo
846 2144 1011 2179 institisse
1035 2148 1238 2184 narrantum
1263 2154 1297 2179 v,
1326 2143 1450 2186 XCIV,

63 2205 98 2241 5.
137 2205 375 2241 Nihilominus
399 2205 629 2247 Gedachius,
662 2204 695 2238 in
722 2205 988 2240 Commentariis
1012 2217 1156 2249 prorsus
1179 2208 1313 2246 tacens,
1336 2202 1372 2236 in
1396 2202 1451 2236 ed.

61 2267 254 2303 novissima
291 2267 477 2301 advorsum
509 2265 666 2310 scripsit,
699 2267 794 2301 haud
823 2266 927 2301 dubie
962 2278 1031 2310 non
1056 2265 1248 2300 rationibus
1271 2276 1291 2299 e
1313 2276 1351 2298 re
1374 2264 1451 2308 ipsa

61 2326 180 2369 petitis
201 2331 397 2370 permotus,
430 2327 488 2360 sed
513 2337 619 2360 coeca
642 2328 910 2372 superstitione,
944 2313 1016 2371 qua”
1038 2338 1080 2361 ex
1101 2327 1200 2361 codd.
1223 2326 1342 2370 paucis
1367 2329 1450 2370 peh-

61 2386 140 2428 det,
164 2386 300 2420 ductus.
323 2407 368 2412 —
393 2389 555 2422 Animum
580 2389 733 2423 advortit
754 2388 806 2424 ita
838 2387 967 2434 legitur
998 2387 1034 2421 in
1058 2387 1198 2422 Fabric.
1230 2386 1348 2428 Rivii,
1379 2386 1450 2420 Na-

61 2456 134 2480 zar.
159 2447 333 2480 Commel.
357 2448 474 2484 Mark.
498 2451 541 2483 Γ.
566 2449 649 2482 Bas.
674 2449 708 2484 1.
730 2449 834 2484 Rem.
862 2450 892 2482 1.
916 2448 1031 2482 Paris.
1055 2460 1086 2482 c.
1112 2459 1145 2482 x.
1168 2459 1198 2481 z.
1223 2452 1258 2482 et
1277 2446 1449 2483 Goerlit.=

61 2506 185 2541 relicui
209 2518 329 2541 omnes
351 2507 483 2543 habent
515 2509 787 2551 animadvertit3
819 2519 855 2541 v.
889 2509 934 2543 ad
961 2520 992 2542 c.
1015 2509 1142 2550 Lxlx,
1170 2508 1204 2542 1.
1221 2526 1267 2534 —
1290 2507 1449 2542 Structu-

59 2578 138 2602 ram
169 2568 218 2602 ad
251 2579 418 2602 nummum
449 2571 619 2605 montis
655 2569 909 2604 illustravimus
942 2570 987 2604 ad
1017 2581 1048 2603 c.
1073 2569 1245 2609 XXXVII,
1269 2568 1304 2604 4,
1329 2588 1372 2594 -—
1397 2569 1448 2602 De

61 2638 164 2662 sensu
186 2628 286 2663 verbi
311 2640 469 2674 egressus
491 2642 526 2663 v.
551 2631 596 2664 ad
621 2641 651 2664 c.
678 2631 753 2672 Lx,
776 2630 810 2664 6.

152 2690 186 2731 §-
212 2688 247 2723 3.
295 2700 389 2724 more
421 2690 545 2736 ingeni
580 2691 726 2725 humani
756 2691 879 2735 cupido
913 2690 1074 2734 difficilia
1098 2689 1262 2735 faciundi
1293 2689 1448 2723 animum

63 2748 192 2793 vortit]
216 2749 476 2784 Revocavimns
509 2761 591 2784 cnm
616 2751 807 2786 Gerlachio
829 2750 1010 2795 antiquam
1041 2751 1250 2796 scripturam
1267 2777 1275 2789 ,
1298 2749 1448 2784 mirifico
