1630 3034
403 162 763 231 IUGURTHA.
822 188 946 232 CAP.
981 188 1110 233 (ΝΠ.
1341 189 1426 232 57⁸1

49 308 111 352 cis
146 307 331 352 strenuis
365 304 605 349 advorsum
643 303 967 350 multitudinem
1001 305 1117 350 bene
1151 309 1427 365 pugnatum3

48 409 213 464 quanto
249 403 332 448 sibi
366 402 412 446 in
445 402 618 462 proelio
653 402 796 446 minus
829 402 1160 462 pepercissent,
1196 407 1318 446 tanto
1353 407 1426 446 tu—

45 501 180 546 tiores
215 499 338 554 fore3
372 514 456 544 nec
496 514 767 558 quemquam
808 498 991 555 decere,
1032 499 1109 557 qui
1156 513 1309 543 manus
1353 513 1428 542 ar-

46 597 246 654 maverit,
280 596 338 640 ab
372 595 550 640 inermis
583 596 774 656 pedibus
806 596 1013 640 auxilium
1038 600 1211 656 petere,
1249 595 1296 640 iu
1329 610 1430 639 ma·-

47 709 182 739 xumo
216 698 341 738 metu
374 692 544 737 nudum
579 698 624 737 et
658 707 843 736 caecum
879 707 1040 753 corpus
1069 691 1129 736 ad
1156 690 1294 736 hostis
1323 700 1431 737 vor-

46 796 154 836 tere.
224 788 400 835 Deinde
427 788 659 848 Volucem,
687 789 896 849 quoniam
929 788 1106 834 hostilia
1140 788 1323 846 faceret,
1351 787 1468 841 Io-2

46 901 107 937 20.
154 901 373 936 Proditorum
397 901 564 944 consilia'‚
588 900 648 946 qui
669 902 815 946 rapinas
839 902 1038 937 instaurare
1061 900 1223 946 cupiunt,
1255 903 1289 934 et
1312 909 1433 933 rursus

48 964 235 998 advorsum
267 963 348 997 deos
377 962 517 1007 penatis
548 973 702 996 manus
733 974 918 997 armare.
959 963 1130 997 Perverso
1164 961 1273 1007 igitur
1303 959 1434 994 iudicio

50 1023 261 1058 Gerlachius
287 1023 324 1057 in
357 1022 552 1056 Comment.
582 1034 616 1066 p.
647 1022 729 1058 332.
778 1023 956 1066 ,‚Nescio,
986 1024 1119 1067 inquit,
1152 1033 1195 1056 an
1229 1020 1334 1055 lectio
1356 1021 1435 1054 vat.

49 1082 85 1119 5.
108 1085 204 1118 Flor.
228 1084 262 1118 2.
285 1083 342 1117 21.
376 1094 501 1127 quem
533 1093 656 1117 manus
687 1085 875 1119 armaverit
897 1085 1133 1128 praeferenda.
1180 1082 1324 1116 Dictum
1348 1091 1434 1125 pro:

51 1144 149 1178 cuius
182 1155 307 1178 manus
339 1146 475 1178 armata
506 1143 561 1179 sit.
608 1144 648 1178 ld
670 1143 763 1178 enim
786 1145 940 1178 solemne
965 1144 1131 1187 SalustiO,
1154 1147 1194 1178 ut
1216 1143 1354 1187 saepius
1377 1153 1434 1175 rc-

50 1206 116 1240 bus
133 1205 209 1239 vim
232 1204 360 1250 agendi
385 1204 556 1239 tribuat.“
570 1223 615 1229 —-
640 1205 785 1239 Inermis
807 1216 875 1238 non
900 1205 1014 1239 solum
1037 1206 1142 1249 longe
1168 1203 1311 1248 plurimi
1336 1201 1435 1236 codd.

50 1270 213 1308 tuentur,
236 1266 298 1299 sed
320 1265 426 1300 etiam
449 1265 583 1301 Nonius
605 1265 704 1306 vul,
735 1263 794 1299 75.
826 1277 861 1298 v.
893 1269 1058 1300 annotata
1088 1266 1132 1299 ad
1163 1264 1265 1299 Catil.
1289 1274 1319 1297 c.
1344 1262 1437 1303 le,

50 1327 87 1364 5.
109 1320 155 1352 -ss-
187 1327 366 1362 Nudum
398 1338 519 1371 corpus
551 1325 751 1369 saepissime
782 1325 909 1360 dicitur
940 1338 1065 1371 corpus
1097 1326 1231 1360 inerme
1261 1322 1437 1366 nullisque

51 1387 160 1423 armis
184 1391 338 1429 tectum;
363 1387 410 1422 cf.
434 1387 699 1421 Drakenborch.
724 1386 769 1420 ad
793 1386 870 1420 Liv.
894 1387 937 1429 V,
959 1387 1023 1428 43,
1049 1386 1084 1422 3.
1131 1386 1168 1420 N
1175 1384 1268 1418 uda
1292 1393 1437 1428 corpora

53 1453 88 1484 et
109 1448 225 1482 soluta
248 1458 364 1481 somno
387 1447 618 1482 trucidantur.
641 1467 688 1473 —-
722 1448 902 1482 Coccum
926 1456 1046 1492 corpus
1070 1446 1209 1480 Cottius
1233 1448 1326 1478 recte
1348 1441 1438 1477 vidit

51 1507 260 1552 capiendum
293 1518 367 1542 esse
398 1508 441 1542 de
472 1518 578 1542 coeca
606 1508 763 1552 corporis
791 1513 914 1553 parte,
944 1519 1014 1552 qua
1036 1506 1230 1551 periculum
1254 1503 1439 1538 imminens

51 1579 123 1602 non
153 1568 465 1610 animadvertitur,
498 1579 610 1612 neque
639 1568 750 1602 vitari
780 1572 905 1612 potest,
934 1567 959 1601 i.
990 1580 1021 1601 e.
1052 1568 1095 1600 de
1117 1572 1229 1611 tergo.
1277 1565 1439 1598 Ceterum

52 1627 125 1662 iam
148 1627 321 1663 victorius
347 1630 419 1664 VV.
442 1630 512 1664 LL.
535 1630 590 1671 11,
623 1629 657 1664 2.
682 1629 884 1663 observavit
906 1627 1124 1663 simillimam
1149 1625 1354 1661 sententiam
1377 1636 1439 1659 ex-

53 1691 147 1722 stare
169 1688 263 1732 apud
285 1689 554 1734 Xenophontem
577 1688 614 1723 in
637 1689 833 1734 Cyropaed.
859 1689 918 1731 111,
934 1688 967 1728 3,
987 1687 1056 1732 45„
1082 1699 1186 1731 quam
1210 1687 1269 1721 vix
1293 1686 1439 1721 dubium

46 1753 107 1784 ,est
129 1749 214 1793 quin
237 1749 424 1784 Sallustius
447 1749 642 1784 imitatione
663 1749 879 1794 expresserit.
923 1749 1038 1784 Verba
1061 1749 1150 1783 haec
1174 1751 1274 1784 sunt:
1296 1744 1440 1791 ,Μωρὸν

53 1809 125 1855 γὰρ
156 1809 199 1846 τὰ
231 1813 378 1856 κρατεῖν
409 1810 658 1858 βουλομένους
687 1809 733 1847 τοὶ
769 1810 891 1856 τυφλοὶ
921 1812 992 1847 τοῦ
1022 1810 1190 1856 σώματος
1221 1808 1283 1844 καὶ
1317 1804 1440 1843 ἄοπλοι

55 1871 119 1907 καὶ
142 1868 271 1917 ἄχειρα
293 1873 414 1908 ταῦτα
438 1871 596 1915 >ἐναντίοι
625 1870 771 1907 τάττειν
794 1876 874 1913 τοῖς
895 1873 1084 1916 πολεμίοις
1109 1869 1326 1917 φεύγοντας.
1355 1869 1442 1903 ’Λᾶ

56 1933 163 1967 hostis
183 1939 372 1968 vortere
404 1937 524 1968 autem
556 1945 624 1967 non
656 1933 776 1966 valere
798 1935 909 1976 potest
932 1933 1082 1966 hostibus
1106 1943 1357 1977 opponere,
1381 1929 1441 1964 sed

56 1993 301 2027 tantummodo
331 1993 485 2028 hostibus
524 1993 753 2038 praebere
792 1992 866 2026 sivc
897 1993 1044 2027 hostium
1078 1993 1221 2037 impetui
1263 2002 1442 2037 exponere,

58 2063 166 2097 quam
189 2053 397 2088 sententiam
414 2057 531 2100 fugae
554 2053 670 2095 notio,
699 2053 744 2088 ad
768 2064 873 2097 quam
898 2054 1077 2096 alluditur,
1101 2053 1257 2097 requirit.

151 2114 187 2159 5.
210 2114 246 2149 2.
270 2118 304 2148 et
325 2114 362 2149 3.
384 2115 498 2148 Iovem
521 2114 733 2158 maxumum]
782 2113 919 2149 Cortius
942 2126 984 2149 ex
1006 2115 1157 2160 quinque
1181 2114 1278 2149 codd.
1304 2113 1444 2147 inverso

61 2174 181 2209 ordine
213 2174 352 2219 scripsit
385 2186 477 2209 max.
510 2174 594 2217 Ιου.,
627 2175 806 2208 libidinem
839 2174 976 2219 potius,
1001 2186 1107 2218 quam
1130 2187 1250 2209 verum
1274 2174 1443 2210 iudicium

60 2237 214 2269 secutus.
240 2254 284 2260 -
321 2236 376 2269 Ex
400 2239 480 2270 ause
503 2236 647 2277 castris,
671 2235 763 2279 quod
785 2235 821 2269 in
844 2235 1018 2269 nonnullis
1042 2236 1141 2271 codd.
1163 2236 1279 2276 deest,
1305 2237 1399 2269 recte
1421 2243 1445 2268 a

60 2294 238 2339 plerisque
269 2295 461 2331 editoribus
491 2296 528 2330 in
559 2300 690 2331 textum
730 2299 905 2339 receptum
937 2296 1090 2330 Weisius
1127 2295 1260 2330 uncinis
1294 2294 1446 2337 inclusit,

32 2350 35 2357 ’
61 2365 133 2389 non
163 2355 312 2390 sentiens
344 2360 556 2400 quantopere
589 2357 754 2390 discessus
785 2356 880 2391 notio
911 2357 1082 2400 particula
1114 2356 1231 2391 addita
1261 2359 1446 2400 augeatur.

63 2415 111 2448 ct'.
146 2426 178 2451 c.
208 2415 357 2459 XXXV,
394 2417 430 2452 1.
476 2418 634 2451 Massiva
653 2418 827 2461 profugus
849 2428 891 2450 ez·
914 2419 1038 2461 Africa
1062 2418 1208 2452 abierat.
1234 2416 1389 2460 vaffl,
1413 2416 1446 2450 1.

65 2476 228 2510 Metellus
257 2477 447 2520 paullisper
476 2481 624 2511 moestus
655 2488 673 2510 e
705 2482 886 2521 conspectu
909 2479 993 2512 abit.
1025 2496 1070 2505 —
1102 2479 1218 2512 Scelus
1242 2482 1346 2521 atque
1364 2488 1448 2522 per-

57 2537 154 2581 fidia
190 2547 294 2580 saepe
324 2536 568 2581 coniungitur3
600 2538 646 2570 cf.
681 2537 826 2582 Fragm.
859 2537 1010 2571 llistorr.
1041 2539 1068 2580 1,
1093 2537 1150 2581 15,
1178 2538 1213 2572 1.
1263 2538 1373 2579 Quum
1397 2537 1450 2571 illi

66 2607 145 2642 spes
168 2598 278 2630 omnis
309 2597 347 2631 in
371 2599 544 2632 scelere
577 2603 715 2642 atque
736 2599 950 2643 perfidia
974 2600 1032 2635 sit.
1079 2599 1153 2634 Cic.
1177 2610 1212 2642 p.
1239 2598 1349 2633 Rosc.
1368 2599 1448 2632 Am.

67 2668 98 2691 c.
122 2657 180 2699 38,
204 2657 284 2691 109.
332 2657 477 2692 Nullum
502 2669 573 2692 esse
597 2659 768 2703 officium,
793 2660 926 2693 nullum
949 2659 1022 2701 ius,
1055 2660 1146 2704 quod
1167 2670 1234 2692 non
1259 2659 1329 2692 eius
1353 2669 1449 2692 sce·

69 2717 140 2751 lus
173 2723 311 2762 atque
339 2718 552 2763 perfidia
585 2720 737 2753 violarit.
763 2719 916 2764 Philipp.
940 2720 1002 2761 xl,
1025 2719 1060 2761 2,
1086 2718 1120 2754 5.
1168 2720 1318 2753 Dextrae
1340 2729 1450 2762 per-

65 2777 199 2821 fidia
229 2783 310 2814 sunt
342 2783 383 2814 et
414 2779 590 2814 scelere
618 2780 786 2817 violatae.
817 2781 896 2817 Iaiv.
928 2781 1001 2824 XL,
1030 2779 1096 2822 39,
1126 2779 1162 2816 9.
1218 2779 1378 2814 Scelus
1409 2783 1452 2815 et

137 2849 195 2894 11.
1112 2851 1180 2896 3⁴5
