1630 3034
349 197 692 242 GATl-LINA.
738 197 874 240 CAP.
905 195 1079 239 XXVII.
1318 197 1402 238 12³1

18 325 173 364 tanum
220 317 303 362 sibi
347 318 446 362 fore
501 315 728 362 credebat.
808 313 983 358 Interea
1028 313 1206 356 Romae
1261 311 1402 356 multa
1418 313 1446 351 2

20 410 151 454 simul
195 408 370 463 moliri,
420 405 619 452 Consuli·
652 405 830 450 insidias
883 403 1092 459 tendere,
1137 418 1298 462 parare
1331 402 1402 446 in-

23 500 209 555 cendia,
255 504 511 559 opportuna
543 497 648 543 loca
682 485 857 541 armatis
888 494 1145 538 hominibus
1181 493 1431 549 obsidere,-

22 591 120 650 ipse
155 605 258 636 cum
295 591 389 634 telo
435 604 553 645 esse,
599 589 706 633 item
753 588 860 632 alios
905 587 1082 641 iubere,
1125 585 1296 629 hortari
1338 584 1404 628 uti

19 755 102 799 quia
125 755 162 790 in
185 754 304 790 Gucll'.
330 753 386 802 10.
424 755 457 790 ei
489 766 553 799 pro
577 755 642 788 sibi
677 753 831 799 legitur,
865 751 1013 795 (lenique
1045 750 1128 795 quia
1159 752 1225 785 sibi
1258 751 1293 784 in
1315 760 1403 784 non-

21 814 126 846 nullis
150 803 229 847 :iltis
253 814 370 846 locum
396 816 520 846 mutat.
569 812 637 845 Sed
656 815 737 855 sore
761 810 845 844 satis
869 811 1030 843 firmatur
1053 809 1150 842 codd.
1176 808 1404 846 auctoritate3

19 871 85 903 eibi
107 875 245 911 autem,
270 869 359 913 quod
386 869 498 902 minus
521 869 686 912 praesidii
711 880 732 902 a
756 867 857 901 libris
880 879 961 900 mss.
985 868 1118 900 habere
1148 866 1307 906 videtur,
1331 864 1406 897 sine

19 928 209 962 sententiae
232 927 438 961 detrimento
468 929 587 961 abesse
618 938 687 959 non
717 929 849 970 potest,
878 925 969 969 quia·
986 928 1061 958 tum
1095 928 1303 968 opportunus
1335 933 1405 965 quo

19 984 192 1027 pertineat
213 996 282 1018 non
305 984 390 1019 satis
413 989 506 1018 recte
528 988 640 1028 potest
662 982 825 1028 intelligi.

113 1043 146 1084 §-
170 1042 203 1075 2.
253 1054 327 1076 cum
361 1042 428 1075 telo
464 1043 557 1085 esse]
591 1041 764 1075 Formula
797 1051 839 1073 ex
870 1038 1009 1083 legibus
1043 1038 1110 1074 xl]
1137 1037 1254 1072 Tabb.
1285 1036 1405 1082 petita,

20 1097 156 1141 quibus,
179 1100 218 1132 ut
240 1099 320 1143 lege
343 1099 518 1141 Cornelia,
540 1099 632 1132 istud
656 1097 873 1141 prohibitum
898 1101 992 1136 erat,
1026 1097 1100 1130 Cat.
1130 1097 1257 1140 XLIX,
1287 1095 1322 1129 5.
1348 1095 1408 1140 qui

20 1166 97 1188 cum
132 1156 210 1188 telis
243 1160 354 1190 erant.
413 1157 454 1197 L,
478 1156 512 1189 2.
547 1155 620 1189 Cic.
652 1167 686 1198 p.
719 1154 798 1187 Mil.
832 1166 863 1187 e.
882 1154 916 1196 4,
944 1154 1001 1187 ll.
1034 1155 1112 1199 ipsa
1144 1154 1198 1187 lez·
1234 1164 1306 1187 esse
1331 1164 1408 1185 cum

21 1213 89 1245 telo
111 1212 268 1246 -homa‘nis
303 1213 481 1246 occidendi
514 1224 637 1246 caussa
669 1217 777 1246 vetat.
811 1211 859 1245 ib.
880 1211 938 1252 24,
963 1210 1022 1246 66.
1056 1213 1214 1245 inventus
1249 1214 1320 1252 esi,
1351 1209 1410 1254 qui

24 1268 190 1302 Milonem
224 1281 300 1303 cum
332 1272 399 1304 telo
433 1282 505 1304 esse
536 1271 675 1304 diceret.
723 1269 797 1304 Cic.
827 1269 864 1303 in
897 1269 1000 1303 Catil.
1023 1270 1052 1310 Ι,
1075 1269 1110 1311 6,
1128 1267 1186 1302 15.
1218 1273 1253 1303 te
1275 1269 1412 1302 stetisse

21 1326 62 1359 in
92 1326 226 1359 comitio
269 1337 344 1359 cum
377 1328 455 1360 telo.
519 1327 651 1360 Eadem
682 1326 817 1359 ratione
852 1326 1014 1360 dicebant
1046 1338 1118 1360 esse
1149 1337 1226 1359 cum
1255 1326 1412 1369 imperio,

24 1394 102 1416 cum
125 1389 222 1428 toga,
248 1384 293 1418 cf.
317 1383 390 1421 Cic.
413 1385 504 1428 Epp.
529 1384 573 1418 ad
596 1384 627 1417 F
630 1395 735 1417 amm.
751 1383 779 1426 1,
799 1383 832 1418 1.
855 1383 945 1424 v,-9.
971 1383 1059 1417 Sall.
1084 1384 1232 1427 Fragm.
1255 1383 1409 1417 Histoi-r.

24 1440 53 1481 1,
66 1440 126 1480 19,
152 1442 185 1483 5.
204 1441 238 1476 7.
263 1441 375 1475 Coum.
420 1441 586 1475 Eiusdem
611 1440 750 1485 generis
773 1444 844 1482 est,
868 1452 945 1474 cum
970 1444 1070 1485 serre
1094 1452 1188 1482 esse,
1218 1452 1294 1474 curn
1310 1443 1411 1483 ferro

23 1498 191 1533 invadere
224 1499 262 1531 in
292 1499 465 1542 aliquem,
498 1498 592 1541 quod
622 1497 803 1542 Zumptius
838 1496 997 1534 Gramm.
1032 1499 1110 1532 Lat.
1143 1500 1175 1541 §-
1203 1498 1263 1539 721,
1292 1498 1350 1538 11,
1375 1498 1411 1533 2.

22 1566 59 1599 p.
91 1554 186 1593 36&
208 1559 302 1590 recte
334 1556 545 1600 explicavit3
579 1566 764 1599 perperam
794 1566 876 1589 vero
910 1554 1075 1589 Bremius
1110 1556 1157 1589 ad
1183 1554 1271 1598 Nep.
1295 1555 1411 1588 Alcib.

21 1612 67 1652 X,
83 1611 118 1646 4.
153 1612 196 1646 de
217 1612 402 1647 hominum
439 1617 656 1648 armatorum
688 1613 930 1647 coniunctione
961 1613 1099 1656 accipit.
1121 1631 1168 1638 -
1202 1613 1291 1646 Item
1323 1613 1413 1648 alios

22 1668 140 1707 iubere
164 1679 213 1703 sc.
254 1681 331 1703 eum
362 1672 430 1704 telo
462 1682 546 1704 esse.
610 1670 663 1704 Ab
704 1671 775 1704 hac
809 1669 960 1714 simplici
999 1669 1221 1704 construendi
1262 1670 1412 1710 ratione,

23 1736 130 1769 quam
160 1725 300 1760 Cottius
330 1732 425 1762 recte
456 1728 694 1771 indicaverat,
734 1733 868 1763 temere
909 1727 1065 1761 discessit
1095 1728 1288 1769 Miillerus,
1326 1728 1413 1762 item

26 1783 205 1826 explicans
237 1785 396 1819 similiter
420 1788 564 1828 facere,
599 1786 692 1818 idem
719 1788 863 1829 facere,
899 1784 923 1818 i.
949 1795 979 1818 e.
1003 1785 1150 1818 eandem
1181 1797 1267 1819 rem.
1321 1785 1414 1820 Nam

23 1841 108 1874 item
132 1839 316 1884 particula,
341 1853 411 1885 qua
433 1842 546 1876 voluit
568 1843 744 1877 obiectum
767 1842 868 1876 verbi
891 1842 1006 1876 iubere
1028 1841 1234 1887 significari,
1258 1845 1415 1877 tantum-

23 1898 133 1932 modo
155 1898 363 1942 praedicatis
387 1899 627 1934 connectendis
650 1899 848 1940 adhibetur,
872 1899 942 1943 ita,
965 1902 1006 1933 ut
1027 1900 1132 1933 modo
1156 1900 1283 1941 etiam,
1305 1900 1415 1934 modo

26 1956 180 1999 pariter,
203 1956 310 1990 modo
330 1963 519 2000 praeterea
540 1957 601 1990 vel
625 1958 673 1990 ad
696 1958 759 1990 hoc
788 1957 925 1997 valeat3
962 1957 1007 1991 cf.
1030 1958 1114 1991 Em.
1138 1957 1282 1991 Weberi
1301 1958 1416 1992 Exer-

29 2015 141 2050 citatt.
168 2015 263 2059 styli
283 2016 361 2049 Lat.
385 2014 430 2048 T.
448 2015 476 2047 Ι.
501 2025 535 2057 p.
558 2014 641 2048 257.
688 2015 742 2048 Ita
765 2015 859 2058 apud
882 2014 1049 2048 Nostrum
1071 2014 1189 2048 statim
1212 2019 1290 2059 post
1321 2018 1354 2057 §-
1378 2016 1414 2049 4.

26 2073 259 2108 ste-Manlium
289 2072 513 2117 praemisisse
545 2072 594 2105 ad
617 2083 696 2105 eam
727 2073 1006 2113 multitudinem,
1030 2091 1076 2097 ——
1099 2072 1211 2105 item
1234 2073 1321 2105 alios
1346 2072 1413 2115 (sc.

27 2130 268 2174 praemisisse)
295 2130 334 2163 in
364 2130 439 2163 alia
462 2129 539 2161 loca
560 2135 763 2172 opportuna.
795 2141 823 2164 c.
840 2130 949 2171 XLII,
976 2129 1011 2164 3.
1044 2130 1231 2173 complures
1253 2129 1417 2163 Metellus

26 2187 76 2221 ἐπ·
95 2187 236 2221 vincula
269 2188 486 2226 coniecerat3
516 2186 601 2219 item
631 2186 669 2219 iu
700 2187 862 2220 ulteriore
899 2187 1017 2220 Gallia
1054 2187 1091 2220 C'.
1124 2187 1293 2229 Murena,
1332 2186 1360 2220 i.
1383 2196 1416 2221 e.

25 2245 172 2288 pariter.
210 2245 297 2289 Jug.
316 2245 443 2287 XCIX,
462 2244 497 2277 1.
521 2243 565 2277 de
591 2243 772 2287 improviso
795 2245 940 2289 vigiles,
970 2244 1081 2278 item
1103 2244 1314 2286 cohortium,
1337 2248 1415 2278 tur-

28 2313 186 2344 marum,
221 2303 398 2347 legionum
424 2301 592 2336 tubicines
615 2302 717 2334 simul
746 2302 854 2334 omnis
885 2304 990 2347 signa
1014 2314 1157 2344 canere,
1182 2301 1208 2337 ἰ.
1234 2314 1264 2336 e.
1290 2302 1417 2347 vigiles

29 2357 132 2403 signa
154 2370 297 2401 canere,
320 2360 369 2392 ad
392 2360 453 2392 hoc
476 2358 647 2392 tubicines
669 2358 772 2403 signa
795 2369 928 2393 canere.
961 2359 1008 2393 ib.
1034 2360 1072 2401 C,
1094 2360 1129 2393 4.
1159 2360 1233 2403 ipse
1257 2365 1416 2394 armatus

31 2416 268 2460 intentusque,
302 2417 412 2450 item
445 2415 570 2449 milites
594 2417 750 2460 cogebat,
773 2415 798 2449 i.
825 2427 853 2450 e.
879 2417 985 2450 etiam
1020 2428 1068 2450 m.
1092 2428 1170 2461 cog.
1197 2429 1243 2450 sc.
1267 2417 1418 2451 intentos

31 2484 118 2507 esse.
167 2473 249 2506 Ter.
274 2474 401 2507 Heaut.
427 2473 489 2515 111,
513 2472 546 2515 1,
575 2471 610 2506 8.
641 2473 672 2506 si
707 2484 747 2506 ex
780 2475 892 2517 capite
925 2476 971 2508 sis
993 2487 1068 2508 meo
1091 2479 1217 2516 natus,
1242 2476 1353 2509 item
1376 2479 1416 2508 ut

34 2531 136 2564 aiunt
160 2531 356 2564 Minervam
381 2541 452 2564 esse
477 2541 517 2563 cx
542 2530 642 2571 Iove,
667 2529 690 2562 i.
717 2541 747 2563 e.
781 2533 819 2564 ut
841 2531 938 2565 aiunt
962 2534 1068 2566 etiam
1098 2532 1186 2566 Min.
1210 2536 1277 2567 etc.
1327 2534 1416 2567 Item

33 2599 169 2632 semper
203 2589 247 2622 ad
272 2588 511 2632 praedicatum
545 2586 619 2620 sive
652 2587 793 2620 verbum
819 2593 998 2631 spectare,
1033 2601 1146 2633 neque
1177 2589 1306 2623 obiecti
1338 2591 1417 2624 loeo

34 2655 133 2687 esse,
157 2645 249 2689 quod
272 2656 294 2679 a.
325 2646 432 2679 verbo
455 2645 621 2688 pendeat,
645 2644 838 2678 clarissime
869 2647 969 2680 docet
999 2648 1097 2680 locus
1121 2647 1281 2681 Caesaris
1303 2648 1346 2683 B.
1373 2648 1417 2681 G.

34 2701 65 2744 1,
79 2701 115 2747 3,
133 2701 168 2737 5.
206 2702 389 2748 Orgetorix
409 2701 668 2747 persuadet
696 2702 850 2745 Castico,
883 2708 922 2739 ut
945 2715 1093 2750 regnum
1115 2705 1156 2739 in
1178 2704 1320 2740 civitate
1352 2715 1418 2739 sua
