1630 3034
129 204 213 245 29⁰
485 196 533 239 G.
562 192 902 238 SALLUSTI
932 190 1151 236 GRISPI

131 314 335 375 pudore,
392 327 495 359 cum
546 315 782 358 innocente
836 281 1096 356 abstinentia
1148 308 1370 363 certabat3
1414 325 1508 355 esse

131 422 266 465 quam
301 405 442 463 videri
477 405 620 449 bonus
653 404 876 457 malebat3
917 405 979 449 ita
1012 416 1105 462 quo
1138 403 1281 449 minus
1316 402 1508 462 gloriam

102 498 341 558 jpetebat,
378 512 434 541 eo
464 497 610 558 magis
643 496 923 555 sequebatur.

268 587 367 635 LV.
435 588 702 647 Postquam,
745 593 795 632 ut
837 587 953 644 dixi,
1006 586 1193 631 Senatus
1236 584 1284 629 in
1328 583 1510 629 Catonis

129 681 390 726 sententiam
432 679 654 735 discessit,
698 679 866 725 Consul
908 684 1144 738 optumum
1188 678 1357 723 factum
1390 681 1509 720 ratus

129 778 309 817 noctem
344 786 460 830 quae
494 771 684 815 instabat
723 778 1004 832 antecapere,
1039 785 1096 814 ne
1129 769 1239 828 quid
1274 784 1330 814 eo
1365 768 1509 829 spatio

219 927 288 961 LV.
337 929 369 970 ς.
394 927 428 961 1.
451 926 485 961 2.
541 923 713 971 discessit]
761 925 815 961 De
846 924 915 961 hac
949 923 1098 959 dictione
1129 934 1166 960 v.
1200 924 1245 958 ad
1275 935 1305 957 e.
1335 924 1377 965 L,
1405 922 1440 957 4.
1465 941 1510 946 -

130 985 315 1028 Optumum
340 987 480 1026 factum
503 987 619 1018 tenent
652 983 770 1018 Struv.
804 985 865 1018 Ac.
900 984 1017 1017 Guelf.
1040 983 1074 1017 6.
1101 983 1133 1017 8.
1157 983 1215 1018 10.
1240 982 1297 1015 12.
1332 985 1368 1014 et
1395 980 1509 1014 Mark-

130 1045 196 1081 Γ.;
227 1042 351 1075 relicui
375 1047 444 1085 opt.
461 1044 577 1084 factu.
622 1041 665 1074 V.
689 1042 734 1075 ad
761 1052 791 1075 c.
813 1042 961 1082 xxxu,
976 1041 1011 1074 1.
1029 1059 1075 1064 —
1116 1041 1260 1074 Noctem
1293 1043 1511 1081 antecapere,

128 1100 151 1134 i.
176 1111 205 1132 e.
229 1104 331 1133 nocte
353 1098 501 1134 instante
523 1097 681 1133 celeriter
704 1099 766 1140 uti,
788 1099 995 1143 priusquam
1014 1097 1147 1140 aliquid
1169 1096 1304 1130 turbari
1326 1100 1450 1138 posset.
1464 1112 1508 1118 -

131 1157 342 1190 Triumviros
381 1168 431 1190 sc.
470 1156 658 1199 capitales,
703 1155 829 1199 quibus
871 1166 956 1188 eura
996 1155 1146 1189 carceris
1188 1160 1222 1188 et
1260 1153 1511 1197 suppliciorum

126 1214 335 1248 demandata
357 1217 443 1248 erat.
491 1214 545 1247 Cf.
573 1213 649 1248 Liv.
667 1213 812 1253 XXXII,
836 1212 894 1254 26,
915 1212 969 1247 17.
1008 1214 1182 1247 triumviri
1215 1212 1362 1246 carceris
1394 1212 1510 1243 lautu-

124 1273 275 1305 mim-um
296 1272 513 1305 intentiorem
536 1271 727 1304 custodiam
751 1271 878 1303 habere
902 1270 1006 1311 inssi,
1031 1270 1093 1304 ubi
1126 1281 1160 1304 v.
1187 1271 1315 1303 Duker.
1344 1268 1510 1308 XXXIX,

125 1330 184 1372 14,
203 1329 236 1364 9.
260 1329 452 1364 triumviris
483 1328 689 1371 capitalibus
719 1328 926 1360 mandatum
952 1333 1021 1369 est,
1056 1332 1095 1361 ut
1127 1328 1271 1372 vigilias
1296 1327 1512 1371 disponerent

123 1397 203 1433 per·
229 1387 357 1420 urbem.
400 1385 485 1419 ibid.
520 1396 549 1417 e.
579 1385 644 1426 17,
671 1384 704 1418 5.
756 1386 802 1418 cf.
837 1385 974 1427 Lipsius
1007 1387 1051 1418 ad
1082 1386 1196 1419 Tacit.
1241 1386 1355 1420 Annii.
1391 1385 1440 1425 V,
1477 1382 1511 1417 9.

124 1443 337 1476 triumvirali
360 1443 526 1487 supplicio
556 1442 652 1484 affici
675 1441 845 1485 virginem
869 1442 1064 1476 inauditum
1092 1443 1292 1476 habebatur.
1340 1441 1511 1483 Pornpon.

125 1499 161 1532 in
184 1500 362 1533 Pandeett.
380 1500 414 1542 1,
435 1500 469 1533 2.
505 1501 540 1541 ἓ.
563 1499 623 1533 30.
657 1499 794 1531 Ernesti
828 1499 863 1531 in
897 1499 994 1532 Clav.
1027 1499 1098 1533 Cic.
1124 1501 1159 1532 h.
1186 1511 1220 1533 v.
1258 1501 1366 1534 Erant
1395 1504 1513 1533 autem

124 1557 300 1591 minorum
323 1557 612 1602 magistratuum,
639 1556 684 1590 cf.
707 1555 857 1590 Nitschii
880 1556 1016 1599 Antiqq.
1042 1558 1183 1590 Romm.
1209 1556 1254 1590 T.
1283 1557 1325 1592 11.
1352 1569 1384 1600 p.
1410 1556 1513 1590 1083.

124 1615 258 1650 Her-tel.
282 1615 327 1649 ad
352 1615 466 1649 Tacit.
491 1614 609 1657 Agric.
632 1614 666 1654 2,
690 1613 738 1648 in.
757 1632 801 1639 —
840 1614 938 1655 Quae
970 1615 1080 1658 suppl.
1105 1615 1316 1658 postulabat.
1363 1612 1513 1647 Plurimi

123 1671 206 1705 libri
237 1683 327 1716 quae
369 1672 417 1706 ad
449 1672 559 1715 suppl.
602 1674 712 1715 post.,
751 1680 794 1704 eo
826 1671 977 1714 deceptis
1009 1672 1154 1715 scribis,
1199 1672 1291 1714 quod
1333 1671 1513 1704 Consulem

121 1729 317 1763 subiectum
350 1739 424 1763 esse
446 1731 618 1773 putarent.
667 1729 779 1762 Erasa
813 1731 929 1762 tamen
963 1731 1014 1761 est
1046 1728 1258 1772 praepositio
1292 1727 1327 1761 in
1361 1728 1444 1762 Bas.
1477 1729 1511 1761 1.

121 1789 158 1820 et
181 1787 288 1820 Fabr.
308 1787 341 1819 1.
375 1797 439 1820 nce
471 1785 634 1830 primitus
670 1786 739 1820 fuit
762 1785 797 1819 in
829 1790 960 1830 septem
996 1786 1086 1820 aliis.
1116 1806 1164 1812 —
1208 1786 1355 1819 Deducit
1392 1797 1511 1819 omnes

121 1846 237 1878 tenent
260 1844 341 1878 libri
373 1848 512 1888 praeter
545 1843 660 1877 Guelt'.
690 1842 723 1876 6.
749 1846 784 1876 ct
807 1843 991 1885 Commel„
1015 1844 1075 1887 qui
1101 1843 1194 1878 ducit
1219 1843 1393 1877 exhibent.
1441 1842 1511 1875 Sed

121 1901 308 1945 vulgatum
331 1903 479 1935 verbum
503 1901 701 1945 legitimum
725 1903 777 1933 est
801 1901 843 1933 dc
862 1900 925 1940 iis,
959 1901 1021 1944 qui
1045 1902 1161 1945 aliquo
1186 1902 1371 1935 comitante
1394 1899 1511 1943 aliquo

121 1958 336 2000 concedunt3
376 1958 422 1990 cf.
458 1957 622 1991 Bremius
660 1957 704 1990 ad
738 1957 823 2000 Nep.
862 1958 988 2001 Epam.
1022 1969 1052 1993 c.
1079 1960 1144 1999 lv,
1171 1958 1204 1992 5.
1247 1969 1269 1992 α
1312 1969 1377 2002 quo
1407 1969 1508 2001 quum

122 2016 331 2058 quaesisset,
365 2027 431 2061 quo
463 2026 499 2049 se
541 2015 705 2049 deduci
745 2016 859 2048 vellet.
918 2016 970 2051 Id.
1005 2016 1180 2049 Themist.
1210 2015 1252 2056 8,
1281 2014 1314 2048 5.
1353 2014 1508 2058 Pydumn

123 2084 200 2105 eum
239 2073 417 2107 deduci
448 2071 571 2113 iussit,
607 2076 641 2105 et
674 2073 764 2116 qnod
797 2073 882 2106 satis
917 2078 1004 2106 esset
1036 2073 1205 2116 praesidii
1237 2073 1343 2106 dedit.
1392 2073 1507 2107 Tacit.

123 2129 209 2162 Anu.
230 2130 291 2172 Ill,
309 2130 365 2171 1⁴,
389 2133 475 2164 extr.
524 2130 598 2163 Piso
633 2140 656 2162 a
692 2129 843 2162 Tribmm
873 2131 1073 2173 praetoriae
1110 2130 1256 2163 cohortis
1289 2130 1350 2171 (ex
1376 2132 1509 2163 Senatu

123 2187 288 2230 domum)
323 2188 545 2222 deductus
578 2191 640 2221 cst.
703 2187 872 2220 Goon-enm.
908 2188 951 2221 ad
983 2188 1055 2220 Cic.
1087 2187 1216 2221 Acadd.
1244 2187 1281 2226 1,
1307 2187 1342 2228 3,
1368 2187 1401 2219 9.
1436 2199 1506 2227 nos,

123 2248 302 2289 tamqnam
329 2246 498 2289 hospites,
533 2244 585 2278 tui
621 2244 701 2278 libri
731 2245 831 2288 quasi
855 2245 991 2278 domum
1024 2245 1333 2279 deduxerunt.
1389 2246 1508 2289 Quare

125 2302 285 2345 frequens
309 2306 360 2335 est
383 2304 427 2337 de
451 2303 514 2344 iis,
547 2302 607 2346 qui
640 2303 731 2345 opud
766 2304 944 2336 Romanos
977 2314 998 2336 u
1029 2303 1187 2347 patribus
1223 2302 1258 2335 in
1289 2301 1506 2346 disciplinam

123 2357 271 2392 nunnius
305 2360 548 2402 tradebantur,
585 2361 676 2403 quod
723 2359 922 2394 observavit
952 2360 1178 2394 Gerulum-«lus
1218 2359 1262 2392 ad
1299 2359 1372 2392 Cic.
1408 2360 1503 2393 Luel.

123 2427 150 2447 c.
171 2417 198 2457 1,
217 2416 250 2449 l.
288 2416 406 2459 Neque
430 2417 567 2450 diversa
589 2417 643 2450 vis
667 2417 808 2455 obtinet.
834 2417 895 2451 ubi
921 2418 963 2451 de
989 2418 1112 2462 puellis
1136 2417 1343 2450 nubentibus
1366 2416 1505 2457 dicitur,

122 2483 211 2514 quae
243 2473 286 2506 ud
317 2473 431 2507 virum
457 2473 694 2511 dunelmntnr,
718 2474 760 2507 de
792 2485 861 2516 qun
880 2485 918 2507 re
941 2485 974 2508 v.
1008 2475 1191 2510 Ruhnken.
1224 2473 1268 2507 ad
1300 2473 1383 2510 Ter.
1416 2474 1503 2509 Hec.

125 2530 151 2571 l,
172 2529 207 2571 2,
225 2530 282 2563 60.
302 2551 345 2554 »-
389 2532 479 2564 Idem
495 2533 542 2573 fit
566 2532 708 2571 ceteris,
731 2542 765 2566 v.
791 2531 835 2565 nd
859 2542 888 2563 c.
912 2531 985 2569 1211,
1009 2530 1066 2566 25.

214 2590 247 2629 S.
282 2587 315 2622 3.
373 2589 464 2632 quod
499 2589 700 2621 'Trallianum
744 2589 963 2632 appellatur]
1006 2589 1137 2622 Nomen
1180 2588 1285 2622 traxit
1327 2598 1349 2622 a
1381 2586 1502 2621 Tullio

123 2654 216 2687 rege,
241 2643 298 2686 qui
323 2655 497 2679 carcerem
522 2647 567 2680 ab
592 2646 686 2679 Anco
711 2646 934 2678 andins-,ntum
961 2648 1012 2689 (v.
1038 2647 1114 2680 Liv.
1137 2647 1164 2688 ¹,
1183 2646 1240 2687 33,
1260 2645 1313 2689 8.)
1347 2645 1502 2678 firmavit

121 2711 228 2743 caque
251 2705 350 2744 purte
376 2703 492 2743 nuxit,
529 2704 574 2735 οἵ.
598 2704 709 2737 Varro
743 2703 786 2736 «lo
809 2704 848 2737 L.
873 2704 910 2737 1..
936 2703 1002 2742 lv,
1021 2703 1078 2737 32.
1110 2705 1234 2738 Carccr
1258 2714 1282 2736 a
1305 2703 1498 2736 coercendo.
