1630 3034
472 160 829 204 IUGURTHA.
891 159 1029 203 CAP.
1058 158 1169 201 XLI.
1421 165 1506 204 235

122 279 277 339 paucis
313 285 414 322 ante
450 279 571 323 annis
607 280 782 322 Romae
826 282 947 320 ortus
997 282 1087 332 est,
1135 276 1225 319 otio
1273 283 1318 320 et
1361 277 1504 320 abun-

127 376 276 419 dantia
321 391 472 420 earum
517 391 689 430 rerum,
735 389 850 432 quae
893 374 1037 433 prima
1082 373 1289 417 mortales
1323 374 1504 422 ducunt.

126 510 294 561 powisse.
320 532 365 538 —
400 512 482 554 Est,
517 511 608 555 quod
641 522 707 544 non
737 510 866 544 habent
889 509 995 543 Fabr.
1020 509 1053 543 2.
1085 513 1119 543 et
1144 509 1258 543 Guelf.
1282 510 1335 554 3.‚
1369 511 1507 545 eortius

124 572 280 615 expulit,
306 562 383 605 curii
409 567 538 614 magno
563 572 698 605 numeri
722 576 756 605 et
779 570 1034 614 perspicuitatis
1058 571 1279 612 detrimento,
1303 581 1412 614 quumv
1433 571 1508 605 sine

123 633 231 665 verbo
263 632 477 666 substantivo
509 632 565 665 vix
597 633 722 666 sentias
749 631 955 675 primariam
982 631 1260 665 enunciationem
1286 631 1346 664 hic
1369 632 1504 666 haberi.

125 712 167 717 —
197 693 292 734 Quae
315 694 427 736 prima
450 693 500 726 ita
523 693 652 726 dictum
675 698 737 734 est,
763 697 799 725 ut
824 692 1007 724 relativum
1032 693 1270 726 tantummodo
1295 693 1338 726 ad
1371 705 1506 727 sensum
1567 685 1570 687 ’

123 754 402 797 praecedentium
427 755 625 796 verborum,
649 765 718 787 non
741 753 784 787 nd
809 765 920 798 genus
935 754 1202 797 grammaticum
1220 754 1394 796 respiciat,
1419 766 1508 798 quae

122 813 263 848 licentia
296 821 418 848 natura
450 814 666 859 generalium
696 814 872 847 notionum
905 814 1037 853 nititur.
1086 814 1186 857 Quae
1216 826 1322 857 quum
1355 816 1509 849 maxime

124 881 244 909 neutro
268 876 510 920 pronominum
535 872 596 908 out
620 874 868 908 adiectivorum
891 886 1020 919 genere
1042 874 1276 916 enuncientur,
1300 876 1398 909 cuius
1415 877 1509 911 vices

123 936 327 979 saepissime
350 949 406 970 res
428 935 681 969 substan-‚tivum
706 947 785 968 cum
803 935 1006 978 pronomine
1025 940 1084 969 aut
1100 935 1269 969 adiectivo
1286 937 1509 971 coniunctum

124 997 267 1032 sustinet
290 1000 346 1042 (v,
364 998 406 1031 ad
433 998 508 1031 Cat.
524 997 648 1036 xvm,
673 996 705 1030 8.
732 1008 763 1039 p.
785 996 841 1030 89.
867 1001 900 1030 et
927 997 1079 1039 Herzog.
1104 997 1147 1029 ad
1172 1008 1202 1030 c.
1224 997 1285 1037 lx,
1309 997 1342 1029 4.
1368 1010 1400 1041 p.
1418 998 1507 1042 44),

123 1057 295 1091 interdum
322 1064 465 1101 utraque
489 1057 623 1090 dicendi
647 1057 757 1098 ratio,
793 1068 892 1090 sensu
916 1057 1018 1100 plane
1041 1067 1123 1099 par,
1160 1056 1209 1090 ita
1231 1059 1435 1100 copulatur,
1471 1064 1510 1094 ut

125 1119 221 1152 nulla
243 1119 382 1164 generis
407 1118 443 1151 in
470 1128 673 1162 praegresso
698 1116 856 1149 membro
885 1116 976 1150 ratio
1007 1117 1192 1150 habeatnr.
1226 1118 1271 1151 cf.
1296 1119 1508 1154 Ramshoru.

128 1178 286 1213 Gramm.
312 1180 387 1212 Lat.
428 1182 460 1221 ς.
485 1179 566 1212 206.
598 1178 640 1212 Α.
664 1177 697 1211 2.
723 1177 758 1210 b.
797 1189 830 1220 p.
856 1176 936 1210 694.
969 1178 1022 1211 ed.
1047 1179 1072 1212 1.
1106 1177 1165 1221 qui
1194 1179 1286 1211 hunc
1318 1190 1417 1212 usum
1447 1191 1509 1223 per

127 1248 246 1272 omnes
271 1244 388 1283 partes
411 1244 610 1283 persecutus
633 1242 695 1272 est.
718 1239 796 1282 lug.
821 1238 901 1278 GH,
925 1238 959 1271 9.
993 1238 1237 1272 Humanarum
1261 1251 1407 1273 rerum
1425 1243 1508 1283 for-

127 1304 214 1333 tuna
236 1301 452 1344 pleraque
474 1301 577 1344 regit.
611 1297 684 1333 Cic.
716 1299 758 1332 de
782 1298 896 1332 Divin.
920 1299 973 1340 Π,
999 1299 1066 1340 57,
1092 1300 1170 1334 117.
1209 1301 1300 1342 Quid
1323 1306 1397 1334 tam
1420 1301 1509 1335 divi-

125 1371 227 1402 uum,
252 1362 354 1405 quain
379 1363 524 1404 afflatus
548 1371 588 1393 ex
612 1364 706 1393 terra
730 1366 876 1394 mentem
900 1361 953 1394 ita
975 1371 1132 1401 movens,
1165 1365 1204 1394 ut
1229 1372 1304 1394 eam
1328 1363 1511 1405 providum

126 1432 274 1455 rerum
300 1424 566 1465 suturarum
597 1421 749 1463 efficiat,
783 1425 822 1454 ut
855 1432 904 1454 ea
928 1433 996 1454 non
1021 1422 1120 1455 modo
1144 1427 1263 1455 cernat
1287 1424 1392 1456 multo
1417 1429 1512 1465 ante,

127 1481 187 1514 sed
212 1481 323 1514 etiam·
340 1494 480 1516 numero
506 1492 673 1526 versuque
698 1480 928 1525 pronunciet?
965 1481 1055 1515 Ibid.
1081 1483 1119 1524 1,
1143 1481 1208 1523 53,
1233 1483 1311 1520 119.
1348 1485 1512 1519 Earum

126 1552 273 1574 rerum
295 1547 530 1587 utrumque
555 1555 577 1576 a
602 1542 702 1575 corde
725 1541 901 1585 proficisci.
934 1542 1001 1576 His
1017 1543 1253 1577 Ramshoruio
1275 1544 1400 1578 debitis
1423 1546 1513 1579 adde

127 1600 201 1636 Cic.
229 1602 314 1645 Epp.
340 1603 383 1636 ad
408 1605 545 1638 Famm.
570 1605 671 1643 xm,
697 1601 763 1644 75,
788 1601 822 1637 4.
846 1602 1019 1637 Summa
1044 1609 1115 1646 est,
1151 1605 1187 1637 in
1212 1616 1294 1649 quo
1316 1605 1403 1638 mihi
1424 1617 1511 1650 gra—

127 1651 295 1696 'tissimum
323 1666 447 1707 facere
475 1665 597 1709 possis.
633 1664 717 1698 ibid.
742 1664 842 1706 XVI,
868 1663 913 1705 4,
937 1662 972 1698 5.
1005 1665 1117 1706 Illud,
1151 1665 1199 1697 mi
1219 1666 1321 1708 Tiro,
1350 1671 1386 1700 te
1413 1677 1511 1710 roga,

127 1726 279 1767 sumptui
309 1737 352 1758 ne
386 1737 513 1770 parcas
542 1726 643 1759 ulla
678 1726 725 1758 in
758 1736 823 1765 re,
860 1724 976 1768 quod
1007 1725 1056 1757 ad
1088 1725 1323 1758 valetudinem
1347 1737 1430 1770 opus
1454 1728 1511 1768 sit,

127 1783 190 1816 ubi
215 1784 352 1818 curtius
385 1785 602 1830 comparavit
634 1785 711 1818 Liv.
736 1785 869 1825 xum,
896 1785 961 1825 17,
988 1784 1021 1818 2.
1056 1785 1112 1818 Ne
1146 1787 1220 1830 quis
1253 1787 1393 1820 ullam
1426 1799 1511 1821 rem

128 1844 165 1877 in
188 1844 312 1878 bellum
332 1847 596 1891 magistratibus
615 1846 784 1880 Romanis
807 1849 988 1888 conferret,
1013 1851 1256 1890 praeterquam
1283 1848 1393 1891 quod
1415 1859 1513 1882 sena-

128 1909 184 1938 tus
207 1907 400 1945 censuisset.
426 1908 578 1948 XXXH,
603 1907 668 1948 29,
693 1906 728 1941 5.
764 1908 906 1940 Delectu
938 1906 1158 1950 rebusque
1191 1907 1272 1940 aliis
1297 1908 1424 1941 divinis
1447 1909 1513 1941 hu-

129 1967 328 2010 manisque,
353 1979 468 2011 quae
489 1979 552 2012 per
577 1968 666 2011 ipsos
691 1967 877 2012 agenda
901 1971 1012 2007 erant,
1037 1968 1209 2010 perfectis.
1232 1969 1314 2002 Ter.
1330 1970 1457 2002 Heaut.
1473 1970 1512 2011 V,

130 2026 164 2068 1,
187 2027 220 2060 3.
250 2029 289 2061 In
313 2040 366 2062 me
389 2028 525 2072 quidvis
550 2029 699 2061 harum
724 2039 874 2061 rerum
899 2028 1068 2069 convenit,
1093 2039 1206 2070 quae
1230 2033 1308 2062 sunt
1332 2029 1458 2063 dicta
1476 2030 1514 2063 in

131 2088 293 2127 stultum,
320 2088 380 2121 ubi
404 2089 599 2130 Bentleins,
625 2089 737 2122 miuus
762 2098 866 2131 quam
892 2088 1035 2120 decebat
1059 2087 1339 2129 circumspectus,
1364 2100 1404 2122 ex
1428 2089 1514 2123 duo-

132 2148 196 2181 bus
219 2149 317 2183 codd.
340 2148 476 2190 scripsit
501 2149 625 2182 dictae.
664 2150 779 2183 Plaut.
805 2149 920 2182 Aului.
949 2148 1002 2188 IV,
1028 2148 1083 2188 10,
1109 2148 1166 2182 39.
1202 2151 1280 2193 Ego
1305 2154 1355 2189 te,
1381 2150 1512 2193 Euclio,

134 2210 185 2242 De
209 2221 231 2241 a
247 2210 309 2242 lia
334 2221 377 2243 re
401 2210 576 2243 rescivisse
600 2211 727 2252 censui,
753 2210 864 2254 quod
890 2210 936 2242 ad
960 2220 1012 2242 me
1037 2209 1173 2242 attinet.
1200 2209 1436 2253 11⁸..Amphitn
1453 2211 1512 2251 m,

132 2269 168 2312 3,
194 2270 250 2304 ll.
286 2271 363 2314 Ego
387 2281 474 2303 rem
500 2270 626 2303 divin
641 2282 704 2303 am
730 2272 822 2304 intus
840 2271 998 2317 faciam,
1025 2275 1129 2303 vota
1155 2281 1270 2314 quae
1293 2275 1384 2303 sunt.
1422 2271 1514 2306 Gen.

133 2330 206 2365 NN.
227 2330 298 2363 ΑΛ.
323 2331 349 2372 l,
374 2331 430 2371 14,
456 2330 501 2364 in.
530 2327 729 2365 M'emormis
753 2331 869 2364 multis
891 2331 1095 2375 magni-que
1118 2331 1228 2372 rebus,
1253 2342 1366 2374 quae
1393 2331 1513 2364 Fabri-

133 2392 206 2423 cius
231 2391 315 2424 bene
333 2391 489 2433 fecisset.
537 2392 675 2425 inverso
700 2392 804 2425 modo
828 2396 989 2424 neutrum
1014 2390 1199 2433 praecedit,
1233 2403 1289 2425 res
1312 2403 1341 2425 e.
1366 2393 1513 2426 relativo

133 2451 310 2494 sequitur,
336 2451 407 2485 Cic.
433 2464 467 2495 p.
491 2453 594 2486 Rosc.
618 2452 696 2487 Am.
720 2464 749 2486 c.
773 2452 836 2492 33,
859 2452 916 2485 91.
946 2452 1175 2485 Permulta
1199 2456 1299 2494 sunt,
1332 2464 1421 2496 quae
1445 2453 1513 2486 dici

132 2517 285 2556 possunt,
306 2524 388 2556 qua
413 2524 459 2546 re
480 2514 710 2558 intelligatur.
747 2513 895 2546 Plancus
920 2511 952 2545 in
978 2512 1049 2546 Cic.
1067 2513 1155 2556 Epp.
1180 2513 1222 2546 ad
1243 2513 1379 2546 Famm.
1397 2514 1440 2553 X,
1454 2513 1510 2547 21.

137 2573 291 2606 Omnia
317 2574 414 2616 feci,
447 2587 532 2619 qua
561 2586 609 2608 re
632 2574 846 2615 resisterem,
874 2584 959 2616 quos
981 2573 1075 2606 locos
1101 2573 1246 2616 protulit
1269 2572 1444 2606 Daehnius
1467 2573 1511 2606 ad

135 2633 224 2676 Nep.
249 2634 324 2668 cat.
350 2634 384 2674 1,
403 2634 437 2668 3.
467 2635 638 2668 Multas
660 2645 731 2668 res
754 2645 861 2668 novas
884 2634 1041 2674 addidit,
1064 2645 1149 2678 qua
1172 2645 1219 2667 re
1243 2634 1379 2666 luxuria
1401 2635 1511 2677 repri-

135 2698 296 2728 meretur.
341 2694 514 2728 Nonnulla
537 2695 608 2727 huc
631 2693 845 2738 pertinentia,
867 2694 927 2728 sed
950 2693 1023 2727 eine
1046 2697 1209 2728 accurato
1231 2694 1384 2735 delectu,
1408 2694 1513 2727 habet

140 2753 290 2790 Gronov.
316 2754 416 2791 Obss.
441 2756 507 2796 111,
531 2755 564 2790 2.
597 2766 630 2798 p.
647 2754 716 2790 339
736 2766 808 2800 sqq.
844 2754 896 2789 ed.
924 2753 1016 2799 Lips.
1050 2753 1176 2789 Nostro
1198 2754 1275 2789 loco
1300 2753 1406 2789 etiam
1430 2765 1512 2789 usus
