1630 3034
125 185 210 225 422
497 175 544 218 G.
573 173 891 218 SALLUSTI
922 173 1142 217 CRISPI
1206 195 1211 199 ’

129 313 184 342 ea
211 294 356 356 gratia
389 290 561 337 facilius
589 290 863 351 proniusque
898 289 995 349 fuit,
1030 289 1153 349 quod
1186 289 1399 335 Bocchus
1433 291 1518 334 ini-

131 394 193 438 tio
227 390 416 436 huiusce
450 388 557 433 belli
596 388 774 450 legatos
810 388 1006 432 Romam
1035 387 1241 444 miserat,
1285 386 1444 431 foedus
1476 393 1522 431 et

99 486 374 534 5amicitiam
415 485 631 546 petitum,
677 499 813 544 quam
858 498 956 527 rem
1000 484 1422 543 opportunissimam
1451 484 1524 527 in-

136 591 270 648 cepto
305 584 427 628 bello
463 583 597 643 pauci
638 581 987 643 impalherant,
1010 581 1147 625 caeci
1184 581 1390 638 avaritia,
1427 580 1526 640 quis

138 761 246 796 fuerit
279 759 461 794 Bocchum
496 757 564 792 sibi
599 757 811 801 conciliare,
841 756 984 803 pronius
1007 756 1051 791 ad
1074 757 1277 799 Boccimm,
1315 754 1446 801 quippe
1469 755 1530 800 qui

138 833 307 869 propenso
339 820 455 854 animo
485 819 593 854 fuerit
620 819 666 854 ad
699 820 878 854 Romanos
911 817 1006 852 bello
1029 817 1206 862 petendos.
1252 817 1321 851 Sed
1347 820 1534 860 utrumque

141 883 355 918 vocabulum
388 880 519 925 pariter
551 881 594 915 ad
627 881 821 926 Iugurthae
854 882 1018 913 conatum
1051 882 1214 921 spectat,
1254 877 1426 912 sententia
1456 877 1534 911 fere

143 945 276 979 eadem.
322 943 415 978 Nam
440 952 547 985 quum
579 953 725 986 pronum
757 941 919 981 dicatur,
953 939 1119 983 quicquid
1142 939 1177 973 in
1202 939 1356 983 aliquam
1381 950 1456 972 rem
1481 938 1535 972 in-

144 1004 275 1046 clinat,
303 1003 340 1037 id
375 1013 397 1036 a
428 1003 533 1036 rebus
567 1001 742 1046 corporeis
768 1000 874 1035 etiam
900 1000 1107 1033 transfertur
1130 1001 1174 1034 ad
1198 1011 1260 1044 ea,
1286 1011 1376 1044 quae
1398 992 1538 1033 actione

146 1067 304 1100 constant
336 1067 371 1098 et
394 1063 495 1106 quasi
529 1074 592 1097 sua
616 1066 738 1107 sponte
760 1062 806 1096 ad
828 1062 933 1095 finem
965 1071 1071 1095 suum
1093 1064 1245 1104 vergunt
1277 1063 1381 1104 ntqne
1413 1071 1538 1105 prope-

89 1116 94 1124 ’
146 1130 235 1161 rant.
272 1125 407 1158 Pronae
431 1123 541 1169 igitur
563 1123 727 1158 dicuntur
751 1135 819 1164 res,
846 1123 970 1167 quibus
992 1122 1081 1155 nihil
1104 1122 1216 1155 obstat
1239 1122 1419 1166 quominus
1431 1122 1542 1165 fiant,

149 1187 197 1220 cf.
222 1185 365 1220 Walch.
391 1185 436 1218 ad
462 1184 550 1218 Tac.
583 1183 702 1229 Agric.
727 1185 761 1219 1.
798 1196 830 1227 p.
854 1184 950 1227 107„
975 1194 1104 1226 easque
1132 1186 1226 1216 recte
1243 1182 1370 1226 faciles
1401 1182 1543 1224 dixeris,

150 1247 311 1291 quamvis
345 1245 533 1280 facilitatis
568 1245 665 1279 notio
691 1245 764 1280 alia
787 1245 944 1290 imagine
982 1243 1210 1288 concipiatur.
1241 1244 1287 1277 cf.
1313 1255 1342 1277 c.
1367 1243 1488 1286 cxiv,
1507 1244 1543 1278 2.
1603 1240 1607 1241 ⁷

154 1310 307 1344 Romani
342 1310 391 1343 sic
424 1308 598 1348 habuere,
631 1307 707 1341 alia
734 1307 853 1341 omnia
885 1306 1009 1341 virtuti
1039 1316 1124 1339 suae
1154 1311 1405 1349 prona‘esse.
1433 1304 1545 1339 Tacit.

153 1370 273 1416 Agric.
297 1382 328 1407 c.
357 1369 532 1410 XXXIII,
565 1369 659 1403 med.
708 1369 834 1403 Omnia
864 1378 1017 1414 prona
1040 1367 1238 1401 victoribus.
1270 1385 1305 1392 -
1334 1366 1449 1400 Verba
1466 1369 1547 1410 soe-

155 1432 220 1467 dus
244 1437 279 1467 et
313 1431 505 1465 amicitiam
537 1430 678 1464 inverso
714 1429 835 1463 ordine
869 1427 985 1473 posita
1016 1437 1092 1461 esse
1117 1426 1230 1461 videri
1254 1427 1407 1471 possint,
1439 1439 1549 1472 quum

155 1504 225 1527 non
248 1492 360 1526 omnis
383 1489 542 1526 amicitia
560 1490 683 1524 foedus
707 1489 770 1532 sit,
796 1495 831 1524 et
854 1489 956 1524 Sulla
979 1500 1010 1523 c.
1035 1489 1126 1528 cxl,
1151 1488 1185 1522 1.
1211 1488 1247 1523 in
1269 1500 1551 1524 commemoran-

157 1553 212 1588 dis
243 1552 457 1594 commodis,
494 1562 585 1595 quae
616 1551 760 1585 Boccho
796 1551 1005 1596 Iugurtham
1045 1549 1195 1583 tradenti
1230 1554 1381 1584 ventura
1417 1554 1551 1592 essent,
1578 1595 1584 1598 =

157 1620 235 1659 post
258 1613 453 1648 amicitiam
476 1613 600 1646 foedus
622 1616 789 1656 tanquam
813 1610 1016 1656 graviorem
1039 1622 1113 1644 rem
1137 1610 1303 1645 nominet.
1346 1610 1418 1644 Sed
1443 1621 1554 1655 quum

159 1675 284 1710 foedus
305 1674 380 1708 sine
402 1673 560 1708 amicitia
584 1684 659 1707 esse
682 1684 750 1706 non
775 1671 895 1716 possit,
917 1675 1051 1705 veteres
1074 1671 1259 1718 scriptores
1281 1671 1342 1705 ubi
1367 1676 1556 1716 utrumqne

161 1736 353 1779 nominant,
376 1746 444 1768 non
467 1734 630 1768 videntur
653 1736 816 1768 accurate
840 1732 930 1765 haec
955 1732 1127 1766 vocabula
1151 1732 1366 1777 distinguere
1389 1732 1555 1774 vquisse‚

161 1796 222 1830 sed
245 1796 288 1830 iis
318 1795 512 1830 coniunctis
545 1795 717 1829 maiorem
749 1793 924 1837 quandum
954 1792 1005 1826 rei
1038 1792 1206 1826 dicendae
1227 1792 1440 1837 gravitatem
1473 1805 1555 1837 spe-

162 1860 285 1891 ctasse.
318 1856 364 1890 cf.
396 1856 490 1890 infra
522 1867 552 1890 c.
589 1855 682 1897 clv,
721 1854 755 1889 4.
805 1853 956 1900 Legatis
997 1853 1263 1887 amicitiam
1305 1858 1348 1887 et
1384 1855 1556 1897 foedus

161 1918 358 1962 petentibus
389 1918 636 1962 respondetur-e
671 1915 847 1961 foedus
883 1919 924 1949 et
966 1914 1128 1949 amicit
1143 1915 1186 1948 ia
1217 1914 1414 1956 dabuntur,
1455 1927 1558 1960 quum

164 1979 343 2014 meruerit.
367 1978 528 2019 Liv.1v‚
551 1977 587 2020 7,
611 1978 646 2012 4.
694 1976 867 2011 Ardeates
890 1976 928 2009 in
946 1975 1139 2019 foedere
1173 1979 1307 2019 atque
1341 1977 1559 2012 amicitia

164 2051 345 2074 mansuros
379 2039 598 2084 apparebat,
634 2037 761 2082 quibus
803 2036 920 2070 verbis
952 2036 1070 2079 paullo
1104 2040 1181 2080 post
1213 2036 1289 2070 eod.
1321 2046 1401 2081 cap.
1435 2039 1468 2080 §-
1505 2038 1560 2073 lo.

164 2099 372 2135 subiicitur:
407 2111 485 2134 cum
521 2099 731 2133 Ardeatibus
757 2098 934 2142 foedus
965 2103 1172 2133 renovatum
1205 2103 1267 2132 est.
1299 2097 1386 2132 ibid.
1420 2099 1562 2143 xxm,

168 2159 233 2202 14,
261 2159 297 2195 9.
347 2161 388 2194 In
419 2160 592 2203 foedus
632 2160 985 2205 amicitiamque
1023 2171 1151 2193 novam
1184 2164 1381 2194 transeant.
1423 2161 1563 2207 xxm,

167 2220 228 2263 33,
249 2219 284 2256 9.
333 2221 504 2255 Foedus
535 2233 611 2255 cum
636 2232 675 2255 eo
709 2226 855 2265 atque
890 2220 1158 2254 amicitiam
1182 2221 1306 2255 iunxit.

261 2283 294 2324 S.
330 2280 364 2316 5.
412 2282 747 2327 opportunissumam
780 2283 916 2327 incepto
949 2282 1094 2326 bello]
1128 2281 1230 2325 Quod
1262 2282 1350 2316 bello
1380 2281 1565 2325 edidimus,

170 2353 238 2377 non
261 2343 472 2387 spondemus
506 2353 631 2377 veram
666 2342 875 2387 scripturam
906 2354 970 2377 nos
993 2341 1135 2376 dedisse.
1181 2341 1272 2377 Nam
1296 2342 1402 2388 longe
1423 2343 1569 2387 plurimi

171 2403 276 2445 Iibri,
306 2400 344 2438 In
379 2404 491 2447 iisque
519 2403 594 2437 fere
627 2404 896 2447 praestantiores
927 2414 1070 2444 omnes,
1099 2403 1231 2437 habent
1264 2404 1399 2449 incepto
1434 2405 1568 2447 belli,

172 2465 265 2508 quod
291 2465 349 2500 vix
374 2465 525 2500 latinum
549 2463 710 2506 videtur,
735 2476 843 2508 quum
870 2465 1046 2510 inceptum
1069 2463 1093 2498 i.
1118 2476 1148 2499 e.
1171 2476 1245 2498 τοο
1269 2465 1410 2510 incepta
1432 2476 1570 2510 emper

175 2525 331 2570 genernii
356 2536 456 2559 sensu
482 2524 645 2567 dicatur,
678 2536 789 2569 neque
811 2525 971 2570 genitivo
1004 2530 1119 2560 certae
1141 2525 1325 2560 cuiusdam
1348 2526 1400 2560 rei
1424 2524 1568 2560 definin-

176 2591 252 2626 tur3
278 2585 324 2619 cf.
348 2585 424 2619 cat.
451 2586 505 2629 IV,
529 2585 553 2619 2
591 2586 666 2627 vn,
686 2586 720 2621 7.
746 2587 854 2628 XVII,
875 2587 910 2621 6.
936 2586 1113 2628 xxxvn,
1134 2587 1168 2621 1.
1194 2587 1285 2631 Lvl,
1306 2585 1342 2621 ⁴.
1364 2586 1515 2632 1ug.1v‚
1535 2586 1570 2621 9.

177 2646 252 2687 vn,
278 2644 312 2678 6.
346 2645 406 2686 XI,
430 2646 464 2682 9.
499 2647 610 2689 XXV,
637 2647 672 2683 6.
698 2647 875 2689 xxxvii,
899 2647 933 2682 4.
974 2647 1081 2690 XLII,
1106 2647 1140 2682 5.
1165 2648 1235 2690 ΙΝ,
1263 2647 1297 2682 8.
1324 2648 1416 2691 bxi,
1442 2648 1473 2682 1.
1499 2647 1570 2689 XC,

177 2706 214 2743 8.
238 2706 359 2747 ΧΟΙΙΙ,
384 2706 417 2740 1.
466 2707 597 2742 Contra
628 2707 719 2742 nihil
744 2711 797 2743 est
820 2708 912 2752 qnod
936 2709 1071 2754 incepto
1104 2710 1229 2744 bello
1262 2708 1456 2752 vituperes3
1487 2707 1571 2753 quin

180 2767 267 2802 odeo
300 2767 540 2811 perspicuitati
580 2769 770 2805 sententias
815 2769 866 2804 its
900 2769 1002 2804 valde
1040 2769 1174 2805 consuli
1205 2774 1368 2814 spes-turn
1404 2772 1477 2810 est}
1512 2767 1572 2803 sed
