1630 3034
348 152 695 201 CATILINA.
754 153 887 195 CAP.
915 153 1025 196 LVI.
1054 155 1176 197 LVII.
1375 160 1458 203 297

71 268 293 313 iurationis
326 269 480 326 fretus,
503 268 634 313 simul
672 268 868 313 alienum
903 269 992 314 suis
1025 271 1268 317 rationibus
1296 273 1459 319 existu-

72 375 209 417 mans,
231 361 375 406 videri
409 375 608 415 caussam
628 359 793 406 civium
827 373 932 408 cum
952 362 1088 408 servis
1108 363 1307 424 fugitivis
1330 380 1461 411 com-

74 445 374 498 municcvisse.

211 543 354 589 LVII.
421 541 515 588 Sed
561 545 804 603 postquam
848 541 895 586 in
941 549 1084 590 castra
1127 547 1315 592 nuncius
1346 561 1457 607 per,-

75 721 267 757 attulimus.
334 721 553 769 Magnopere
585 734 666 758 eam
709 722 887 758 licentiam
917 721 1098 758 indefinita
1137 724 1292 759 neutrius
1325 723 1466 770 generis

75 784 199 814 natura
230 780 392 816 adiuvari
424 781 538 824 quivis
569 780 676 814 facile
707 776 831 824 sentit,
871 779 928 814 cui
962 779 1015 813 rei
1046 780 1084 814 h.
1121 781 1146 814 l.
1182 782 1339 825 accedit,
1372 783 1466 825 quod

74 837 253 872 servitium
285 841 320 873 et
349 839 494 872 servitia
525 849 590 872 usu
624 830 728 881 ffilaue
766 837 963 882 permiscue
1000 842 1230 882 usurpantur,
1265 840 1313 874 cf.
1345 840 1466 874 Plaut.

75 894 216 929 ourcul.
233 895 283 940 11,
302 895 338 937 2,
356 895 415 932 71.
454 895 526 929 eie.
552 895 589 929 in
611 895 711 930 retr.
739 895 783 938 V,
816 894 851 936 4,
884 894 919 929 9.
960 886 1077 929 Tacit.
1110 896 1199 931 Anu.
1223 897 1302 940 xn,
1333 897 1392 938 17,
1417 896 1465 930 in.

76 951 186 985 Recte
216 956 334 987 autem
364 952 566 988 Priscianus
600 953 625 986 l.
659 953 703 987 L:
737 953 938 997 singulare,
971 952 1104 995 inquit,
1135 954 1182 987 ad
1213 965 1303 986 rem
1333 951 1474 996 retulit,'

76 1007 107 1043 si
129 1009 269 1042 sensum
292 1009 514 1054 interpretari
537 1010 669 1052 voluit,
695 1011 906 1054 perperam,
939 1009 969 1043 si
993 1010 1038 1043 ad
1069 1007 1338 1054 grammaticam
1375 1005 1469 1043 stru-

77 1069 195 1100 cturae
218 1067 389 1102 rationem
422 1067 670 1111 expediendam
699 1067 752 1101 rei
784 1067 1014 1110 supplendum
1046 1067 1198 1108 censuit,
1226 1068 1317 1112 quod
1341 1067 1466 1100 verisi-

78 1122 197 1156 milius
220 1129 290 1166 est,
316 1136 424 1167 quum
449 1125 573 1158 addat:
609 1125 642 1159 ἰ.’
657 1136 686 1157 e.
712 1124 809 1158 cuius
830 1124 882 1157 rei
905 1135 1089 1157 servorum.
1138 1125 1225 1158 Cum
1249 1128 1366 1158 nostro
1389 1114 1468 1158 loci>

77 1181 229 1214 conferri
264 1185 378 1225 potest
407 1182 485 1217 Liv.
515 1183 631 1223 XLII,
661 1182 704 1223 8,
733 1181 768 1215 7.
808 1182 950 1225 placere
994 1182 1159 1224 Senatui,
1200 1182 1250 1215 M.
1287 1182 1469 1225 Popillium

78 1238 230 1284 Ligures
253 1240 436 1275 restituere
472 1239 510 1273 in
542 1240 758 1285 libertatem,
793 1239 998 1283 bonaque
1020 1244 1059 1272 ut
1082 1239 1146 1281 iis,
1179 1238 1338 1282 quicquid
1371 1238 1473 1282 eiujs'

78 1298 276 1341 recuperari
295 1298 424 1342 possit,
447 1297 642 1338 reddantur
665 1307 800 1331 curare.
846 1296 902 1330 lta
922 1295 1144 1339 explicandus
1165 1294 1311 1328 Plautus
1333 1295 1469 1328 Bacch.

77 1354 136 1396 lv,
152 1354 186 1396 4,
208 1354 266 1388 74.
290 1365 404 1399 quae
426 1353 663 1398 imperavisti,
686 1355 895 1398 imperatum
920 1353 1006 1385 bene
1030 1351 1145 1394 bonis,
1171 1354 1354 1394 factum
1378 1351 1488 1385 illico·

80 1416 170 1453 est,
203 1423 309 1455 quem
331 1412 452 1445 locum
475 1423 587 1455 neque
611 1412 767 1449 Gronov.
793 1410 894 1444 Obss.
923 1410 984 1450 ΠΙ,
1015 1409 1049 1442 2.
1083 1420 1118 1452 p.
1148 1408 1229 1443 340.
1271 1410 1336 1443 Ed.
1373 1410 1472 1453 Lips.

80 1466 192 1512 neque
214 1469 373 1505 Perizon.
407 1469 453 1502 ad
479 1469 598 1504 Sanct.
619 1468 707 1502 Min.
737 1463 784 1510 11,
813 1468 846 1502 9.
878 1478 914 1511 p.
944 1465 1026 1500 268.
1063 1466 1131 1500 Ed.
1167 1466 1261 1500 Bau.
1294 1469 1387 1499 recte
1419 1465 1474 1499 in-

80 1527 300 1575 tellexerunt.
358 1526 482 1560 Obiter
512 1530 630 1561 tamen
663 1520 809 1568 moneo,
850 1524 889 1559 iu
930 1525 1076 1568 vulgata
1110 1524 1317 1558 mendosum
1359 1522 1473 1557 videri

81 1584 309 1628 imperatum,
344 1595 415 1628 quo
450 1583 621 1618 sententia
644 1584 798 1618 absurda
826 1583 890 1623 fit;
924 1592 1034 1625 quare
1055 1584 1150 1615 recte
1172 1580 1370 1615 Acidalium
1396 1592 1474 1613 cor-

78 1639 212 1674 rexisse
245 1645 328 1684 puto
359 1642 563 1685 imperatur.
623 1631 757 1685 Neque
786 1641 941 1675 multum
983 1639 1168 1673 dissimiles
1210 1642 1289 1672 sunt
1319 1638 1359 1672 hi
1383 1637 1474 1671 loci:

82 1696 154 1732 Cic.
179 1698 267 1741 Epp.
291 1697 335 1732 ad
358 1698 496 1732 Famm.
517 1698 686 1740 X111,16.
718 1699 749 1732 si
772 1698 825 1737 uti
857 1697 1328 1731 commendationibus
1359 1697 1475 1737 vellet,

80 1755 145 1799 per
168 1756 255 1790 alios
277 1756 324 1790 id
349 1767 425 1790 eum
448 1757 610 1790 videbam
634 1758 793 1802 consequi
813 1767 936 1800 posse,
962 1758 997 1788 et
1020 1752 1096 1800 mv?
1130 1754 1260 1787 XXX}
1261 1754 1304 1794 11,
1330 1751 1388 1794 54,
1415 1752 1474 1787 21.

85 1813 263 1856 Barbari,
296 1825 378 1857 quo
401 1814 585 1859 gaudent,
616 1826 750 1860 reges
783 1814 948 1847 habeant.
995 1811 1064 1846 His
1096 1823 1185 1855 quae
1216 1811 1261 1844 ad
1294 1811 1388 1844 hanc
1421 1810 1477 1843 di-

84 1871 183 1905 cendi
214 1870 386 1906 rationem
419 1871 670 1905 defendendam
703 1868 804 1905 attuli
828 1883 896 1905 non
928 1869 1120 1913 spernenda
1144 1867 1277 1902 accedit
1308 1867 1477 1912 analogia

84 1929 328 1962 adverbiorum
350 1929 416 1963 loci
450 1929 496 1962 ad
525 1925 742 1963 substantiva
777 1929 990 1969 relatorum,
1023 1927 1067 1960 dc
1101 1925 1226 1970 quihus
1259 1925 1396 1970 egimus
1430 1926 1475 1958 ad

85 1996 117 2019 c.
140 1986 184 2030 ἶ,
202 1985 240 2020 2.
272 1985 405 2030 Quodsi
436 1985 668 2030 reputaveris
675 1986 765 2019 bene
788 1985 858 2019 dici
880 1983 1052 2029 potuisse.
1087 1983 1231 2017 servitia
1254 1984 1476 2028 repudiabat,

85 2043 203 2077 unde
234 2043 335 2077 initio
371 2043 469 2076 baud
499 2054 627 2088 parum
663 2043 790 2076 auxilii
827 2043 893 2076 sibi
926 2045 1009 2086 fore
1053 2045 1276 2088 speraverat,
1316 2041 1476 2085 profecto

87 2110 156 2133 non
178 2102 249 2140 est,
272 2100 366 2143 quod
388 2100 486 2134 cuius
507 2111 576 2134 non
598 2096 782 2151 ferendum
804 2110 955 2133 censeas

179 2156 303 2201 simul]
339 2157 442 2190 Hanc
464 2158 650 2198 voculam,
674 2147 782 2200 quum
805 2155 938 2199 aliquot
960 2153 1045 2188 libri
1068 2164 1137 2187 non
1159 2154 1478 2196 habent‚Co1·tius

89 2214 220 2247 temere
252 2212 289 2246 in
327 2213 560 2257 suspicionem
590 2224 720 2247 vocare
753 2213 905 2254 studuit3
946 2211 1021 2246 eius
1053 2210 1130 2244 vim
1160 2210 1197 2245 in
1230 2211 1480 2257 coniungendis

89 2269 390 2304 enunciationibus
418 2270 674 2304 illustravimus
706 2268 751 2303 ad
782 2282 812 2304 c.
843 2270 940 2311 XIX,
965 2269 998 2303 2.
1031 2269 1122 2302 unde
1156 2279 1365 2313 cognoscas,
1400 2280 1478 2303 eam

89 2327 129 2361 h.
153 2328 178 2361 l.
215 2327 336 2361 abesse
367 2338 434 2361 non
468 2337 580 2370 posse.
628 2328 724 2360 idem
759 2327 897 2360 eortius
931 2327 1160 2367 existumans,
1194 2327 1287 2370 quod
1329 2326 1479 2370 quinque

92 2384 191 2418 codd.
223 2383 406 2428 ignorant,
448 2393 517 2417 nou
559 2384 708 2427 probum
739 2395 898 2425 censens,
937 2383 1068 2416 nodum
1100 2383 1137 2417 in
1177 2384 1293 2428 scirpo
1332 2385 1480 2428 quaerit,

91 2441 301 2486 ingenioque
325 2441 499 2483 abutitur,
530 2442 644 2475 videri
667 2444 820 2474 statuens
855 2452 918 2484 pro
941 2441 1127 2475 videbatur
1148 2440 1300 2485 positum
1325 2452 1346 2474 a
1362 2444 1480 2484 frctus

91 2499 253 2543 pendere.
269 2517 316 2524 —·
342 2499 397 2531 De
419 2498 633 2542 pronominis
667 2497 858 2542 personalis
893 2498 1009 2542 ellipsi
1032 2497 1068 2532 in
1096 2498 1351 2533 constructione
1374 2510 1481 2532 accu—

92 2556 198 2591 sativi
223 2568 253 2590 c.
277 2556 341 2591 inf.
363 2555 502 2602 egimus
525 2557 571 2593 ad
594 2568 623 2590 c.
640 2556 771 2598 XXXI,
787 2555 821 2591 7.
847 2555 943 2592 Adde
965 2555 1149 2593 Moebium
1171 2556 1218 2592 ad
1237 2555 1337 2592 Caes.
1361 2555 1405 2590 B.
1434 2555 1477 2589 G.

35 2611 38 2614 ⁴
92 2614 131 2657 ι,
150 2613 218 2657 14,
240 2613 275 2648 1.
