1630 3034
179 187 263 228 448
547 177 592 222 G.
624 177 955 221 SALLUSTI
985 177 1201 221 CRISPI

180 301 387 359 reputate
424 309 526 338 cum
562 294 717 339 animis
759 296 939 350 vostris,
983 310 1090 339 num
1133 295 1180 339 id
1214 296 1375 341 mutari
1409 295 1585 342 melius

182 398 257 450 sit,
304 395 339 438 si
389 406 523 451 quem
570 406 624 436 ex
662 392 739 435 illo
787 392 928 452 globo
975 393 1210 437 nobilitatis
1255 392 1315 437 ad
1357 393 1447 437 hoc
1493 398 1569 436 aut

182 493 302 539 aliud
336 490 426 534 tale
461 489 695 549 negotium
723 488 921 544 mittatis,
956 489 1185 533 hominem
1220 489 1380 534 veteris
1408 505 1568 550 prosa-

146 560 150 563 ·
180 593 284 654 piae
319 605 372 633 ac
406 586 645 630 multarum
680 585 924 645 imaginum
961 592 1005 630 et
1040 587 1199 631 nullius
1231 587 1446 647 stipendi,
1483 587 1567 631 sci-

183 691 286 734 lieet
319 691 368 730 ut
402 684 447 727 in
480 689 601 749 tanta
639 697 690 726 re
734 683 914 743 ignarus
959 683 1156 728 omnium
1186 683 1406 744 trepidet,
1443 683 1590 728 festi-¹

182 837 278 869 Rene
294 835 419 877 facere
444 827 659 872 explicatum
684 830 735 861 est
762 827 806 861 ad
831 827 905 862 eat.
929 828 992 871 Ill,
1018 828 1051 862 1.
1072 848 1116 854 —
1141 829 1212 863 Pro
1234 830 1341 864 vortit
1363 827 1465 862 multi
1487 826 1571 862 libri

180 896 275 931 male
296 892 427 926 habent
444 889 593 923 vertitur
606 900 620 929 ,·
643 899 678 920 v,
705 887 750 922 ad
775 887 853 922 Cat.
878 888 937 931 Π,
962 888 997 924 7.

273 957 306 998 ς.
332 952 393 987 10.
440 950 563 983 bellum
586 959 641 982 me
664 959 789 993 gerere
813 968 856 973 —
880 948 1053 993 iussistis]
1091 949 1242 983 Temere
1266 950 1403 985 Cottius
1425 949 1571 984 coniecit

179 1015 400 1053 scribendum
431 1022 506 1045 esse
541 1010 663 1044 bellum
699 1009 785 1043 mihi
817 1009 985 1049 iussistis,
1019 998 1117 1044 coild.
1150 1011 1312 1045 omnibus
1344 1010 1571 1055 obstantibus,

179 1078 248 1113 nisi
269 1075 362 1121 qnod
386 1072 507 1107 Guelf.
530 1070 588 1107 11.
613 1070 699 1104 mihi
723 1080 786 1114 pro
809 1081 865 1103 me
887 1070 1008 1104 habet.
1034 1091 1079 1096 —
1108 1072 1244 1114 Quaeso
1259 1097 1270 1114 ‚
1305 1071 1397 1115 quod
1418 1072 1572 1115 plerum-

180 1151 248 1184 que
271 1134 421 1172 orationi
454 1131 639 1172 inseritur,
673 1131 719 1165 cf.
757 1131 905 1176 Fragm.
940 1131 1035 1165 Hist.
1058 1132 1086 1174 Ι,
1111 1132 1168 1175 19,
1191 1132 1248 1167 13.
1277 1133 1325 1168 ib.
1348 1133 1406 1175 IV,
1431 1132 1489 1173 12,
1511 1131 1570 1166 16.

180 1202 320 1244 Zumpt.
345 1197 506 1231 Gramm.
530 1193 608 1228 Lat.
633 1193 665 1234 §.
687 1190 744 1226 59.
766 1203 804 1229 n.
827 1192 884 1227 13.
911 1205 947 1237 p.
969 1192 1051 1227 202.
1067 1192 1121 1229 ed.
1143 1193 1214 1235 lv„
1230 1193 1268 1226 h.
1293 1194 1317 1227 l.
1342 1193 1572 1238 praemissum

179 1260 334 1301 indicat,
369 1258 500 1301 quanta
522 1254 559 1287 vi
582 1253 719 1287 Marius
743 1257 777 1288 et
801 1253 875 1297 ipse
899 1257 1097 1288 commotus
1121 1253 1190 1295 sit,
1220 1257 1255 1288 et
1281 1254 1375 1298 plebi
1397 1254 1510 1289 instet.
1526 1271 1573 1279 --
1624 1273 1627 1276 -

181 1323 357 1366 Reputate
382 1328 475 1352 cum
513 1314 676 1349 animis
706 1314 888 1359 tetigimus
916 1325 1022 1358 supra
1045 1314 1088 1348 ad
1120 1326 1152 1349 c.
1177 1315 1239 1357 xl,
1263 1314 1297 1349 8.
1314 1335 1361 1341 —
1389 1316 1571 1349 Illustrat!-

181 1383 233 1417 dis
257 1380 375 1415 verbis
398 1378 436 1413 id
458 1377 591 1411 mutari
625 1375 858 1410 subiiciuntur
890 1375 1070 1419 sequentia
1095 1375 1126 1409 si
1149 1387 1249 1420 quem
1273 1395 1320 1401 -
1343 1377 1504 1411 mittatis.
1528 1395 1571 1400 —

182 1444 352 1479 Globus
382 1438 576 1474 nobilitatis
601 1437 646 1471 ad
671 1435 840 1470 iuvidiam
865 1436 1062 1471 faciendam
1098 1436 1230 1471 dictum
1253 1442 1315 1475 est.
1361 1437 1454 1472 Nam
1476 1440 1515 1471 ut
1537 1435 1573 1470 in

178 1517 218 1540 re
243 1501 391 1539 militari
412 1500 554 1546 globum
571 1501 696 1543 facere
719 1496 848 1531 dicitur
871 1498 913 1531 de
936 1497 1132 1542 constipata
1149 1502 1184 1533 et
1207 1498 1242 1532 in
1266 1509 1374 1533 unum
1397 1500 1574 1531 coarctata

178 1577 306 1606 manu,
338 1572 444 1607 quam
464 1560 561 1594 nulla
583 1558 740 1593 hostium
763 1558 818 1592 vis
841 1559 1007 1604 frangere
1029 1560 1160 1604 possit,
1191 1571 1226 1594 ν.
1250 1558 1466 1595 Boetticheri
1490 1558 1572 1593 [aex.

179 1625 297 1661 Tacit.
332 1624 370 1658 h.
399 1633 434 1658 v.
466 1632 502 1665 p.
534 1619 628 1663 223„
670 1618 721 1653 ita
751 1619 876 1664 globus
908 1621 1122 1655 vocabulum
1167 1621 1213 1656 ad
1245 1621 1368 1656 civiles
1402 1619 1573 1654 factiones

179 1685 387 1721 translatum
411 1680 590 1727 significat
612 1680 713 1725 quasi
737 1681 918 1715 cohortem
943 1681 1239 1725 conspirantium,
1265 1693 1351 1726 quos
1373 1681 1489 1716 nullus
1508 1679 1572 1715 ad-

179 1756 302 1781 versae
332 1742 444 1789 partis
473 1742 623 1787 impetus
659 1740 821 1774 disiicere
857 1741 985 1776 valeat.
1022 1742 1146 1776 Vellei.
1178 1743 1230 1785 ΙΙ,
1263 1742 1322 1786 58,
1347 1743 1382 1779 1.
1428 1742 1479 1776 111·
1499 1752 1571 1775 una

179 1819 256 1842 eum
294 1804 543 1840 coniurationis
584 1802 725 1849 globo
765 1802 979 1846 Capitolium
1011 1814 1235 1848 occupavere.
1264 1803 1354 1847 Nep.
1394 1801 1501 1836 Attio.
1538 1813 1570 1835 c.

179 1868 268 1909 vul,
290 1865 324 1903 4.
373 1866 437 1899 Ille
471 1864 699 1899 consensionis
733 1863 899 1908 globus
931 1865 1033 1898 huius
1056 1865 1157 1898 unius
1182 1865 1390 1899 dissensione
1411 1863 1572 1898 disiectus

179 1934 242 1965 est.
265 1948 311 1954 —
338 1927 527 1971 Prosapiae
551 1925 763 1961 vocabulum
787 1935 856 1959 non
879 1925 993 1959 solum
1018 1924 1124 1968 prisci
1148 1937 1232 1960 usus
1253 1936 1348 1967 esse,
1381 1925 1441 1960 sed
1464 1924 1572 1959 etiam

178 1991 224 2025 ob
250 1990 284 2024 id
317 1988 432 2035 ipsum
464 1987 647 2022 commode
678 1985 714 2020 in
746 1996 784 2019 re
808 1985 952 2030 antiqua
976 1989 1011 2020 et
1034 1998 1056 2021 a
1080 1986 1197 2022 Mario
1222 1986 1360 2031 plebeio
1384 1990 1418 2021 et
1439 1985 1571 2020 inculto

178 2051 322 2086 homine
344 2048 507 2093 usurpari
529 2047 668 2082 Cortius
692 2046 764 2081 iam
791 2047 1004 2082 observavit.
1028 2048 1075 2083 ef.
1100 2048 1172 2085 Cic.
1196 2049 1238 2082 de
1261 2047 1433 2084 Universo
1455 2058 1485 2082 c.
1510 2046 1572 2083 xl.

181 2113 412 2148 Memoremus
446 2110 561 2144 lovem
587 2113 693 2154 atque
725 2108 914 2151 Iunonem,
947 2109 1118 2154 reliquos,
1153 2114 1187 2144 et
1219 2120 1360 2151 eorum,
1389 2113 1437 2143 ut
1471 2113 1570 2143 uta-

177 2186 273 2208 mur
302 2171 453 2208 veteri
482 2170 640 2211 verbo,
672 2170 888 2214 prosapiam.
938 2171 1094 2205 Eandem
1126 2182 1249 2206 vocem
1283 2170 1430 2216 Quintil.
1466 2170 1501 2212 1,
1533 2169 1569 2212 6,

176 2235 235 2269 40.
261 2235 367 2269 refert
390 2233 480 2268 inter
503 2231 678 2266 vocabula
702 2231 746 2264 ab
780 2231 913 2265 ultimis
936 2236 971 2266 et
994 2232 1066 2266 iam
1090 2232 1284 2267 obliteratis
1307 2232 1459 2278 repetita
1483 2236 1570 2266 tem-

177 2297 337 2340 poribus‚·
367 2294 413 2329 εἰ.
437 2292 539 2328 eund.
565 2292 657 2334 vlu,
678 2291 712 2335 3,
739 2291 796 2326 26.
843 2293 962 2337 Quum
986 2293 1100 2328 Nonio
1123 2297 1210 2328 teste
1232 2294 1273 2339 I²
1297 2293 1378 2328 343.
1419 2293 1508 2327 Cato
1533 2292 1569 2326 iu

178 2356 305 2401 origg.
328 2356 353 2390 1.
379 2354 506 2389 dixerit
529 2359 664 2389 veteres
684 2354 867 2398 prosapias
890 2355 994 2398 (vett.
1017 2355 1204 2392 Historicc.
1228 2355 1410 2400 Fragmm.
1430 2365 1465 2398 p.
1487 2352 1568 2389 375.

179 2429 212 2451 n.
237 2417 271 2452 8.
295 2417 349 2452 ed.
373 2416 616 2460 Frotscher.)‚
640 2415 744 2449 valde
768 2415 952 2459 probabile
975 2419 1027 2450 est
1049 2415 1254 2451 Sallustium
1277 2416 1346 2450 hoc
1371 2426 1413 2449 ex
1437 2415 1569 2450 Catone

178 2477 380 2521 sumpsisse.
402 2495 449 2503 —
483 2478 535 2511 De
559 2475 772 2521 imaginibus
796 2487 829 2509 v.
855 2475 899 2510 ad
924 2487 955 2510 e.
980 2476 1037 2518 lv,
1061 2476 1095 2511 5.
1119 2489 1154 2521 p.
1176 2477 1234 2511 2⁴.
1260 2495 1301 2504 -
1327 2477 1464 2511 Scilicet
1487 2485 1566 2509 eum

179 2538 292 2572 ironia
322 2538 453 2572 (lictum
477 2550 551 2572 esse
574 2536 774 2572 monuimus
811 2537 855 2572 ad
889 2549 919 2573 c.
944 2538 1036 2578 xm,
1057 2537 1092 2571 3.
1120 2556 1162 2562 -
1189 2538 1243 2571 Es·
1265 2538 1409 2582 populo,
1434 2536 1457 2570 i.
1483 2547 1514 2570 e.
1536 2535 1566 2569 si

178 2611 253 2633 rem
277 2599 388 2643 ipsam
423 2603 458 2633 et
481 2598 588 2633 Marii
612 2602 763 2632 mentem
790 2602 947 2641 spectas,
981 2608 1022 2631 ex
1044 2599 1155 2642 plebe.
1204 2598 1318 2641 Saepe
1340 2596 1432 2631 enim
1455 2607 1562 2641 popu-

179 2661 232 2694 lus
256 2660 436 2693 dicebatur
458 2672 522 2704 pro
555 2660 618 2694 illa
641 2663 740 2704 purte
771 2657 910 2702 populi,
945 2668 1035 2702 quae
1058 2660 1194 2693 Romae
1217 2658 1358 2703 proprie
1385 2657 1481 2702 plebs
1505 2669 1566 2692 vo-

180 2722 344 2761 cabatur,
376 2731 466 2764 quae
498 2725 576 2755 sunt
612 2721 719 2754 verba
748 2718 1031 2753 Drakenborchii
1068 2719 1110 2753 ad
1144 2719 1220 2755 mv.
1257 2718 1337 2759 vu,
1370 2718 1435 2760 42,
1461 2719 1493 2752 1.
1519 2719 1564 2752 ct’.

182 2782 310 2816 Duker.
337 2781 379 2816 ad
415 2782 549 2820 xxm,
571 2781 636 2822 5⁰,
661 2782 693 2815 1.
717 2785 751 2815 et
773 2779 914 2815 Fen-«lin.
939 2779 1143 2814 Schulzium
1177 2780 1220 2813 de
1241 2779 1399 2814 comitiis
1423 2780 1564 2815 Romm.
