1630 3034
159 162 217 201 98
523 156 569 199 G.
599 151 943 199 SALLUSTI
973 150 1200 201 CRISPI

125 273 274 317 5fides
318 287 454 332 quam
509 273 702 334 pecunia
746 272 842 317 fuit.
923 271 975 316 In
1020 271 1235 317 divisione
1285 284 1400 332 quae
1448 290 1554 336 pars

159 456 189 488 p.
214 443 295 480 595.
318 445 396 490 lug.
422 444 502 486 XX,
525 442 586 485 5.,·
610 444 679 479 tale
701 447 753 480 est
774 446 893 479 autem
915 444 1092 478 inimicum
1110 445 1369 479 accuratissime
1391 446 1555 491 recipere,

157 505 250 548 quod
282 516 304 539 a
337 509 464 539 natura
500 505 634 551 ingenii
664 505 812 540 humani
850 505 1029 539 abhorret.
1083 505 1267 540 Postremo
1305 505 1335 539 si
1367 506 1558 542 Sallustius

158 565 341 609 Opimium
371 566 566 610 Iugurthae
595 565 750 601 amicum
782 564 891 599 fuisse
923 565 1090 599 voluisset
1129 565 1268 607 dicere,
1302 577 1370 600 non
1407 567 1558 602 debebat

158 626 207 659 ita
232 625 350 668 loqui,
377 630 415 659 ut
438 626 473 659 in
497 627 646 671 vulgata
679 630 752 668 est,
786 626 845 659 sed
869 626 944 660 sic:
978 637 1054 660 eum
1080 625 1160 671 Iug.
1207 637 1337 671 quum
1369 627 1459 660 iam
1483 628 1569 681 Ro-¹

157 698 236 720 mae
261 687 297 720 in
321 687 442 720 amicis
465 686 738 730 habuisset,
763 692 918 722 accurat.
943 687 1083 730 recepit.
1132 686 1233 729 Quae
1257 697 1365 730 quum
1392 687 1442 721 ita
1474 687 1555 732 sint,

157 759 226 781 non
241 744 398 780 ‘dubium
422 750 474 781 est
499 746 584 791 quin
608 747 712 780 unice
734 758 858 781 verum
885 747 932 781 sit
956 747 993 780 in
1016 747 1165 781 inimicis
1182 773 1193 789 ,
1218 759 1323 792 quam
1347 747 1557 791 scripturam

158 807 332 852 integram
355 806 512 841 servavit
536 807 610 841 cod.
637 807 846 842 Commelin.
892 808 1058 842 Proxime
1081 803 1314 858 acceditwl'in.
1339 808 1372 842 2.
1397 809 1557 852 inimicis,

156 868 230 901 sine
263 869 321 909 in,
356 868 451 911 quod
482 867 663 902 absorberi
695 869 822 912 potuit.
877 869 1006 903 Paullo
1038 857 1264 913 depravatior
1301 873 1352 903 eet
1381 871 1558 915 scriptura

155 929 271 963 Palat.
297 929 332 963 7.
359 929 533 969 inimicos,
564 928 657 962 unde
688 929 886 977 Gronovius
920 930 965 963 ad
990 941 1130 964 sensum
1162 929 1246 964 satis
1270 930 1360 964 bene
1384 931 1468 965 fecit
1490 932 1556 965 ini-

155 991 294 1024 micum.
314 1009 360 1014 —
388 990 615 1024 pollicitando
640 990 883 1024 tantummodo
907 993 1024 1023 tenent
1055 986 1218 1025 Fabrsl.
1242 990 1356 1024 Paris.
1382 1002 1413 1025 z.
1437 992 1559 1028 Berol.

155 1050 187 1082 1.
213 1050 332 1083 Mark.
361 1051 404 1084 Γ.
429 1049 504 1083 Vin.
529 1048 562 1082 2.
586 1049 655 1082 luc.
680 1048 712 1082 1.
739 1049 862 1084 StruV.
888 1049 1005 1083 Guelf.
1030 1049 1067 1082 7.
1092 1049 1148 1084 12.
1182 1044 1263 1084 Eri.
1290 1052 1383 1096 Teg.
1407 1053 1497 1086 Tur.
1523 1054 1558 1088 1.

154 1121 203 1143 m
228 1121 319 1150 sec.;
344 1110 380 1143 in
402 1109 543 1143 relicuis
568 1112 619 1143 est
639 1110 853 1153 pollicendo,
878 1109 970 1153 quod
994 1108 1109 1143 minus
1133 1110 1354 1154 probandum
1378 1123 1453 1146 esse
1468 1113 1559 1147 dixi-

156 1181 233 1203 mus
256 1170 301 1205 ad
326 1169 1237 1215 Cat.xxxx111,1.p.177.1ug.1111‚1.——
1274 1172 1394 1207 Multa
1418 1174 1559 1209 eortius

157 1231 258 1265 unius
284 1232 411 1265 Franc.
435 1231 503 1264 fide
526 1231 667 1265 delevit.

242 1293 370 1335 fama,
386 1292 478 1335 fide]
506 1291 558 1325 lta
573 1291 713 1336 scripsit
737 1291 876 1326 Cortius
892 1303 934 1324 ex
957 1291 1084 1325 Nazar.
1102 1290 1276 1325 Commel.
1299 1293 1383 1330 Bas.
1400 1294 1433 1328 1.
1451 1294 1558 1331 Fabr,

155 1352 187 1385 1.
214 1352 249 1386 2.
276 1353 402 1396 quibus
427 1352 596 1386 accedunt
614 1350 745 1386 VVassii
761 1353 804 1385 Β.
829 1351 934 1385 Publ.
958 1351 1169 1385 Pembroch.
1196 1351 1288 1397 Teg.
1314 1354 1433 1388 Turic.
1450 1355 1557 1390 Bem.

155 1413 190 1446 3.
217 1413 328 1449 Paris.
350 1413 386 1447 h.
413 1424 443 1446 c.
473 1424 507 1446 x.
542 1425 573 1447 z.
613 1413 802 1447 Einsiedel.
850 1412 906 1444 Ex
943 1412 1067 1446 ceteris
1099 1412 1234 1455 aliquot
1263 1415 1394 1449 habent
1417 1419 1556 1460 famae,

148 1473 242 1515 fide,
267 1473 424 1517 plerique
446 1476 565 1506 autem
582 1475 728 1515 famae,
744 1472 858 1516 fidei,
883 1472 976 1516 quod
1000 1473 1235 1516 Havercamp.
1264 1474 1370 1519 Bipp.
1395 1477 1553 1522 Langius

154 1538 189 1567 et
216 1532 409 1567 Muellerus
435 1532 472 1566 in
495 1535 591 1565 textu
616 1536 867 1576 expresserunt.
916 1532 985 1565 Sed
1009 1533 1184 1567 ablativus
1208 1537 1246 1568 ut
1269 1535 1472 1570 verissimus
1494 1540 1558 1574 est,

154 1593 205 1628 ita
229 1605 310 1626 eum
342 1592 433 1627 alius
457 1592 528 1626 alio
564 1592 663 1636 peius
687 1592 891 1637 explicavit.
939 1592 1078 1627 Curtius
1112 1594 1207 1627 enim
1240 1606 1348 1638 quum
1373 1596 1488 1640 primo
1512 1596 1557 1632 de

153 1654 297 1697 antiquo
321 1654 440 1688 dativo
459 1655 565 1696 fama
591 1653 817 1695 somniasset,
841 1652 975 1686 scilicet
999 1665 1039 1686 ex
1058 1655 1180 1696 samai
1203 1655 1383 1690 decurtato
1398 1683 1408 1698 ‚
1433 1662 1472 1691 ut
1492 1670 1558 1692 usa

153 1715 290 1749 tactum
328 1726 369 1747 ex
404 1714 506 1753 usui,
541 1719 679 1756 postca,
718 1714 774 1747 his
807 1713 912 1758 nugis
940 1713 1108 1754 abiectis,
1142 1714 1341 1749 ablativum
1376 1717 1412 1750 vi
1445 1718 1557 1753 dativi

154 1775 306 1819 positum
329 1779 464 1814 censet,
496 1774 720 1808 alienissimis
753 1775 922 1818 exemplis
951 1784 1054 1815 usus,
1088 1775 1186 1808 velut
1222 1775 1297 1810 Cat.
1324 1777 1368 1819 11,
1392 1776 1426 1811 9.
1461 1790 1484 1812 α
1502 1780 1555 1813 li·

152 1847 232 1879 quo
272 1835 466 1880 negotio
508 1835 742 1875 intentus,
780 1835 840 1869 ubi
876 1847 907 1868 v.
941 1846 1033 1878 quae
1067 1835 1248 1878 diximum
1279 1837 1352 1870 Cic.
1392 1838 1484 1882 Epp.
1510 1840 1556 1873 ad

153 1896 256 1930 Attic.
282 1896 325 1938 X,
347 1895 407 1936 18,
430 1895 476 1929 in.
510 1896 784 1939 tranquillitates
815 1897 993 1929 maiore
1029 1897 1365 1940 impedimento
1393 1902 1555 1942 suerunt,

151 1969 256 2001 quam
281 1957 477 1997 custodiae,
503 1966 573 1999 qua
598 1956 739 1990 variata
762 1959 938 1990 structura
963 1956 1050 1991 nihil
1076 1963 1129 1992 est
1153 1958 1288 1999 tritius3
1321 1959 1437 1993 Tacit.
1463 1961 1553 1994 Anu.

153 2018 212 2059 ΙΙΙ,
237 2018 293 2058 19,
318 2017 351 2052 2.
377 2018 405 2050 is
420 2018 509 2060 finis
527 2018 602 2060 suit
627 2018 903 2052 ulciscenda
930 2019 1132 2051 Germanici
1155 2023 1321 2059 morte,
1360 2018 1419 2061 qni
1446 2020 1555 2061 locus,

151 2078 256 2112 nostri
297 2090 338 2112 eo
374 2083 508 2111 tantuin
541 2078 694 2120 siniilis,
725 2077 817 2121 quod
848 2076 965 2111 dativo
1000 2078 1113 2122 posito
1140 2083 1338 2113 structurae
1370 2079 1556 2115 insolentia

152 2140 287 2172 tollitur
304 2164 314 2181 ,
348 2139 455 2172 etiam
492 2140 699 2173 Kunhardto
724 2137 921 2171 ablativum
945 2138 1102 2173 stabilire
1129 2140 1277 2173 videtur.
1326 2140 1439 2174 Aliter
1463 2141 1552 2174 Ger-

151 2201 287 2234 taching
309 2200 601 2233 constructionem
636 2199 812 2243 explicare
837 2203 983 2232 conatus
1007 2206 1078 2241 cst,
1110 2200 1170 2244 qui
1194 2211 1328 2244 „quum
1353 2199 1476 2234 multis
1500 2199 1553 2235 lo·-

150 2261 218 2300 cis,
244 2261 377 2304 inquit,
404 2261 448 2293 ad
474 2260 647 2304 liquidum
675 2260 816 2304 perduci
841 2271 909 2293 non
934 2260 1070 2304 possit,
1097 2261 1219 2295 tertius
1243 2271 1287 2294 au
1310 2266 1427 2295 sextus
1451 2265 1553 2295 casus

152 2322 236 2355 huic
261 2323 366 2355 verbo
400 2321 567 2366 iungatur
585 2347 594 2362 ,
629 2325 705 2355 tum
738 2321 827 2354 haec
857 2325 1032 2355 structura
1065 2333 1107 2355 eo
1132 2321 1271 2354 defendi
1296 2325 1432 2366 potest,
1459 2321 1553 2365 quod

151 2393 191 2415 cx
228 2383 364 2415 Gracco
389 2381 460 2425 πρὸ
502 2382 657 2417 πάντων
681 2382 879 2417 ποιεῖσθαί
902 2394 958 2423 τι,
983 2380 1055 2425 πρὸ
1081 2382 1235 2418 πάντων
1258 2381 1406 2417 ἑλέσθαι
1430 2393 1466 2417 τι
1490 2392 1551 2415 ex-

152 2453 270 2485 pressa
295 2453 368 2475 csse
392 2443 587 2485 videon-‚⁴⁶
612 2455 683 2487 quo
708 2443 765 2476 vix
790 2441 979 2486 quicquam
1004 2443 1155 2487 ineptius
1181 2442 1330 2488 cogitari
1361 2446 1422 2476 aut
1443 2441 1551 2476 scribi

151 2503 275 2546 potuit.
324 2504 443 2545 Neque
472 2503 539 2537 sibi
572 2503 728 2538 constitit
762 2504 801 2536 V.
829 2505 890 2544 l).‚
919 2503 954 2535 in
987 2504 1042 2537 cd.
1076 2503 1266 2537 novissima
1294 2505 1448 2545 famae,
1472 2501 1551 2545 fido

150 2564 314 2598 scribens.
362 2565 492 2598 Verum
518 2564 694 2608 perspexit
719 2564 850 2608 Georg.
886 2564 1021 2597 Ludov.
1051 2565 1190 2598 Walch.
1216 2565 1250 2597 in
1277 2562 1447 2595 Emendd.
1471 2561 1549 2595 Liv.

150 2637 180 2658 c.
207 2626 265 2658 ΙΙΙ.
290 2637 325 2668 p.
348 2624 417 2666 52„
443 2624 501 2667 qui
535 2636 643 2668 ‹liinm
681 2625 716 2658 in
751 2627 927 2667 ants-serre
960 2625 1069 2657 verbo
1105 2623 1336 2667 comparativi
1370 2621 1549 2655 notionem

151 2685 262 2719 inesse
293 2685 457 2726 vidisset,
495 2686 690 2720 ablativum
724 2698 790 2718 non
822 2686 894 2719 alia
939 2685 1072 2719 rntione
1111 2685 1261 2728 positum
1294 2694 1366 2717 esec
1399 2681 1546 2722 monuit,

151 2757 264 2797 qnam·
288 2757 379 2790 quae
411 2746 654 2789 comparativo
687 2746 849 2780 adiectis-i
886 2757 1094 2790 praegresso
1126 2745 1278 2784 obtinet,
1311 2750 1345 2777 et
1376 2742 1548 2787 primaria
