1630 3034
334 220 349 231 ,
390 174 745 219 IUGURTHA.
796 172 923 216 CAP.
953 170 1184 216 LXXXV.
1404 176 1488 217 465

50 298 53 300 ’
108 294 251 347 iuvat,
304 291 430 350 quod
484 306 634 336 carum
679 293 947 343 aestumant,
1000 288 1048 332 id
1089 303 1265 348 semper
1308 288 1486 346 faciant,

108 395 281 443 ament,
325 394 506 448 potent,
553 389 629 432 ubi
667 386 1013 431 adulescentiam
1052 385 1274 442 habuere,
1315 385 1376 429 ibi
1412 401 1484 430 se—

106 491 331 530 nectutem
370 490 533 544 agant,
581 485 627 528 in
673 482 879 527 conviviis
895 515 908 538 9
948 481 1086 526 dediti
1129 482 1269 526 ventri
1311 487 1356 525 et
1387 488 1483 525 tur-

102 583 325 642 pissumae
365 582 481 641 parti
524 580 746 641 corporis;
783 578 1013 633 sudorem,
1047 578 1280 637 pulverem
1319 584 1363 622 et
1399 579 1483 622 alia

100 679 205 722 talia
247 679 496 735 relinquant
538 677 690 733 nobis,
728 675 886 734 quibus
923 675 996 718 illa
1046 674 1187 734 epulis
1221 674 1482 718 iucundiora

100 780 211 820 sunt.
281 773 450 819 Verum
485 788 572 817 non
601 779 668 817 est
706 772 778 816 ita.
850 772 968 815 Nam
1006 770 1082 815 ubi
1111 786 1158 815 se
1184 771 1359 832 flagitiis
1395 771 1478 816 de-
1490 774 1546 818 42

96 943 180 973 runt
202 938 349 972 maiores
372 937 481 971 nostri
489 949 502 977 ‚-
534 936 595 971 ubi
618 948 651 971 v.
675 937 807 971 Duker.
830 955 874 960 —
901 936 988 970 Esse
1011 939 1087 979 post
1111 936 1315 970 divitiarum
1338 934 1479 968 Curtius

96 998 244 1040 delevit,
278 1010 384 1042 quum
408 1008 450 1032 ea
474 1009 541 1032 vox
564 998 599 1032 in
632 998 728 1032 codd.
754 996 914 1038 Gruteri‚
939 997 1060 1038 Rivii,
1081 997 1192 1030 Laud.
1219 996 1252 1029 2.
1277 995 1311 1029 3.
1335 995 1478 1029 Balliol.

94 1059 234 1095 Fabric.
255 1059 290 1094 1.
322 1059 401 1093 Seu.
425 1060 458 1093 1.
484 1059 519 1094 2.
549 1060 674 1092 Heuss.
708 1059 778 1092 Inc.
802 1058 835 1091 1.
872 1058 989 1091 Guelf.
1014 1057 1046 1090 1.
1072 1057 1106 1092 2.
1131 1058 1165 1091 9.
1207 1057 1300 1090 Med.
1325 1056 1358 1089 1.
1383 1056 1416 1089 4.
1443 1055 1477 1090 8.

94 1119 152 1155 10.
176 1120 259 1154 ven.
285 1120 317 1154 1.
342 1119 376 1153 4.
401 1119 498 1154 Flor.
528 1119 560 1153 1.
593 1123 627 1153 et
651 1130 697 1154 m.
721 1130 773 1162 pr.
806 1118 842 1151 in
866 1117 978 1152 Paris.
1003 1129 1032 1153 z.
1067 1121 1101 1151 et
1126 1117 1245 1151 Goerl.
1272 1116 1382 1156 desit3
1408 1126 1477 1159 quo

92 1180 250 1214 codicum
282 1191 426 1214 numero
459 1184 635 1224 permotus
671 1178 900 1222 Gerlachius,
941 1190 1048 1223 quum
1086 1178 1122 1212 in
1155 1182 1251 1213 textu
1280 1176 1478 1210 retinuisset

91 1242 238 1275 verbum
254 1267 264 1285 ,
296 1241 333 1275 in
357 1242 564 1275 Commentt.
602 1252 634 1284 p.
659 1240 739 1275 318.
764 1239 999 1274 abiiciendum
1021 1242 1146 1271 censet.
1193 1239 1237 1272 Et
1260 1249 1342 1272 sane
1365 1241 1476 1281 potest

91 1306 276 1346 utrumque
299 1303 495 1336 membrum
519 1314 561 1336 ex
585 1301 703 1335 dativo
729 1301 882 1335 omnibus
906 1300 999 1334 bonis
1022 1303 1140 1342 aptum
1165 1311 1259 1341 esse,
1292 1299 1322 1332 si
1344 1302 1475 1332 statuas

91 1374 182 1406 esse,
221 1363 311 1406 quod
344 1363 500 1407 proxime
532 1363 577 1397 ad
604 1363 718 1396 decori
741 1363 908 1402 refertur,
941 1371 1002 1403 per
1028 1371 1177 1404 zeugma
1201 1359 1406 1403 simpliciter
1429 1359 1474 1392 ad

89 1423 267 1466 superiora
297 1424 410 1465 trahi,
444 1423 541 1457 cuius
573 1424 710 1467 generis
734 1428 945 1458 structuram
976 1420 1172 1454 notavimus
1197 1421 1240 1454 ad
1265 1421 1339 1454 Cat.
1364 1420 1474 1463 XVII,

89 1483 123 1516 2.
147 1495 181 1527 p.
206 1483 285 1524 823
320 1494 429 1526 neque
463 1484 633 1518 sententia
666 1484 715 1518 ita
741 1485 779 1518 fit
811 1482 1047 1517 incommoda.
1095 1481 1164 1515 Sed
1187 1493 1294 1524 quum
1318 1491 1474 1514 summae

89 1543 305 1578 auctoritatis
329 1544 405 1578 cod.
430 1545 508 1579 Vat.
532 1545 573 1577 A.
599 1556 669 1579 esse
692 1546 844 1587 habeat,
885 1554 964 1576 cum
998 1553 1106 1586 eoque
1135 1541 1231 1575 Leid.
1256 1542 1295 1576 L.
1329 1542 1412 1575 Bas.
1438 1541 1473 1576 1.

88 1604 219 1649 aliique
240 1604 323 1638 boni
348 1604 431 1638 libri
456 1605 692 1648 consentiant,
725 1604 835 1639 satius
866 1602 1041 1641 duximus,
1072 1603 1137 1636 hos
1169 1601 1291 1645 sequi,
1322 1612 1473 1645 praeser-

87 1665 150 1700 tim
174 1677 281 1710 quum
314 1665 483 1700 sententia
503 1664 676 1709 generalis
708 1663 743 1697 in
768 1664 927 1697 clausula
957 1663 1070 1707 posita
1103 1663 1279 1706 aliquanto
1303 1661 1472 1695 maiorem

86 1725 158 1760 vim
181 1737 287 1770 quam
310 1727 456 1771 vulgata
479 1726 610 1760 habere
642 1725 813 1759 videatur.
860 1724 976 1767 Quam
1005 1735 1122 1758 sensus
1146 1722 1380 1756 diversitatem
1404 1734 1471 1756 non

86 1786 399 1821 animadvertentes
431 1786 591 1831 librarii,
631 1785 735 1820 facile
764 1788 949 1830 potuerunt
979 1784 1078 1830 prius
1114 1796 1184 1819 esse
1208 1784 1244 1818 in
1271 1787 1368 1818 tanta
1390 1794 1473 1827 pro-

84 1848 277 1893 pinquitate
299 1847 463 1882 vitiosum
486 1847 652 1884 iudicare.

175 1911 208 1951 ς.
232 1908 290 1943 41.
338 1908 559 1952 aestumant]
590 1906 756 1943 Nonnulli
787 1905 885 1940 codd.
918 1905 1011 1938 male
1049 1903 1213 1938 exhibent
1248 1905 1468 1943 existiman&

83 1968 130 2002 cf.
156 1969 200 2002 ad
232 1970 306 2003 Cat.
342 1969 440 2011 vlu,
466 1968 500 2001 2.
534 1987 579 1992 -
611 1968 889 2001 Adulescentiam
923 1964 973 1998 ita
1010 1963 1173 1998 scribitur
1208 1964 1243 1996 in
1280 1964 1384 1998 Bern.
1413 1965 1468 2004 1.;

83 2028 193 2072 vulgo
213 2029 360 2062 odolesc.
384 2047 429 2053 —
464 2029 530 2061 Ubi
554 2028 704 2061 habuere
738 2026 789 2059 ita
813 2024 943 2059 dictum
967 2028 1019 2058 est
1052 2028 1090 2057 ut
1113 2024 1188 2057 Cat.
1214 2024 1269 2065 LI,
1295 2024 1350 2057 12.
1401 2024 1470 2066 Qui

84 2087 224 2121 demissi
264 2090 300 2121 in
329 2089 467 2122 obscuro
506 2089 646 2123 vitam
677 2086 852 2119 habent.
885 2105 928 2109 —
972 2085 1086 2118 Verba
1114 2085 1343 2128 turpissumae
1372 2083 1469 2127 porti

84 2147 233 2192 corporis
265 2147 409 2181 honesta
431 2146 738 2181 circumlocutione
762 2145 984 2190 significant,
1018 2155 1107 2188 qnae
1133 2148 1253 2178 auctor
1278 2145 1352 2178 Cat.
1378 2143 1468 2185 xlv,

83 2208 118 2242 2.
146 2207 261 2242 minus
284 2208 479 2242 verecunde
503 2219 564 2242 suo
588 2206 729 2242 nomine
761 2206 1009 2250 appellaverat.
1058 2205 1127 2238 Sed
1152 2205 1213 2238 tali
1238 2205 1468 2238 circumlocu-

83 2267 176 2302 tione
197 2267 234 2301 in
255 2268 358 2302 rebus
382 2269 563 2303 obscoenis
586 2267 760 2303 interdum
784 2271 926 2300 utuntur
947 2270 1102 2306 veteres3
1127 2265 1172 2298 cf.
1196 2265 1330 2298 Pseudo
1346 2283 1364 2289 -
1380 2264 1469 2298 Sall.

82 2328 127 2362 de
149 2329 238 2373 Rep.
262 2329 336 2362 ord.
360 2329 405 2371 ΙΙ,
428 2328 463 2371 9,
484 2329 518 2362 2.
567 2329 607 2362 L.
633 2329 777 2362 Domitii
800 2338 921 2360 monus
954 2331 1135 2366 cruentae,
1171 2325 1278 2369 pedes
1303 2327 1468 2370 fugaces,

82 2400 198 2434 quae
223 2389 415 2425 honeste
439 2390 672 2424 nominari
703 2392 938 2433 nequeunt
962 2387 1257 2421 inhonestissuma.
1281 2396 1315 2419 v.
1341 2385 1467 2418 Ruhn-

82 2449 162 2484 ken.
189 2449 233 2484 ad
256 2449 368 2485 Rutil.
392 2451 478 2494 Lup.
502 2451 531 2493 1,
556 2449 612 2484 18.
643 2462 677 2494 p.
700 2449 758 2483 61.
783 2449 959 2482 Creuzer..
976 2448 1020 2482 ad
1045 2447 1118 2482 Cic.
1144 2446 1186 2479 de
1209 2445 1250 2479 N.
1275 2447 1320 2479 D.
1345 2446 1388 2488 ll,
1408 2445 1466 2480 51.

81 2519 116 2553 p.
142 2509 222 2544 423.
247 2511 327 2545 Car.
351 2510 466 2544 Beier.
489 2511 533 2544 ad
558 2510 630 2544 off.
654 2510 683 2553 Ι,
708 2508 766 2552 35,
790 2508 869 2544 126.
895 2521 929 2553 p.
949 2508 1028 2542 263.
1052 2526 1097 2532 —
1134 2507 1299 2541 Sudorem
1322 2517 1364 2540 ac
1384 2507 1466 2551 pul-

82 2579 196 2603 vetem
219 2570 311 2603 ferre
344 2571 474 2606 milites
507 2570 660 2605 Romani
693 2570 729 2604 in
761 2569 923 2603 laudibus
946 2569 1016 2603 suis
1040 2568 1233 2607 habebant3
1266 2567 1310 2603 ct'.
1337 2568 1466 2601 Horat.

86 2627 153 2664 od.
176 2629 220 2671 ll,
241 2630 274 2673 l,
299 2629 356 2663 21.
382 2632 472 2665 Plin.
498 2633 586 2675 Epp.
611 2632 682 2673 IX,
706 2630 740 2666 2.
765 2630 939 2673 Panegyr.
967 2640 995 2662 c.
1021 2629 1112 2661 xlu.
1139 2628 1250 2661 Com.
1274 2648 1319 2653 —
1345 2628 1464 2660 Iocun-

86 2687 185 2722 diora
200 2714 211 2731 ‚
235 2701 302 2724 non
325 2691 474 2733 ineunti„
497 2696 537 2726 ut
558 2692 668 2736 vulgo
691 2690 827 2731 editur,
851 2692 961 2723 exstat
984 2688 1019 2721 in
1042 2687 1122 2722 Bas.
1148 2687 1181 2720 l.
1204 2687 1312 2721 Fabr.
1337 2687 1371 2720 2.
1395 2687 1465 2721 Pa—

86 2747 146 2782 ris.
170 2749 207 2783 b.
229 2762 257 2783 c.
281 2762 315 2784 x.
338 2762 368 2786 z.
393 2751 511 2785 Berol.
538 2751 570 2784 1.
595 2751 627 2785 2.
653 2750 754 2785 Misn.
783 2751 901 2786 Goerl.
926 2748 1114 2792 multisque
1137 2747 1225 2782 aliis.

157 2820 210 2863 11.
1122 2819 1187 2862 30
