1630 3034
413 24 469 57 a

415 180 753 223 CATILINA.
812 180 941 220 GAP..
970 180 1075 220 LIX.
1351 184 1439 224 319

51 299 207 342 Homo
240 297 462 352 militaris,
506 297 632 355 quod
669 296 860 354 amplius
895 311 1033 339 annos
1065 295 1248 356 triginta
1291 295 1430 341 tribu-
1450 306 1476 345 6

51 405 156 444 nus,
198 396 278 434 aut
312 388 590 448 praefectus,
639 393 715 430 aut
748 388 955 447 legatus,
1005 394 1080 431 aut
1114 393 1298 446 praetor
1333 402 1437 431 cum

49 497 217 540 magna
258 480 406 540 gloria
447 479 491 522 in
550 479 746 524 exercitu
794 479 963 536 fuerat,
1019 479 1265 537 plerosque
1315 479 1439 537 ipsos

49 572 261 630 factaque
304 586 460 615 eorum
506 571 641 614 fortia
684 578 892 622 noverat3
939 585 992 614 ea
1036 569 1437 615 commemorando

48 665 239 708 militum
274 662 442 707 animos
476 661 768 708 accendebat.

48 798 100 829 est
135 795 334 838 decernere,
369 798 404 829 et
435 795 541 830 Fabr.
562 795 596 829 1.
632 806 689 828 ccr
715 821 722 828 .
752 821 759 828 .
785 805 845 835 re,
870 793 996 838 erasis,
1032 798 1072 829 ut
1104 793 1264 836 videtur,
1297 796 1439 838 propter

47 852 316 897 ambiguitatem
352 853 547 897 scripturae
577 852 702 885 mediis
735 852 870 885 litteris.
937 853 1037 885 Haec
1069 852 1231 885 sufficere
1264 852 1439 892 videntur,

47 911 93 944 ad
123 911 272 944 verbum
305 910 473 944 Sallustio
504 910 774 951 vindicandum,
806 910 900 952 quod
930 910 1022 953 apud
1055 908 1268 951 antiquiores
1303 908 1338 941 in
1371 919 1438 941 usu

48 967 156 1000 fuisse
180 966 318 1001 Cortius
341 968 504 1013 gnaviter
546 968 806 1001 demonstravit.
856 968 908 1000 Cf.
931 966 1063 1001 Ennius
1093 966 1129 999 in
1152 966 1258 999 Anali
1279 966 1319 998 V.
1343 964 1438 1009 apud

49 1025 122 1059 Cic.
146 1024 190 1056 de
214 1024 285 1057 off.
315 1024 344 1066 1,
373 1025 430 1065 12,
458 1025 516 1058 38.
544 1028 667 1068 ferro,
698 1036 767 1057 non
791 1036 898 1067 auro,
932 1024 1043 1057 vitam
1075 1034 1258 1057 cernamus
1287 1022 1437 1065 utrique,

47 1082 110 1114 ubi
142 1092 178 1115 v,
203 1081 375 1127 Heusing.
409 1087 442 1116 et
473 1083 552 1115 Car.
586 1082 703 1115 Beier.
729 1083 866 1115 Lucret.
900 1081 941 1123 V,
971 1080 1052 1114 395.
1085 1081 1227 1125 magnis
1263 1080 1306 1112 de
1336 1079 1438 1111 rebus

48 1138 140 1170 inter
173 1148 209 1170 se
241 1149 379 1172 cernere
403 1145 548 1173 certant.
605 1140 720 1173 Plaut.
755 1138 917 1172 Trinum.
947 1139 999 1179 11,
1030 1138 1073 1179 4,
1104 1137 1161 1170 78.
1199 1148 1282 1170 nam
1312 1136 1362 1169 ibi
1394 1136 1438 1169 de

47 1195 175 1228 divinis
206 1199 311 1237 atque
343 1196 505 1229 hamanis
539 1197 701 1230 cernitur.
749 1197 828 1230 Cas.
848 1196 910 1236 III,
931 1195 965 1238 1,
985 1195 1018 1228 2.
1053 1206 1143 1227 nunc
1167 1199 1341 1228 certamen
1365 1203 1439 1226 cer-

48 1254 164 1292 nitur,
205 1251 286 1284 coll.
319 1252 450 1285 Bacch.
473 1253 544 1294 III,
571 1253 611 1295 2,
638 1253 694 1287 15.
736 1255 780 1287 ct'.
815 1253 928 1286 Periz.
962 1253 1008 1286 ad
1039 1251 1156 1285 Sanct.
1188 1251 1278 1285 Min.
1315 1251 1361 1284 T.
1391 1250 1437 1283 ΙΙ.

46 1320 83 1352 p.
116 1309 186 1342 463
211 1320 262 1352 sq.
307 1312 342 1341 et
375 1309 509 1342 Ernesti
541 1309 576 1342 in
611 1310 710 1344 Clav.
750 1311 823 1344 Cic.
860 1311 896 1343 h.
928 1321 961 1342 V.
1012 1308 1242 1351 Frequentius
1285 1305 1440 1351 simplici

47 1366 171 1400 eodem
194 1378 297 1399 sensu
319 1365 452 1409 legitur
475 1368 706 1409 compositum
732 1370 935 1408 decernere,
960 1367 1004 1401 de
1032 1377 1102 1410 quo
1125 1376 1159 1399 v.
1183 1363 1368 1400 Bremium
1392 1363 1438 1398 ad

46 1423 134 1466 Rep-
157 1422 312 1458 Hannib.
334 1423 379 1463 X,
398 1423 432 1457 4.
467 1424 643 1458 Drakenb.
668 1426 714 1459 ad
738 1426 813 1461 Liv.
836 1427 863 1466 I,
882 1422 939 1467 15,
961 1424 998 1461 3.

139 1539 172 1578 §·
194 1535 229 1570 6.
277 1535 376 1569 homo
400 1536 584 1581 militaris]
622 1536 819 1572 motionem
843 1524 1098 1570 illustravimus
1120 1534 1167 1569 ad
1189 1545 1218 1568 ο.
1232 1532 1437 1575 xma-

46 1594 116 1628 Pro
140 1605 250 1627 annos
272 1594 360 1638 trig.
394 1598 526 1636 septem
550 1595 648 1628 codd.
676 1596 807 1629 habent
831 1595 933 1628 annis
956 1595 1066 1639 trig.,
1099 1594 1190 1637 quod
1212 1603 1276 1635 per
1299 1603 1337 1625 se
1359 1591 1438 1635 qui-

46 1651 126 1684 dem
149 1650 234 1685 ferri
257 1650 377 1694 possit,
396 1650 430 1684 ,si
455 1650 579 1684 statuis
605 1664 709 1696 quam
732 1653 948 1696 particulam
972 1651 1139 1684 omissam
1163 1662 1248 1692 esse,
1272 1654 1440 1692 sextoque

46 1719 129 1741 casu
152 1708 320 1751 temporis
343 1719 544 1742 mensuram
568 1708 762 1753 significari
778 1737 786 1752 ‚
811 1710 863 1743 uti
887 1720 921 1745 V.
947 1721 979 1743 c.
1002 1711 1080 1753 lug.
1102 1709 1188 1750 LIV,
1210 1708 1244 1742 1.
1278 1708 1439 1740 Metellus

45 1766 82 1798 in
104 1765 228 1798 iisdem
252 1766 375 1799 castris
397 1767 583 1810 quatriduo
608 1773 786 1808 moratus3
823 1769 868 1800 cf.
896 1767 1092 1801 Gernhard.
1126 1766 1171 1800 ad
1195 1764 1268 1798 Cic.
1294 1764 1337 1796 de
1362 1762 1436 1796 Off.

44 1821 105 1863 111,
125 1822 159 1864 2,
179 1821 212 1855 8.
261 1822 330 1856 Sed
358 1824 576 1866 probabilius
608 1829 678 1867 est,
711 1826 866 1866 scribas,
890 1824 1090 1858 accusativo
1114 1825 1192 1866 post
1225 1820 1438 1865 comparati-

46 1889 130 1911 vum
161 1878 332 1922 offensos,
367 1881 522 1915 ablativo
556 1882 657 1915 illato
690 1874 878 1928 vulgarem
911 1881 1204 1916 constructionem
1245 1879 1438 1912 restituisse

45 1934 113 1968 sibi
136 1935 230 1969 visos
254 1948 348 1978 esse,
381 1939 515 1972 nescios
540 1939 616 1972 eius
640 1944 837 1973 structurae
860 1939 1026 1981 rationis,
1052 1950 1157 1982 quain
1180 1937 1437 1971 illustravimus

45 1992 90 2024 ad
113 2003 143 2026 c.
164 1993 250 2034 LVI,
269 1994 302 2029 2.
324 2013 371 2019 —
403 1995 607 2038 Praefectus
632 2009 677 2031 sc.
715 1999 865 2042 equitum
891 1999 1077 2039 sociorum,
1112 1995 1172 2039 qui
1197 1994 1363 2038 praerecti
1389 1994 1435 2027 ab

46 2049 256 2092 imperatore
286 2051 606 2094 constituebantur-3
639 2065 674 2086 V.
701 2054 798 2087 Caes.
833 2055 877 2086 B.
902 2055 940 2087 C.
972 2055 1064 2096 vm,
1086 2054 1145 2094 47,
1166 2053 1198 2084 1.
1234 2057 1311 2085 erat
1334 2052 1437 2084 attri-

47 2107 147 2140 butus
171 2109 321 2141 Antonio
354 2113 553 2152 praefectus
588 2112 751 2154 equitum.
809 2111 1053 2144 Praefecturas
1083 2112 1223 2144 alarum
1257 2108 1439 2152 dignitatis

48 2164 192 2198 maioris
224 2177 331 2208 quam
364 2168 582 2201 tribunatum
620 2168 727 2200 fuisse
761 2171 856 2210 patet
888 2179 930 2200 ex
961 2168 1058 2200 Suet.
1092 2166 1218 2200 octav.
1250 2178 1280 2199 c.
1305 2166 1363 2204 38,
1389 2167 1436 2200 in.

47 2222 208 2254 militiam
234 2224 493 2265 auspicantibus
514 2236 583 2256 ποη
606 2225 823 2258 tribunatum
847 2226 946 2257 modo
971 2225 1167 2268 legionum,
1191 2223 1252 2256 scd
1277 2227 1310 2256 ct
1331 2234 1437 2267 prae-

40 2282 198 2322 fecturas
229 2280 367 2313 alarum
401 2281 507 2314 dedit.
556 2281 630 2314 Cic.
657 2282 742 2324 Epp.
768 2281 811 2314 ad
835 2282 973 2314 Famm.
992 2282 1063 2323 511,
1081 2281 1116 2321 5,
1141 2286 1227 2314 extr.
1263 2281 1342 2314 huic
1367 2292 1434 2326 ego

47 2348 156 2381 neque
188 2337 422 2378 tribunatum,
457 2349 567 2381 neque
594 2341 853 2382 praefecturam
883 2344 974 2382 pcto.
1008 2339 1056 2371 cf.
1087 2339 1244 2383 Herzog.
1268 2338 1312 2372 ad
1336 2337 1434 2371 Caes.

50 2395 91 2428 B.
118 2395 160 2427 G.
189 2395 229 2436 1,
257 2395 313 2428 39.
356 2395 558 2428 Ernestium
582 2395 618 2428 in
643 2397 741 2431 (ΣΙ-Ἰν.
767 2396 839 2429 Cic.
872 2397 908 2429 h.
942 2408 976 2429 v.
1003 2400 1058 2437 et,
1084 2407 1188 2439 quem
1223 2395 1274 2429 ibi
1300 2396 1434 2437 laudat,

48 2452 181 2485 Manat.
207 2453 250 2485 ad
275 2452 347 2485 Cic.
372 2453 459 2495 Epp.
484 2453 529 2486 ad
553 2453 690 2486 Famm.
710 2453 754 2495 II,
773 2453 830 2486 17.
869 2453 1036 2486 Pluribus
1060 2464 1135 2486 rem
1159 2452 1367 2486 retractavit
1389 2452 1434 2486 ad

49 2509 163 2542 Tacit.
190 2509 299 2542 Anall.
319 2510 364 2550 II,
381 2510 440 2551 68,
463 2501 550 2544 extr.
572 2530 617 2535 —
651 2512 691 2544 In
726 2511 897 2551 exercitu,
931 2509 1095 2553 quoniam
1129 2510 1241 2543 verba
1272 2509 1436 2553 primitus

49 2566 84 2598 in
110 2566 227 2599 Guelf.
251 2566 306 2599 12.
345 2568 552 2608 abfuerunt,
577 2579 688 2611 neque
718 2579 859 2611 prorsus
885 2567 930 2601 ad
957 2578 1097 2601 sensum
1126 2572 1204 2600 sunt
1228 2566 1435 2607 necessaria,

43 2623 184 2657 curtius
208 2623 329 2664 eiecit3
362 2625 487 2658 merito
512 2626 684 2670 Langiw,
720 2626 913 2666 Miillerus,
944 2624 1153 2659 Gerlachius
1185 2635 1251 2657 non
1276 2623 1433 2658 obsecuti

49 2684 137 2717 sunt.
155 2700 200 2706 -
234 2682 290 2716 Ad
313 2683 404 2726 ipsos
427 2682 565 2717 Cottius
587 2692 775 2727 perperam
799 2687 980 2726 comparat
1003 2694 1033 2716 c.
1055 2682 1185 2723 xxm,
1204 2681 1238 2715 7.
1271 2682 1430 2725 Respon-
