1630 3034
430 157 795 199 IUGURTHA.
857 157 986 200 CAP.
1019 156 1136 198 XIII.
1422 163 1479 202 69

88 289 206 333 que,
257 288 448 332 quorum
510 289 562 317 ea
612 278 877 332 tempestate
928 273 971 316 in
1018 273 1187 317 Senatu
1241 274 1476 319 auctoritas

84 370 322 431 pollebat,
368 385 532 430 magna
576 385 760 413 munera
795 370 954 413 misere
976 405 988 428 a
1035 376 1154 413 tanta
1188 372 1474 421 commutatio

86 467 284 523 incessit,
327 466 390 510 uti
426 481 481 510 ex
517 480 723 510 maxuma
761 466 923 510 invidia
959 466 1002 509 in
1037 467 1227 525 gratiam
1265 472 1309 510 et
1345 467 1475 510 favo-

84 579 179 607 rem
224 562 463 606 nobilitatis
508 558 726 621 Iugurtha
771 559 960 610 veniret,
1008 577 1197 620 quorum
1233 578 1337 622 pars
1378 575 1514 623 spe,8

83 659 155 702 alii
198 658 400 718 praemio
446 657 614 701 inducti
661 657 858 716 singulos
909 673 963 702 ex
1009 658 1177 702 Senatu
1230 658 1472 702 ambiundo

81 755 360 811 nitebantur,
403 769 458 797 ne
496 754 672 814 gravius
714 753 758 796 in
803 769 904 797 eum
943 756 1258 799 consuleretur.
1330 754 1505 814 Igitur9

80 925 230 960 diximus
253 927 297 960 ad
323 939 354 961 c.
376 927 437 969 xl,
456 927 490 960 2.
511 946 555 950 ——
582 925 747 970 Legata&
772 936 862 969 quae
883 937 949 959 vox
977 926 1011 960 in
1031 927 1104 961 Vat.
1122 926 1156 960 6.
1174 929 1208 961 et
1232 926 1267 960 in
1285 927 1404 961 Struv.
1424 937 1473 960 m.

78 998 132 1030 pr.
157 987 275 1030 deest,
302 987 441 1021 Cortius
466 992 595 1021 temere
619 986 758 1020 delevit.
778 1005 824 1011 —
854 987 937 1028 Quis
968 988 1042 1021 fere
1064 999 1184 1022 omnes
1207 988 1305 1021 codd.
1330 988 1472 1021 habent.

80 1047 284 1091 Praecepit,
320 1048 412 1091 quod
444 1047 651 1081 Gerlachius
687 1046 721 1079 in
759 1047 812 1080 ed.
847 1048 982 1081 maiore
1004 1048 1189 1092 expressit,
1224 1047 1259 1081 in
1285 1048 1474 1082 novissima

78 1108 283 1150 damnavit,
315 1112 427 1142 exstat
460 1109 494 1142 in
529 1108 634 1142 Fabr.
659 1108 692 1140 1.
719 1107 752 1140 2.
789 1108 864 1141 Vin.
892 1109 925 1141 2.
961 1109 1032 1143 Ine.
1058 1110 1090 1143 1.
1125 1108 1266 1142 vratisl.
1294 1109 1329 1144 1.
1351 1109 1470 1142 Struv.
1506 1101 1507 1107 ἵ

78 1168 178 1202 Rivii
201 1168 300 1204 codd.
324 1169 406 1202 Bas.
433 1169 465 1201 1.
485 1168 518 1201 4.
543 1169 630 1202 Tur.
649 1169 682 1201 1.
707 1169 811 1202 Ber-n.
834 1169 867 1205 1.
890 1169 1014 1203 Frane.
1041 1172 1166 1203 lIeuss.
1194 1169 1309 1202 Guelf.
1334 1170 1365 1203 4.
1383 1170 1417 1203 6.
1435 1170 1469 1204 7.

78 1229 135 1262 12.
164 1228 257 1273 Teg.
283 1229 359 1262 Erl.
386 1228 481 1264 Leid.
505 1229 546 1262 B.
569 1229 606 1262 C.
624 1230 669 1263 I).
693 1229 735 1263 G.
756 1230 803 1263 H.
826 1230 850 1262 Ι.
876 1230 920 1263 Κ.
954 1229 1072 1263 Goerl.
1098 1230 1209 1263 Paris.
1240 1231 1275 1263 b.
1299 1242 1327 1263 z.
1350 1231 1468 1264 Ber-ol.

78 1289 109 1323 1.
128 1288 188 1330 2.;
213 1288 336 1322 relicui
360 1290 552 1333 praecipit,
589 1293 732 1333 propter
770 1293 1009 1334 antegressum
1039 1301 1203 1333 praesens
1234 1292 1352 1327 mittit.
1399 1291 1470 1325 Sed

77 1360 111 1383 v.
135 1349 180 1383 ed
206 1349 310 1383 Catil.
337 1350 427 1391 XLI,
451 1349 484 1385 5.
510 1361 545 1393 p.
570 1349 638 1382 193
666 1362 716 1393 sq.
742 1369 787 1374 —
820 1351 974 1383 Primum
1009 1351 1062 1384 uti
1093 1351 1226 1394 primus
1260 1351 1471 1385 Gerlachius

77 1409 241 1453 scripsit3
267 1410 318 1443 ita
341 1410 433 1443 enim
458 1410 542 1443 satis
569 1410 650 1443 boni
676 1411 757 1443 libri
782 1410 864 1443 Bas.
889 1411 922 1443 1.
945 1410 1023 1444 Sen.
1049 1411 1083 1445 1.
1108 1411 1204 1444 Leid.
1231 1412 1272 1446 L.
1296 1412 1406 1445 Paris.
1434 1413 1467 1446 b.

77 1481 107 1503 c.
124 1481 159 1502 x.
176 1481 207 1503 z,
233 1470 301 1504 duo
326 1471 416 1504 Pall.
444 1471 563 1505 Guelf.
588 1471 620 1503 1.
639 1471 672 1503 2.
690 1469 722 1504 5.
754 1470 786 1504 9.
814 1471 922 1504 Fabr.
951 1470 984 1504 2.
1009 1471 1114 1504 Bern.
1135 1470 1170 1504 3.
1196 1471 1300 1505 Misn.
1326 1476 1360 1505 et
1383 1484 1468 1506 non-

75 1529 164 1564 nulli
194 1522 236 1564 ex
259 1531 350 1566 Itan.
386 1531 506 1572 libris3
540 1531 667 1574 reliqui
699 1532 752 1565 uti
783 1532 955 1575 primum,
988 1532 1077 1574 qnod
1115 1532 1330 1575 probabilius
1363 1537 1413 1567 est
1446 1545 1468 1568 a

74 1590 197 1625 scribis
222 1603 284 1635 pro
309 1592 418 1626 altero
443 1591 565 1626 ordine
587 1592 763 1626 invectum
790 1603 884 1633 csse,
920 1604 1025 1635 quam
1051 1600 1182 1627 (tonna.
1203 1611 1250 1617 --
1284 1594 1466 1636 Quaecun-

75 1662 140 1695 que
163 1651 299 1685 eortius
324 1652 457 1696 optime
479 1653 619 1696 scripsit
642 1663 706 1695 pro
731 1663 983 1696 quemcunque,
1009 1654 1099 1696 quod
1127 1653 1212 1686 olim
1237 1654 1465 1699 vulgabatur;

73 1714 235 1745 neutrum
265 1711 376 1756 enim,
410 1714 501 1757 quod
527 1715 608 1747 Bas.
635 1713 669 1746 1.
695 1713 798 1746 Fabr.
824 1713 857 1746 1.
877 1713 910 1745 2.
937 1713 1016 1749 Son.
1045 1713 1077 1746 1.
1103 1713 1192 1746 Tur.
1210 1714 1243 1750 1.
1270 1715 1361 1759 Teg.
1393 1716 1464 1749 Eri.

72 1772 186 1806 Paris.
212 1773 245 1806 b.
266 1784 295 1809 c.
317 1785 349 1807 x.
373 1785 403 1809 z.
428 1774 613 1807 Einsiedel.
644 1786 684 1809 ac
710 1775 876 1809 tredecim
901 1773 964 1808 alii
988 1778 1146 1816 tuentur,
1172 1774 1294 1808 scribis
1318 1786 1386 1809 non
1410 1776 1465 1809 vi-

73 1832 220 1866 debatur
242 1833 285 1866 de
308 1835 462 1876 personis
485 1835 553 1869 dici
577 1847 687 1879 posse,
712 1836 804 1873 unde
829 1835 997 1880 proclivis
1021 1838 1097 1867 erat
1112 1836 1260 1869 mutatio
1286 1836 1322 1869 in
1346 1849 1464 1881 quem-

72 1904 215 1937 cunque.
267 1893 356 1936 Apte
387 1896 524 1930 Cottius
556 1897 777 1941 comparavit
807 1898 883 1931 Liv.
917 1897 953 1937 1,
987 1894 1053 1936 53,
1087 1895 1143 1930 11.
1180 1897 1216 1929 in
1249 1907 1293 1929 se
1319 1897 1463 1940 ipsum

69 1959 240 1998 postremo
265 1956 498 1998 saeviturum,
527 1958 557 1990 εἰ
581 1959 683 1991 alia
709 1959 844 1999 desint,
869 1957 929 1991 ubi
953 1961 1048 1990 recte
1070 1956 1375 1989 Drakenborcliius
1399 1957 1463 1989 ob-

71 2015 226 2049 servavit
248 2020 407 2049 neutrum
431 2029 509 2051 eam
536 2017 605 2051 vim
631 2019 782 2061 habere,
808 2023 847 2051 ut
871 2017 984 2051 oratio
1009 2015 1112 2048 latius
1136 2019 1274 2059 pateat,
1307 2016 1349 2050 iis
1373 2028 1463 2060 quae

72 2075 226 2108 maxime
250 2076 293 2109 ad
318 2087 392 2109 rem
418 2076 550 2110 faciunt
574 2077 598 2111 i.
623 2089 654 2111 e.
678 2078 831 2121 personis
853 2076 1011 2122 generali
1032 2076 1169 2110 notione
1194 2078 1461 2121 comprehensis,

73 2134 119 2167 cf.
142 2135 248 2168 etiam
273 2139 391 2169 notata
419 2138 464 2170 ad
489 2138 565 2173 Cat.
594 2139 731 2182 xnvn,
757 2139 790 2171 1.
815 2150 847 2182 p.
872 2137 953 2171 213.
979 2141 1013 2171 et
1040 2148 1072 2173 v.
1099 2138 1144 2172 ad
1177 2137 1255 2183 lug.
1286 2139 1381 2180 xlv,
1404 2139 1459 2173 16.

72 2198 106 2229 et
129 2195 173 2229 ad
195 2196 418 2238 Lxxxun,
435 2197 468 2230 1.

164 2258 197 2298 §-
220 2254 254 2288 7.
302 2256 338 2289 in
365 2258 521 2301 Senatu]
547 2259 645 2292 llaec
669 2259 778 2292 verba
811 2258 949 2292 Cortius
981 2269 1049 2291 non
1076 2257 1184 2291 aliam
1217 2259 1262 2292 ob
1289 2270 1459 2302 caussam,

72 2327 179 2360 quam
202 2316 294 2360 quod
318 2317 354 2350 in
378 2318 484 2351 Fabr.
511 2319 544 2354 2.
570 2320 664 2353 Vrat.
693 2319 726 2353 1.
750 2323 784 2353 et
809 2319 919 2352 tribus
943 2319 1026 2352 aliis
1053 2318 1184 2364 legitur
1207 2319 1402 2354 auctoritas
1425 2322 1459 2354 in

70 2382 214 2418 senatu,
240 2377 382 2411 delevit.
429 2379 524 2412 Idem
549 2380 670 2413 eadem
695 2380 889 2413 temeritate
914 2391 1082 2421 munera,
1105 2381 1196 2423 quod
1220 2380 1254 2414 in
1282 2381 1397 2414 Guelf.
1427 2382 1460 2416 4.

71 2437 238 2472 omissum
264 2442 335 2480 est,
368 2439 542 2482 expunxit.
561 2460 605 2464 —
632 2441 774 2474 Incessit
797 2440 1026 2475 Kunhardtus
1050 2452 1234 2484 perperam
1259 2441 1462 2486 interpreta-

70 2501 128 2533 tur
159 2499 342 2543 erfolgcn‚·
384 2499 420 2533 iu
454 2500 564 2534 latino
599 2503 692 2535 enim
725 2502 898 2535 vocabulo
931 2501 1167 2545 praecedentis
1200 2513 1342 2536 caussae
1364 2503 1461 2537 notio

69 2570 138 2593 non
164 2560 368 2593 continetur.
395 2571 429 2593 v.
454 2561 497 2594 ad
523 2562 597 2595 Cat.
627 2563 670 2603 X,
688 2563 720 2597 6.
742 2573 776 2605 p.
792 2561 849 2596 5-1.
866 2583 910 2588 -
934 2564 986 2596 De
1011 2563 1126 2606 positu
1155 2564 1328 2608 Iugurtha
1354 2575 1461 2597 voca-

69 2619 145 2652 buli
171 2619 216 2652 ab
240 2619 340 2654 initio
364 2622 560 2664 paullulum
583 2622 780 2657 remotioris
814 2635 846 2656 v.
876 2635 966 2667 quae
989 2624 1188 2658 notavimus
1220 2625 1265 2658 ad
1289 2625 1362 2658 Cat.
1390 2625 1417 2658 1
1419 2626 1462 2667 X,

70 2679 103 2713 7.
121 2691 154 2723 p.
179 2679 249 2714 3-2
252 2682 361 2726 ‚Iug.
387 2683 529 2724 XXXV,
553 2682 588 2716 7.
635 2684 694 2718 Fit
715 2695 793 2718 reus
816 2685 932 2730 magis
958 2696 996 2719 ex
1022 2696 1130 2729 aequo
1157 2684 1328 2730 bonoque,
1359 2697 1462 2731 quam

73 2751 114 2774 ex
138 2741 212 2775 iure
235 2743 393 2787 gentium
425 2743 664 2778 Bomilcar.
