1630 3034
491 149 847 198 IUGURTHA.
905 151 1039 196 CAP.
1069 151 1235 196 xxm.
1477 153 1562 196 139

181 269 295 316 dolis
339 268 454 316 ritae
497 287 600 316 suae
643 252 922 325 insidiatum3
970 270 1094 330 quod
1140 270 1219 315 ubi
1252 269 1559 330 comperisset,

180 368 334 413 seelen‘
379 369 470 414 eius
516 369 695 413 obviam
739 369 840 415 isse.
910 367 1135 428 Populum
1180 368 1434 412 Romanurn
1476 370 1595 412 ne—4

182 480 271 524 que
301 462 423 510 recte
454 481 601 524 neque
628 473 716 525 pro
741 465 863 510 bono
898 464 1141 521 facturum,
1177 465 1212 509 si
1236 464 1295 508 ab
1325 464 1420 508 iure
1450 479 1565 524 gen-

181 558 292 605 tium
327 578 424 607 sese
458 562 751 623 prohibuerit.
822 563 1058 606 Postremo
1094 561 1152 605 de
1188 561 1391 605 omnibus
1430 560 1565 604 rebus

180 657 356 718 legatos
388 659 584 703 Romam
616 660 743 703 brevi
776 659 1025 707 missurum.
1097 659 1164 702 Ita
1194 658 1368 716 utrique
1404 657 1598 718 digre-5

181 754 372 800 diuntur.
442 756 713 802 Adherbalis
759 754 1017 817 appellandi
1053 755 1185 815 copia
1218 769 1309 798 non
1336 754 1430 800 fuit.

319 852 485 898 XXIII.
553 853 772 915 Iugurtha
805 854 882 897 ubi
914 868 990 896 eos
1028 851 1184 896 Africa
1219 850 1458 895 decessisse
1493 865 1570 894 ra-

182 954 252 994 tus
297 953 393 1008 est,
441 965 587 1009 neque
629 958 819 1011 propter
864 950 952 994 loci
994 954 1198 993 naturam
1236 947 1406 993 Cirtam
1437 948 1568 991 armis

185 1115 228 1122 -—
263 1096 332 1131 Pro
367 1098 453 1131 bono
490 1110 593 1133 sensu
628 1111 696 1134 non
734 1100 910 1134 diversum
943 1102 996 1134 est
1027 1098 1072 1133 ab
1108 1096 1298 1138 adverbio,
1331 1107 1434 1140 quem
1467 1107 1571 1130 usum

184 1156 441 1192 illustravimus
473 1159 518 1192 ad
549 1160 624 1194 Cat.
653 1161 752 1205 VIII,
785 1161 820 1196 1.
853 1161 938 1204 XV,
968 1161 1003 1195 2.
1038 1158 1240 1193 Cavendum
1270 1160 1407 1198 tamen,
1438 1168 1481 1190 ne
1514 1156 1572 1191 his

186 1219 355 1262 ‘exemplis
386 1231 429 1253 ea
459 1219 738 1261 admisceantur,
773 1221 834 1255 uhi
868 1233 930 1265 pro
963 1232 1065 1255 suam
1095 1221 1301 1264 potestatem
1331 1217 1476 1259 retinet,
1501 1229 1571 1261 qua

185 1278 406 1323 significatur
444 1292 550 1314 unam
582 1293 658 1315 rem
691 1283 769 1317 loco
805 1282 947 1317 alterius
970 1293 1064 1324 esse,
1102 1284 1142 1314 ut
1166 1279 1256 1323 apud
1281 1278 1377 1312 Caes.
1400 1278 1444 1311 B.
1471 1279 1518 1313 G.
1541 1279 1572 1322 1,

184 1339 255 1381 ²2,
286 1339 322 1374 4.
389 1341 585 1376 Considium
617 1344 707 1388 quod
739 1356 806 1377 non
834 1344 977 1377 vidisset
1002 1353 1086 1387 pro
1114 1342 1211 1375 viso
1245 1340 1311 1373 sibi
1341 1340 1570 1374 renunciasse.

187 1399 278 1435 Tac.
313 1401 434 1446 Agr-ic.
460 1413 490 1435 c.
515 1402 582 1444 30,
619 1402 653 1438 4.
678 1405 778 1448 atqui
801 1416 898 1438 omne
922 1405 1080 1449 ignotum
1101 1413 1180 1446 pro
1203 1401 1389 1445 magnifico
1414 1392 1475 1434 estss
1499 1400 1572 1434 No-

187 1462 258 1493 ster
280 1461 357 1505 lug.
383 1462 517 1502 XXXI,
540 1463 598 1497 23.
620 1464 719 1507 LXI,
753 1464 786 1500 3.
821 1465 989 1498 Perverse
1019 1462 1189 1497 Weissius
1226 1461 1309 1494 bono
1340 1461 1574 1495 masculinum

187 1531 262 1555 esee
286 1526 320 1556 et
343 1523 387 1556 ad
403 1524 566 1568 populum
588 1528 746 1567 spectare
767 1536 907 1559 censens
929 1524 1193 1568 interpretatur:
1217 1527 1256 1556 ut
1278 1522 1401 1555 bonu'm
1426 1522 1488 1564 (sc.
1510 1533 1575 1566 po·-

184 1583 326 1626 pulum)
351 1583 458 1617 decet.
483 1602 527 1610 —
553 1585 768 1620 Prohibuerit
792 1585 829 1619 in
855 1585 1019 1619 omnibus
1044 1588 1095 1618 est
1116 1583 1214 1617 codd.
1240 1586 1384 1626 excepto
1408 1583 1516 1616 Fabr.¹
1540 1584 1575 1619 1.

178 1634 246 1685 ‘qui
267 1644 507 1686 prohibuerint
531 1644 658 1687 habet,
684 1646 776 1688 quod
797 1656 821 1680 a
852 1645 971 1679 Cortio
999 1648 1178 1688 receptum
1207 1642 1417 1677 Gerlachius
1448 1644 1576 1678 merito

187 1703 330 1746 respuit.
374 1704 464 1738 Nam
496 1704 526 1738 si
558 1705 593 1738 iu
626 1706 807 1746 omnibus,
835 1717 924 1749 quae
949 1705 1017 1738 dici
1039 1709 1200 1749 possunt,
1227 1703 1331 1737 unius
1355 1704 1429 1737 cod.
1455 1709 1575 1739 aucto-

187 1762 272 1797 ritas
294 1764 371 1806 plus
394 1764 546 1807 valebit,
571 1776 676 1808 quam
701 1770 839 1799 centum
863 1766 946 1807 alii,
970 1764 1029 1808 qui
1053 1764 1089 1798 in
1112 1763 1273 1808 legitima
1299 1767 1472 1798 structura
1495 1777 1577 1799 con-

188 1823 341 1867 spirant,
376 1825 485 1858 libido
519 1826 625 1859 etiam
651 1826 844 1859 certissima
870 1825 1027 1859 mutandi
1050 1825 1146 1858 nullo
1171 1825 1274 1857 modo
1300 1826 1453 1859 coerceri
1477 1826 1577 1870 pote-

189 1883 249 1917 rit.
272 1903 318 1909 ——-
349 1885 490 1930 Utrique
525 1885 680 1929 Langius
714 1887 862 1929 pessime
895 1885 1063 1928 intelligit
1087 1885 1129 1917 de
1154 1885 1351 1919 Adherbale
1375 1890 1409 1918 et
1432 1883 1578 1930 legati53

190 1950 285 1979 recte
308 1945 447 1979 Curtius
468 1947 512 1979 ad
535 1947 743 1991 Iugurtham
768 1950 801 1979 et
824 1947 958 1989 legatos
982 1945 1098 1978 refert.
1113 1964 1160 1969 —-
1186 1945 1313 1978 Statim
1338 1949 1415 1988 post
1437 1947 1579 1980 Vratisl.

191 2005 227 2039 2.
252 2005 373 2038 Struv.
398 2009 432 2038 et
453 2007 524 2039 Ine.
549 2006 583 2039 2.
606 2007 798 2040 Adherbali
822 2007 1004 2047 exhibent,
1028 2004 1129 2047 quasi
1153 2004 1211 2037 hic
1237 2006 1279 2038 de
1304 2006 1432 2049 legatis
1456 2007 1580 2049 appel-

192 2064 307 2098 landis
333 2069 481 2108 agatur,
514 2065 641 2107 quibus
676 2066 710 2098 id
741 2065 924 2110 negotium
956 2065 1074 2097 datum
1108 2069 1204 2106 erat,
1238 2068 1277 2097 ut
1301 2065 1410 2108 ipsum
1436 2067 1579 2100 adirent.

195 2123 398 2157 Genitivum
431 2125 625 2158 necessario
657 2126 808 2168 postulat
840 2136 906 2158 non
942 2136 1023 2157 usus
1046 2123 1224 2164 Sallustii,
1248 2128 1286 2157 ut
1309 2125 1446 2158 Coi-tius
1468 2131 1579 2170 putat,

194 2184 254 2217 sed
277 2183 467 2222 sententia,
498 2196 588 2227 quae
620 2185 755 2228 plenior
783 2187 872 2219 haec
904 2190 973 2218 est:
1009 2183 1220 2218 Adherbalis
1252 2186 1450 2228 appellandi
1479 2188 1581 2231 copia

195 2245 326 2290 legatis
350 2257 373 2278 a
399 2245 571 2289 Iugurtha
596 2257 661 2278 non
688 2247 773 2279 data
794 2250 856 2279 est.
904 2246 1061 2289 Apparet
1084 2244 1175 2277 enim
1207 2245 1400 2288 Iugurthae
1429 2247 1582 2281 maxime

197 2305 407 2347 interfuisse,
431 2317 474 2338 ne
496 2305 604 2348 legati
627 2306 862 2339 Adherbalem
885 2306 1128 2344 convenii-enm
1153 2315 1260 2348 quare
1284 2307 1414 2340 callido
1437 2297 1583 2342 consilio

197 2366 401 2412 prohibuit,
443 2365 627 2410 quominus
665 2365 720 2399 ini
751 2378 890 2412 regem,
943 2365 1002 2410 qui
1041 2365 1157 2401 Cirtae
1200 2365 1353 2400 inclusus
1389 2368 1582 2411 tenebatur,

197 2426 344 2462 adirent.

291 2485 421 2523 xxm.
467 2487 499 2528 §-
526 2487 558 2520 1.
606 2487 801 2530 decessisse]
826 2486 929 2521 Multi
953 2485 1052 2520 codd.
1077 2486 1294 2529 discessisse,
1316 2484 1450 2520 solenni
1472 2497 1584 2532 paene

200 2547 450 2591 discrepantia3
476 2548 535 2580 eed
559 2559 593 2580 v·
617 2547 662 2580 ad
687 2559 716 2580 e.
745 2547 830 2589 XX,
856 2547 887 2579 1.
916 2566 961 2571 —
986 2547 1101 2580 Armis
1124 2550 1175 2580 est
1196 2547 1327 2590 impetu
1352 2547 1511 2583 militum.
1536 2549 1582 2582 ef.

200 2608 323 2642 Bremi
354 2608 400 2642 ad
432 2607 521 2652 Nep.
553 2607 703 2642 Miltiad.
737 2608 774 2648 1,
808 2607 842 2641 2.
866 2608 1054 2650 Perper-am
1078 2607 1288 2642 Gerlachius
1311 2607 1453 2641 armi}
1476 2619 1583 2652 etpu-

148 2712 150 2720 .
201 2680 316 2714 gnare
347 2669 385 2702 h.
415 2668 440 2702 l.
473 2679 538 2712 pro
571 2667 785 2712 proverbiali
812 2668 985 2701 locutione
1014 2668 1141 2710 habet,
1187 2678 1294 2712 quam
1325 2668 1423 2701 nullo
1453 2666 1583 2700 iudicio

204 2731 385 2773 comparat
407 2739 487 2763 cum
510 2729 589 2764 loco
613 2729 686 2765 cic.
710 2729 753 2762 de
777 2727 848 2763 Off.
873 2729 924 2770 ll,
947 2727 1011 2771 24,
1035 2727 1092 2764 84.
1126 2729 1240 2763 Armis
1265 2733 1298 2763 et
1321 2727 1443 2762 castris
1465 2730 1582 2762 tenia-
