1630 3034
241 178 249 197 ⁴
352 163 709 207 IUGURTHA.
769 164 899 207 CAP.
932 163 1084 208 CXIV.
1318 168 1401 209 605

37 297 158 338 esse,
196 296 296 325 cum
330 282 482 341 paucis
520 282 668 326 amicis
716 287 762 326 et
794 286 1029 340 quaestore
1065 286 1238 340 nostro,
1285 284 1410 341 quasi

33 378 189 422 obvius
235 378 416 422 honoris
465 394 619 422 caussa
664 379 870 439 procedit
904 380 948 423 in'
981 379 1196 424 tumulum
1231 379 1409 423 facillu—

32 489 155 519 mum
197 452 295 519 visu
330 475 647 522 insidiantibus.
715 476 892 520 Eodem
936 475 1129 520 Numida
1173 491 1274 520 cum
1307 477 1449 537 ple—6

32 573 180 631 risque
214 573 472 617 necessariis
510 573 596 617 suis
632 573 835 630 inermis,
870 573 934 617 uti
970 573 1134 616 dictum
1166 578 1283 629 erat,
1332 589 1412 617 ac-

34 669 173 724 cedit,
222 684 274 712 ac
316 670 461 713 statim
497 670 628 729 signo
666 669 770 714 dato
811 670 1007 728 undique
1050 671 1179 714 simul
1215 685 1270 714 ex
1303 670 1410 714 insi-

32 766 115 810 diis
165 765 397 810 invaditur.
481 765 631 810 Ceteri
681 766 952 820 obtruncati3
1003 766 1220 827 Iugurtha
1257 766 1444 810 Sullae7

30 863 199 908 vinctus
234 862 445 919 traditur,
490 868 534 906 et
570 863 626 906 ab
663 878 717 907 eo
753 863 812 906 ad
846 863 1040 906 Marium
1076 863 1292 907 deductus
1329 868 1407 906 est.

169 958 329 1004 CXIV.
400 960 488 1003 Per
522 959 644 1003 idem
678 965 856 1020 tempus
892 959 1129 1004 advorsum
1164 959 1319 1004 Gallos
1351 958 1408 1003 ab

121 1118 152 1159 §.
176 1114 211 1150 5.
237 1117 418 1162 accersiri]
460 1117 515 1152 Ita
539 1128 705 1162 perquam
729 1116 831 1152 multi
855 1117 953 1153 codd.
977 1118 1128 1160 habent,
1153 1116 1214 1152 alii
1238 1117 1409 1159 arcessiri,

30 1175 122 1219 quod
146 1176 275 1220 pariter
298 1177 341 1212 ad
366 1178 517 1213 formam
541 1179 703 1212 infinitivi
727 1183 872 1222 quartae
895 1178 1148 1223 coniugationis
1172 1178 1277 1221 ducit,
1304 1189 1409 1221 quam

29 1247 96 1270 non
118 1237 373 1272 sollicitandam
392 1251 464 1273 esse
484 1239 696 1274 ostendimus
718 1239 762 1274 ad
785 1251 814 1273 c.
839 1240 946 1280 an,
969 1238 1002 1272 4.
1026 1239 1232 1272 Gerlachius
1256 1238 1291 1272 in
1313 1244 1411 1272 utra-

29 1308 96 1340 que
117 1298 168 1333 ed.
188 1298 326 1342 scripsit
347 1301 494 1343 accersi,
519 1300 610 1343 quod
630 1300 758 1345 exigua
777 1299 873 1334 codd.
894 1299 1098 1333 auctoritate
1117 1299 1239 1333 nititur
1260 1303 1294 1333 et
1311 1299 1410 1332 haud

30 1357 133 1392 dubie
165 1370 187 1393 a
220 1359 343 1393 scribis
374 1361 530 1394 effictum
563 1364 625 1394 est.
649 1380 692 1385 —
727 1361 872 1394 Inermis
904 1359 1129 1394 Gerlachium
1153 1359 1190 1392 iu
1213 1360 1267 1395 ed.
1290 1358 1412 1393 novis-

29 1417 119 1452 sima
141 1421 234 1452 recte
257 1421 433 1464 scripsisse
455 1425 557 1465 puto3
584 1432 665 1455 narn
688 1421 779 1465 quod
804 1421 848 1455 ad
872 1420 974 1454 Catil.
997 1421 1097 1462 le,
1119 1419 1152 1454 5.
1177 1432 1210 1464 p.
1234 1420 1312 1454 318.
1338 1419 1411 1453 dixi

29 1479 99 1513 hoc
122 1480 202 1514 loco
226 1491 345 1514 omnes
368 1482 467 1515 codd.
491 1482 640 1516 inermus
664 1483 841 1526 praebere,
868 1481 996 1515 falsum
1021 1484 1082 1522 est,
1107 1492 1213 1523 quum
1238 1480 1349 1514 Paris.
1374 1480 1409 1513 b.

32 1552 63 1575 c.
96 1552 125 1574 z.
163 1542 281 1575 Guerl.
316 1546 349 1576 et
384 1543 499 1576 Berol.
534 1542 674 1576 inermis
698 1542 905 1582 exhibeant,
923 1541 959 1575 in
983 1542 1128 1585 Berger.
1154 1540 1270 1574 Guelf.
1295 1539 1351 1574 10.
1377 1543 1411 1573 et

30 1600 136 1635 Misn.
160 1602 204 1635 sit
227 1603 392 1647 inermes,
430 1603 472 1637 de
495 1603 613 1637 multis
637 1602 715 1637 aliis
739 1607 856 1637 autem
879 1613 947 1635 non
979 1605 1073 1635 certo
1096 1605 1236 1637 constet.
1293 1603 1413 1645 Quare

29 1662 246 1696 usitatiorem
269 1663 421 1697 formam
445 1664 684 1709 praetulimus.
708 1683 751 1689 --
791 1664 848 1697 Uti
875 1663 1003 1696 dictum
1037 1668 1132 1704 crat,
1155 1662 1180 1696 i.
1205 1673 1235 1696 e.
1260 1665 1299 1696 ut
1321 1661 1412 1695 inter

30 1727 194 1767 utrosque
218 1728 437 1766 convenerat,
469 1725 522 1757 vel
546 1729 584 1758 ut
608 1725 818 1767 postulatum
841 1735 882 1758 ac
902 1722 1125 1757 constitutum
1149 1727 1233 1758 erat.
1257 1742 1303 1749 —
1325 1723 1412 1756 Ver·-

31 1784 116 1818 bum
139 1785 392 1820 substantivum
417 1785 554 1819 Curtius
584 1785 653 1818 fide
680 1785 797 1820 Senat.
825 1786 858 1820 1.
883 1783 1023 1825 delevit,
1048 1795 1152 1828 quam
1177 1782 1411 1817 temeritatem

33 1845 239 1879 Gerlachius
263 1844 299 1878 in
323 1845 531 1879 Connnentt.
564 1857 597 1888 p.
621 1844 701 1880 335.
727 1845 901 1890 probavit,
935 1844 1056 1879 iudicii
1082 1845 1135 1878 sui
1167 1843 1203 1876 in
1237 1843 1290 1878 ed.
1325 1842 1412 1876 min.

33 1917 151 1939 rursus
174 1905 370 1939 immemor.
404 1905 535 1938 Eodem
557 1907 661 1941 modo
687 1908 730 1941 ab
755 1911 900 1950 utroque
923 1905 958 1938 in
982 1909 1156 1948 postrema
1178 1902 1303 1947 capitis
1326 1913 1411 1936 voce

33 1970 225 2010 peccatum.
262 1985 307 1990 -—-
338 1966 406 1999 Pro
430 1966 597 1999 deductus
620 1966 653 1999 in
686 1966 802 1999 Guelf.
826 1966 882 1999 12.
907 1965 982 1999 Vin.
1007 1966 1040 1999 1.
1065 1965 1146 1999 Sen.
1170 1963 1203 1997 2.
1230 1967 1263 1997 et
1285 1965 1412 1997 Reuss.

33 2029 126 2061 male
149 2030 261 2061 exstat
283 2027 423 2067 ductus3
460 2037 541 2060 nam
566 2027 733 2060 deducere
757 2026 896 2070 proprie
919 2030 1105 2070 usurpatur
1128 2026 1171 2059 de
1194 2025 1249 2066 iis,
1272 2025 1331 2069 qui
1353 2024 1412 2058 vel

32 2088 265 2129 honorisve!
288 2088 473 2131 praesidii,
509 2087 565 2120 vel
588 2086 762 2121 custodiae
787 2097 909 2120 caussa
932 2086 1082 2129 aliquem
1107 2086 1336 2126 comitantur-3
1364 2085 1411 2118 cf.

34 2154 198 2184 annotata
221 2150 264 2183 ad
290 2148 392 2182 Catil.
419 2160 448 2182 c.
474 2147 544 2189 LV,
568 2147 601 2181 2.
628 2159 661 2190 p.
683 2146 761 2180 290.
780 2165 826 2172 --
849 2147 1007 2180 Ceterum
1034 2146 1134 2180 Sulla
1157 2147 1247 2180 hanc
1269 2156 1412 2189 operam

35 2220 56 2244 a
80 2221 117 2243 se
138 2209 352 2253 reipublicae
375 2208 578 2252 praestitam
601 2207 688 2241 tanti
711 2206 815 2248 facit,
849 2210 888 2240 ut
910 2206 1099 2251 imaginem
1124 2207 1226 2240 huius
1250 2205 1412 2240 traditio-

34 2269 88 2303 nis
121 2271 246 2304 annulo
285 2267 479 2314 signatorio
515 2268 723 2310 insculptam
754 2268 919 2309 haberet,
956 2279 1066 2311 eaque
1098 2267 1216 2302 omnia
1249 2266 1413 2310 signaret.

37 2340 72 2367 v.
95 2329 186 2364 Plin.
209 2331 256 2364 Η.
283 2330 325 2364 N.
350 2329 541 2370 xxxvm,
570 2328 604 2363 1.
631 2329 744 2362 valer.
768 2329 862 2362 Max.
887 2328 974 2369 vul,
999 2327 1053 2363 15.
1078 2329 1189 2362 Coum.

129 2390 249 2424 cxlv.
286 2392 319 2431 ς.
342 2390 375 2423 1.
417 2390 594 2423 Periclem
617 2392 775 2433 tempus]
812 2389 985 2433 Iugurtha
1019 2395 1141 2433 captus
1171 2391 1222 2422 est
1257 2397 1348 2422 anuo
1375 2398 1412 2421 u.

39 2462 68 2484 c.
103 2450 184 2486 648.
218 2462 252 2494 p.
287 2450 352 2484 Ch.
385 2461 418 2485 n.
454 2450 533 2483 106.
599 2449 728 2494 Caepio
761 2454 878 2484 autem
913 2454 947 2484 et
980 2450 1040 2484 Cn.
1074 2449 1224 2484 Manlius
1257 2448 1415 2481 consules

38 2521 128 2545 anno
150 2514 313 2554 sequente
336 2511 371 2544 in
395 2510 513 2545 Gallia
535 2509 672 2543 devicti.
689 2528 733 2535 —
757 2510 874 2544 Gallos
895 2511 1081 2546 Sallustius
1103 2510 1197 2552 dicit,
1220 2520 1305 2553 quos
1325 2509 1414 2542 Ger-

38 2582 159 2605 manos
181 2571 294 2604 dicere
317 2571 483 2611 debebat,
517 2582 736 2605 communem
758 2570 900 2605 illorum
923 2576 1117 2615 temporum
1140 2581 1292 2604 errorem
1315 2581 1415 2603 secu-

39 2634 107 2673 tus,
130 2643 171 2665 eo
196 2636 334 2673 ortum,
367 2632 459 2676 quod
484 2632 655 2673 Romani,
683 2631 841 2675 priorum
862 2632 1081 2666 invasionum
1105 2643 1126 2667 a
1149 2630 1264 2665 Gallis
1285 2630 1321 2664 in
1343 2631 1413 2664 lta-

41 2691 126 2725 liam
149 2693 319 2726 factarum
353 2693 560 2727 memoriam
588 2693 792 2734 retinentes,
824 2697 1087 2736 ceterarumque
1115 2691 1291 2738 gentium,
1325 2700 1414 2733 quae

41 2753 306 2794 septentrionem
329 2765 448 2789 versus
468 2754 635 2796 incolunt,
661 2753 788 2798 ignari,
818 2763 937 2788 omnes
959 2754 1003 2788 ab
1027 2754 1094 2788 hac
1116 2758 1214 2798 parte
1239 2751 1323 2796 ipsis
1346 2751 1415 2784 im-
