1630 3034
217 130 271 172 52
823 122 982 166 INDEX

218 243 308 274 Multo
327 250 390 283 quo
403 248 504 272 sensu
528 239 769 282 superlativum
785 243 922 279 augeat,
949 237 972 270 1.
993 237 1026 275 7,
1044 239 1074 269 5.

218 299 308 329 Mauo
326 296 548 339 comparativo
567 295 796 338 postpositum,
822 294 845 326 l.
867 294 921 333 56,
939 293 970 326 3.

218 354 326 385 Multus
346 353 433 384 homo
451 351 574 384 dicitur
590 352 644 394 qui
661 352 790 383 modum
809 351 952 390 excedit,
979 349 1003 382 1.
1023 349 1079 389 84,
1099 349 1129 382 1.

219 411 326 441 Mullus
343 419 402 452 per
419 409 559 449 copulam
575 407 633 439 alii
651 408 819 439 adiectivo
837 407 982 445 additur,
997 402 1038 438 C.
1056 404 1113 444 20,
1132 404 1162 437 3.
1212 404 1236 437 1.
1255 404 1311 437 28.
1332 405 1361 436 5.
1414 403 1491 444 102,
1510 404 1563 437 10.

220 467 328 497 Munus
344 470 378 497 et
394 466 505 496 inultus
524 463 674 502 confusa,
702 463 726 495 1.
746 462 801 502 67,
819 463 852 496 2.

220 523 341 553 Mullum
360 522 394 553 vi
413 520 563 553 adverbii
580 520 732 562 positum,
757 518 781 552 Ι.
804 518 835 558 1,
854 520 885 552 5.
937 519 968 557 5,
988 518 1019 550 4.
1070 516 1148 555 108,
1167 517 1198 550 1.

219 579 339 609 Mullum
358 582 393 609 et
408 577 504 608 mulla
521 586 584 608 non
602 576 716 608 eodem
730 585 831 608 sensu
848 574 985 607 verbum
1003 574 1175 608 definiunt.
1201 570 1241 605 C.
1262 572 1318 609 27,
1339 574 1370 605 4.
1422 573 1476 610 45,
1492 573 1523 605 4.
1572 572 1595 605 1.

312 633 390 671 113,
409 632 440 665 3.

217 691 357 722 Mulucha
374 689 508 727 fluvius,
526 688 550 721 Ι.
574 687 627 727 19,
647 687 678 719 7.

218 746 344 777 Mulvius
361 755 454 788 ponS,
482 742 522 777 C.
542 745 597 784 45,
618 744 647 776 1.

222 803 388 843 Municipia
407 801 520 843 qualia
539 800 673 839 suerint,
702 799 737 832 C.
757 800 812 840 58,
831 799 865 833 9.

218 859 383 890 Munditiae
401 858 521 889 nimiae
539 856 792 899 vituperandae,
818 855 843 888 I.
859 855 915 895 85,
934 856 989 888 40.

219 915 345 946 Munitus
365 915 385 945 i.
407 923 436 955 q.
456 913 628 952 defensus,
647 916 751 950 tutus,
776 910 802 943 1.
821 911 877 950 28,
890 912 922 944 4.

221 971 363 1002 Hunilam
379 979 485 1009 aymen
505 969 616 1010 quale,
634 968 658 1000 1.
679 967 734 1006 46,
754 967 786 999 6.

220 1027 320 1057 Murus
339 1025 497 1068 quomodo
516 1023 649 1056 differat
665 1034 684 1056 a
698 1024 865 1063 moenibus,
884 1022 907 1055 Ι.
928 1021 983 1061 94,
1003 1023 1033 1054 4.

220 1082 334 1114 Mutare
351 1082 468 1122 aliquid
482 1091 553 1122 pro
572 1081 687 1120 aliquo,
706 1079 730 1111 Ι.
750 1078 805 1119 83,
825 1079 856 1112 1.

221 1139 336 1170 Mutare
354 1138 514 1170 reflexivo
531 1146 634 1169 sensu
652 1136 674 1168 i.
694 1146 724 1178 q.
743 1147 774 1167 sc
791 1140 917 1172 mutare,
950 1134 973 1166 Ι.
996 1134 1050 1173 38,
1073 1134 1122 1167 10.
1176 1135 1252 1173 104,
1268 1136 1299 1166 2.

220 1195 350 1226 Mutuum
368 1198 402 1226 et
417 1197 518 1225 mutuo
535 1203 651 1225 sumere
667 1192 805 1234 aliquid,
825 1188 865 1225 C.
884 1191 941 1231 24,
963 1191 991 1224 1.

871 1316 954 1369 N.

221 1419 282 1450 Nae
299 1418 406 1450 minus
425 1417 527 1461 proba
543 1418 710 1461 scriptura
727 1426 822 1459 quam
834 1428 882 1457 ne,
902 1414 942 1450 C.
964 1417 1018 1456 52,
1037 1415 1092 1451 27.
1142 1416 1166 1449 1.
1189 1417 1242 1455 14,
1261 1416 1316 1449 21.
1365 1415 1421 1455 85,
1439 1416 1493 1450 20.

221 1475 297 1506 Nam
313 1475 481 1515 omissum,
501 1470 541 1507 C.
564 1473 616 1507 17.
638 1473 669 1506 7.
720 1473 775 1513 39,
802 1474 834 1505 4.
884 1473 940 1513 46,
958 1473 990 1507 2.
1040 1472 1064 1505 1.
1084 1472 1139 1512 28,
1155 1475 1185 1507 5.
1237 1472 1291 1511 30,
1312 1472 1342 1505 1.
1394 1472 1449 1511 38,
1466 1472 1498 1506 2.
1547 1472 1604 1511 63,

312 1532 344 1562 6.
395 1529 449 1570 67,
471 1530 501 1563 1.

221 1585 294 1617 Nam
311 1586 491 1628 spectatad
501 1588 641 1618 omissam
656 1586 867 1626 sententiam,
894 1585 917 1618 I.
936 1585 989 1625 19,
1008 1585 1040 1619 2.
1069 1585 1168 1623 28,5.
1193 1585 1250 1623 82,
1268 1584 1300 1617 2.
1328 1584 1384 1620 88.
1399 1586 1430 1618 5.
1460 1584 1536 1625 102,
1550 1583 1603 1618 11.

221 1642 297 1673 Nam
314 1643 529 1684 parenthesin
546 1642 659 1681 infert,
678 1643 788 1684 priora
806 1642 1039 1684 explicantem,
1065 1641 1089 1673 Ι.
1112 1641 1188 1676 108.
1209 1640 1242 1673 1.

221 1698 379 1729 Nascentia
398 1699 524 1741 pariter
541 1703 577 1730 ut
593 1699 757 1738 ρι’μιιυιιιία,
775 1702 809 1730 et
826 1698 1007 1729 animantia
1025 1702 1059 1729 et
1075 1698 1212 1730 arbores
1232 1697 1415 1739 significat,
1449 1696 1473 1729 1.
1494 1695 1549 1736 79,
1571 1696 1603 1730 6.

221 1753 310 1785 Natio
329 1753 486 1795 quomodo
501 1753 635 1786 differat
652 1764 671 1786 a
688 1757 772 1794 yeme
789 1757 823 1785 et
838 1755 965 1794 populu,
981 1750 1021 1785 C.
1044 1753 1098 1791 10,
1118 1753 1148 1785 1.

222 1810 314 1841 Natus
334 1810 426 1840 alicui
445 1811 500 1849 rei,
525 1809 550 1841 I.
570 1809 625 1849 31,
646 1809 698 1841 11.

223 1866 336 1898 Natura
353 1865 503 1908 opposita
520 1867 602 1906 operi
622 1866 644 1897 i.
661 1876 690 1897 e.
706 1864 879 1897 munitioni
897 1869 969 1897 arte
988 1864 1110 1905 sactae,
1128 1863 1152 1897 1.
1173 1863 1228 1904 57,
1244 1864 1274 1897 1.
1325 1865 1379 1903 61,
1401 1864 1429 1897 1.

222 1923 302 1954 Nar.»
316 1923 337 1954 i.
359 1931 389 1963 q.
410 1921 575 1963 gnaviter,
594 1920 618 1953 1.
639 1919 693 1959 77,
712 1920 745 1953 3.

223 1978 371 2018 Navium-e
387 1989 482 2017 mare,
502 1976 536 2009 C.
556 1977 612 2016 20,
634 1976 686 2009 11.

223 2034 263 2065 Ne
280 2035 301 2065 i.
319 2044 349 2076 q.
369 2023 528 2076 profech,
547 2034 654 2065 minus
672 2037 764 2065 recte
781 2043 837 2064 nac
854 2033 1025 2067 scribitur.
1059 2030 1099 2065 C.
1121 2033 1175 2070 52,
1193 2032 1247 2066 27.
1275 2032 1299 2065 1.
1321 2032 1375 2071 14,
1393 2032 1449 2066 21.
1475 2032 1531 2071 85,
1548 2032 1604 2066 2οι

223 2090 264 2121 Ne
281 2091 303 2122 i.
323 2099 353 2132 q.
371 2091 533 2121 dummodo
552 2100 598 2125 nr,
619 2088 654 2121 C.
676 2089 730 2122 52.
751 2088 803 2122 ¹2.

223 2146 263 2178 Ne
281 2146 302 2177 i.
323 2155 354 2187 q.
373 2147 493 2183 nedum,
513 2142 553 2178 C.
576 2145 629 2185 11,
647 2144 680 2176 8.

223 2202 264 2233 Νι·
280 2202 337 2234 ubi
355 2206 428 2244 post
446 2212 515 2233 cave
531 2202 650 2234 abesse
667 2200 784 2243 possit.
803 2198 844 2233 C.
864 2201 918 2239 58,
935 2201 990 2233 21.

224 2257 264 2288 Ne
282 2258 313 2289 in
339 2258 447 2300 priore
473 2258 743 2298 interrogationis
770 2257 910 2299 duplicis
928 2257 1070 2289 membro
1088 2258 1144 2290 ubi
1171 2258 1245 2299 poni
1263 2257 1395 2297 debeat,
1415 2254 1454 2290 C.
1479 2256 1538 2292 52,
1552 2256 1604 2290 10.

224 2313 265 2344 Ne
282 2317 316 2345 et
334 2323 388 2344 neu
407 2313 557 2351 confusa,
576 2313 600 2345 Ι.
624 2313 676 2345 14.
697 2313 750 2344 24.
804 2313 878 2349 108,
898 2314 928 2345 2.

226 2369 266 2400 Νι·
279 2386 325 2392 -
342 2371 461 2409 quida-m
479 2370 646 2402 diversum
665 2369 705 2401 ab
725 2379 776 2400 nec
792 2386 837 2392 —
851 2371 982 2409 quidem.
1003 2367 1026 2401 1.
1048 2369 1101 2408 51,
1121 2371 1151 2401 5.

226 2425 282 2456 Nec
301 2426 322 2457 i.
342 2435 372 2466 q.
390 2435 480 2456 ne—
498 2427 630 2465 quidem,
651 2424 673 2456 1.
696 2425 751 2460 4⁴.
770 2426 801 2456 5
852 2424 907 2459 57,
927 2425 957 2457 6.

227 2481 282 2511 Νυε
301 2490 364 2512 non
383 2481 648 2513 confundendum
667 2491 737 2512 cum
759 2492 825 2517 neu.
846 2479 869 2513 Ι.
890 2481 924 2519 8,
942 2482 973 2512 2.

226 2536 283 2567 Nec
301 2546 436 2567 noanon
461 2541 570 2578 potest
582 2537 703 2578 ubique
724 2546 780 2578 pro
798 2542 823 2567 et
840 2537 926 2579 poni,
945 2534 986 2569 C.
1002 2537 1034 2571 3.
1050 2538 1080 2568 5.

226 2591 284 2622 Nec
301 2607 345 2615 —
364 2593 483 2631 quidem
497 2593 580 2624 bene
600 2593 710 2626 habet.
736 2590 759 2624 Ι.
782 2592 836 2628 5¹.
856 2593 885 2624 5.
937 2592 991 2627 57.
1007 2592 1040 2624 6.

227 2647 338 2678 meare
354 2647 511 2688 quomodo
529 2647 660 2680 differat
677 2648 717 2680 ab
734 2650 906 2685 iruerficvre,
926 2639 947 2680 Ι.
967 2648 1022 2684 26,
1042 2646 1071 2679 3.
