1630 3034
123 180 208 222 438
494 173 541 216 G.
571 171 912 217 SALLUSTI
949 170 1173 217 CRISPI

88 302 249 340 2terea
282 292 526 354 magnifica
562 306 648 352 pro
692 307 764 350 se,
813 296 858 335 et
896 266 998 334 illis*
1029 287 1238 336 dolentia.
1317 288 1512 340 Interim,
1574 285 1577 287 ’

127 406 243 449 quae
283 388 407 434 bello
443 404 558 450 opus
594 394 742 443 erant,
777 388 924 448 prima
957 384 1151 440 habere3
1186 385 1414 446 postulare
1448 385 1515 429 le·

128 487 336 548 gionibus
380 486 772 547 supplementum,
819 484 979 528 auxilia
1023 500 1050 527 a
1091 483 1272 543 populis
1317 489 1362 527 et
1394 481 1518 542 regi-

129 585 214 629 bus
250 584 471 642 sociisque
506 598 759 637 accersere;
803 587 1038 643 praeterea
1069 595 1126 625 ex
1150 580 1281 625 Latio
1317 578 1521 653 fortiseu-

132 696 256 726 mum
308 695 535 740 quemque
555 714 570 738 ‚
619 679 864 740 plerosque
915 677 1095 723 militiae
1116 709 1129 734 ,
1181 692 1351 738 paucos
1403 675 1524 720 fama

233 827 268 869 S.
292 825 329 862 2.
377 825 513 859 auxilia
543 837 567 859 a
595 826 733 870 populis
764 830 799 860 et
832 825 979 871 regibus
999 824 1163 868 sociisque
1187 823 1381 867 accersere]
1404 823 1458 856 De
1480 820 1527 854 si-

135 886 213 922 mili
237 887 453 922 auxiliorum
485 888 723 931 parandorum
754 887 860 922 modo
890 887 935 925 cf.
968 898 1002 919 c.
1033 885 1164 926 XLIII,
1188 885 1234 925 4.,
1258 883 1320 918 ubi
1342 884 1450 917 simul
1474 882 1528 916 di-

136 953 229 982 ctum
255 953 309 983 est
338 948 445 982 socios
474 946 719 993 intelligendos
752 959 827 983 esse
853 948 1004 984 italicos.
1029 966 1073 973 —-
1107 946 1290 980 Accersere
1318 946 1425 988 longe
1449 945 1526 988 plu-

135 1009 220 1047 rimi
244 1009 327 1044 libri
350 1009 503 1051 habent3
536 1020 570 1043 v.
608 1010 653 1043 ad
677 1010 755 1044 Cat.
782 1009 866 1052 XL,
889 1008 925 1044 6.
971 1007 1044 1042 Alii
1068 1007 1254 1051 accersire,
1289 1005 1392 1050 pauci
1415 1016 1530 1039 arces—

136 1081 225 1105 sere.
250 1090 297 1096 --
325 1070 479 1105 Militiae
512 1073 565 1104 est
598 1070 636 1105 in
658 1070 744 1107 Naz.
768 1070 853 1104 Bas.
876 1071 911 1104 1.
941 1069 1024 1104 Sen.
1050 1069 1083 1103 1.
1116 1069 1224 1102 Febr.
1246 1067 1282 1101 1.
1305 1078 1354 1100 m.
1378 1078 1430 1110 pr.
1454 1065 1532 1100 Vin.

137 1132 173 1165 1.
198 1133 303 1166 Rem.
326 1132 437 1166 Acad.
462 1131 558 1165 Vrat.
584 1132 617 1167 1.
640 1132 675 1166 2.
696 1131 843 1165 Eceard.
870 1131 991 1165 Guelf.
1009 1132 1043 1165 1.
1067 1130 1102 1164 2.
1126 1130 1157 1163 4.
1185 1129 1219 1163 6.
1243 1128 1379 1172 aliquot
1401 1128 1531 1162 Palatt.

138 1192 252 1229 Paris.
276 1194 311 1226 b.
337 1205 367 1227 c.
391 1204 425 1228 x.
450 1203 479 1225 z.
507 1192 625 1227 Berol.
660 1193 694 1226 l.
719 1192 752 1226 2.
784 1196 820 1226 et
852 1192 956 1226 Misn.
1004 1191 1117 1225 Ceteri
1150 1191 1282 1223 habent
1314 1189 1463 1230 militia,
1496 1192 1535 1222 ut

145 1265 244 1287 casus
280 1265 360 1287 cum
377 1255 484 1297 sama
516 1257 739 1297 congrueret.
787 1254 858 1287 Sed
882 1252 1059 1297 duplicem
1084 1251 1240 1286 eiusdem
1262 1249 1362 1284 verbi
1384 1253 1536 1284 structu-

142 1325 218 1348 ram
243 1314 416 1349 interdum
441 1324 464 1347 a
489 1312 657 1348 Sallustio
682 1314 860 1361 coniungi,
884 1315 956 1350 iam
980 1314 1129 1349 diximus
1151 1310 1196 1347 ad
1221 1311 1294 1346 Cat.
1319 1311 1481 1353 xxxm,
1503 1311 1536 1345 1.

145 1374 307 1421 Plerique
341 1375 546 1421 patriae,
586 1374 649 1409 sed
681 1387 797 1411 omnes
829 1378 965 1420 fama
999 1380 1105 1419 atque
1136 1374 1355 1418 fortunis
1384 1377 1539 1418 expertes

144 1446 271 1471 sumus.
294 1437 372 1482 lug.
400 1435 556 1480 LXXIV,
575 1435 609 1470 3.
658 1437 810 1471 Romani
833 1438 1013 1483 signorum
1037 1441 1072 1471 et
1097 1446 1271 1470 armorum
1296 1435 1539 1479 aliquanto

145 1509 354 1539 numero,
390 1499 593 1533 hostium
623 1510 879 1543 paucorum
910 1498 1024 1543 potiti.
1083 1496 1135 1530 De
1167 1495 1316 1542 genitivi
1346 1495 1482 1529 ratione
1504 1505 1538 1528 V.

144 1557 284 1601 Zumpt.
318 1557 478 1593 Gramm.
514 1561 546 1601 ἓ.
570 1559 629 1601 ῖὸ,
651 1560 685 1601 6,
712 1559 743 1593 1.
778 1572 810 1604 p.
836 1559 916 1594 344.
950 1562 983 1593 et
1014 1556 1182 1592 Ruddim.
1214 1555 1341 1591 Institt.
1380 1556 1540 1590 Gramm.

146 1618 225 1654 Vol.
248 1619 293 1653 Π.
317 1631 351 1662 p.
374 1619 545 1656 73—58.
566 1640 611 1646 —
645 1622 716 1656 Pro
742 1622 892 1655 eme-ritis
927 1619 1109 1664 stipendiis
1132 1617 1314 1662 Bipontini
1338 1619 1372 1652 et
1395 1617 1544 1651 Muelle-

147 1689 208 1712 rus
231 1689 274 1712 ex
300 1679 419 1714 Guelf.
455 1681 490 1714 1.
514 1681 547 1717 2.
571 1681 606 1716 3.
640 1681 853 1725 scripserunt
885 1679 1102 1716 emeritos
1140 1679 1344 1724 stipendiis,
1376 1679 1467 1723 quod
1490 1678 1544 1712 di—

149 1739 251 1773 cendi
288 1739 367 1774 usui
407 1746 600 1787 repugnat3
640 1753 722 1776 nam
759 1746 820 1776 aut
852 1742 970 1776 activa
1007 1740 1184 1784 participii
1217 1744 1388 1784 potestate
1418 1739 1547 1774 dicitur

151 1800 251 1834 homo
284 1802 447 1836 emeritus
484 1803 749 1847 stipendia,
788 1807 850 1836 aut
886 1801 1024 1846 passivo
1059 1812 1161 1834 sensu
1199 1801 1299 1834 homo
1332 1801 1547 1835 emeritis

152 1861 436 1906 stipendiis,-
468 1862 512 1896 cf.
548 1863 626 1897 Liv.
650 1863 754 1905 xxi,
779 1863 837 1905 43,
861 1862 918 1897 10.
970 1861 1037 1895 Hic
1062 1863 1155 1896 vobis
1181 1862 1365 1896 terminum
1388 1863 1545 1896 laborum

146 1924 297 1966 fortuna
321 1923 443 1964 dedit3
480 1923 535 1957 hic
560 1924 709 1969 dignam
731 1923 921 1958 mercedem
952 1924 1165 1957 emeritis
1196 1924 1449 1968 stipendiis
1482 1925 1547 1958 da-

153 1983 216 2024 bit,
240 1984 303 2018 ubi
327 1984 640 2019 Drakenborchius
665 1984 883 2028 comparavit
907 1984 968 2026 111,
997 1983 1054 2025 57,
1077 1983 1111 2018 9.
1160 1983 1240 2018 Non
1264 1985 1413 2019 iuniores
1436 1986 1548 2028 modo,

154 2045 215 2079 ced
248 2046 458 2080 emeritis
491 2046 596 2079 etiam
629 2046 884 2090 stipendiis
914 2057 998 2090 pars
1038 2057 1173 2091 magna
1205 2046 1476 2080 voluntariorum
1502 2047 1551 2081 ad

153 2107 296 2140 nomina
327 2106 448 2140 danda
479 2113 620 2151 praesto
644 2109 761 2150 suere.
794 2107 973 2148 xxxm,
997 2105 1040 2149 3,
1070 2105 1102 2139 4.
1154 2108 1376 2142 Emer-itis
1407 2109 1551 2154 quidam

155 2167 419 2211 etipendiis
453 2167 500 2201 ad
532 2168 636 2213 signa
670 2168 935 2202 revocabantur.
985 2167 1116 2201 Caussa
1140 2167 1361 2211 importunae
1385 2171 1551 2205 mutatio-

156 2227 209 2260 nis
233 2227 294 2261 vix
315 2228 393 2262 alia‘
410 2227 516 2262 fucrit
533 2253 544 2271 ‚
566 2240 673 2272 quam
698 2229 791 2272 quod
819 2227 912 2273 sugit
936 2228 1015 2262 illos
1040 2228 1274 2262 ablutivorum
1299 2230 1402 2273 ratio,
1427 2231 1552 2275 quibus

157 2298 283 2321 nomen
316 2289 503 2331 definitur;
540 2301 573 2323 v·
608 2290 652 2324 ad
680 2290 757 2323 Cat.
783 2289 908 2330 xmx,
942 2290 977 2323 2.
1002 2306 1045 2314 -
1077 2289 1192 2323 verba
1226 2302 1338 2325 eccum
1370 2293 1553 2336 proficisci,

159 2347 322 2382 omnibus
345 2349 487 2384 omnino
511 2350 611 2385 codd.
634 2351 794 2390 firmata,
828 2350 968 2385 Curtius
992 2350 1201 2385 futilissimis
1222 2352 1555 2389 hallucinationibus

159 2407 348 2454 indulgens
383 2410 554 2445 eiicienda
588 2412 741 2453 censuit,
775 2411 918 2455 eiusque
952 2411 1162 2445 auctoritate
1184 2411 1270 2447 moti
1294 2413 1469 2449 eiecerunt
1492 2413 1551 2449 Bi-

161 2469 297 2512 pontini
326 2475 361 2506 et
393 2472 597 2507 Muellerus.
645 2471 823 2508 Immerito
855 2484 916 2507 eos
943 2472 1052 2506 verbo
1094 2485 1217 2518 cogere
1253 2473 1405 2510 offensos
1433 2475 1554 2521 fui-se,

163 2529 246 2572 qui-«i
270 2530 407 2565 mneriti
444 2533 618 2578 stipendia
647 2536 744 2569 nulla
777 2533 813 2568 vi
837 2532 881 2568 ad
906 2533 1070 2568 militiam
1094 2533 1192 2579 adigi
1217 2535 1414 2579 potuerint,
1444 2547 1555 2579 neque

164 2601 254 2633 opus
280 2603 355 2625 cese
379 2597 417 2626 ut
445 2594 551 2630 liuius
574 2595 625 2629 rei
659 2595 821 2630 vitandae
844 2607 969 2629 caussa
1001 2607 1123 2640 cogere
1148 2607 1211 2640 pro
1237 2595 1400 2641 colligere
1423 2595 1555 2631 dictum

165 2654 287 2695 putes,
319 2652 406 2687 bene
439 2655 575 2690 monuit
610 2656 832 2690 Gerlucliiue.
879 2657 1019 2701 Quippe
1050 2667 1175 2702 cogere
1200 2667 1267 2691 non
1291 2655 1433 2701 vulgari
1455 2669 1556 2692 sensu

166 2711 209 2745 de
233 2713 433 2748 adhibenda
461 2718 498 2750 υἱ
529 2721 580 2751 eet
610 2699 876 2763 intellig⁸cndum
896 2745 904 2760 ,
937 2719 996 2751 sed
1021 2729 1101 2751 cum
1126 2717 1308 2752 ambiundo
1334 2717 1557 2752 coniunctum

167 2773 218 2807 ita
241 2774 399 2809 mollitur
415 2800 425 2816 ‚
458 2782 497 2811 ut
529 2777 597 2811 loci
621 2789 739 2813 sensus
762 2777 829 2813 sit:
864 2778 982 2813 verbis
1005 2780 1048 2814 ad
1075 2778 1233 2814 savorem
1257 2781 1292 2813 et
1312 2779 1427 2813 studio
1446 2787 1555 2813 nucu-
