1630 3034
201 204 287 246 596
561 195 609 238 G.
638 192 955 238 SALLUSTI
1001 193 1223 239 CRISPI

165 315 371 380 ggurtha
410 326 561 370 carus,
620 315 665 356 et
720 310 917 355 Romani
965 311 1091 356 invisi
1137 313 1276 359 erant.
1356 313 1589 373 Denique,

208 414 381 475 saepius
430 409 642 469 fatigatus
664 440 678 465 ‚
723 407 882 451 lenitur
899 443 913 467 ‚
970 414 1014 453 et
1067 423 1124 453 ex
1167 410 1394 456 voluntate
1438 412 1590 457 Sullae

169 511 357 559 4omnia
387 523 434 553 se
467 501 697 551 facturum
729 505 957 566 promittit.
1031 504 1244 552 Ceterum
1287 508 1347 552 ad
1382 509 1593 553 simulan-

209 609 315 655 dam
351 619 535 669 pacem,
581 602 705 647 cuius
747 602 946 647 Numida
982 602 1180 649 defessus
1220 605 1342 650 bello
1378 606 1592 651 avidissu-

209 721 330 762 mus,
385 717 502 762 quae
546 700 670 745 utilia
691 730 696 731 ν
714 699 834 758 visa,
877 701 1161 748 constituunt.
1230 702 1298 747 Ita
1342 705 1593 765 composito

213 802 319 848 dolo
347 797 666 862 digrediuntur.

212 970 324 1007 tiones
354 968 418 1004 ubi
448 966 623 1009 obtinent,
645 973 709 1012 per
730 967 842 1002 totam
866 966 979 1002 vitam
1004 967 1090 1002 duos
1113 970 1174 1003 aut
1197 968 1315 1013 plures
1337 968 1497 1004 homines
1520 969 1599 1004 iun-

213 1036 319 1080 gunt,
352 1032 414 1067 sed
435 1030 480 1065 iis
502 1041 570 1064 non
593 1029 838 1064 interveniunt.
885 1029 1007 1072 Quare
1029 1029 1066 1062 vi
1089 1030 1302 1074 zeugmatis,
1334 1031 1426 1075 quod
1448 1030 1509 1064 hic
1532 1031 1596 1064 ha·

214 1096 328 1138 betur,
352 1103 395 1127 ex
416 1091 639 1127 intervenisse
661 1089 708 1125 ad
731 1089 801 1124 (luo
824 1089 944 1135 priora
963 1090 1106 1125 nomina
1129 1091 1343 1136 cogitatione
1362 1090 1519 1136 suppleri
1542 1091 1601 1124 de—

214 1156 275 1191 bet
307 1166 379 1190 esse
411 1165 460 1188 sc.
493 1152 558 1186 sibi
589 1163 666 1185 cum
699 1151 886 1196 Iugurtha.
944 1153 1083 1187 Foedus
1106 1157 1223 1187 autem
1247 1162 1317 1187 non
1341 1153 1454 1187 solum
1478 1152 1603 1186 natura

215 1216 392 1251 diversum
414 1222 489 1249 esse
512 1213 557 1247 ab
585 1211 757 1247 affinitate
778 1215 813 1246 et
837 1212 1065 1258 cognatione,
1088 1214 1149 1248 sed
1171 1213 1278 1249 etiam
1300 1215 1430 1248 seriore
1448 1217 1604 1258 tempore

216 1276 403 1313 accessisse
425 1273 622 1319 perspiscue
653 1276 728 1307 tum
749 1277 936 1317 praeterea
957 1284 1058 1316 voce,
1082 1278 1156 1309 tum
1178 1276 1325 1320 perfecti
1347 1275 1518 1310 infinitivo
1542 1275 1604 1308 de·-

216 1339 380 1373 claratur.
438 1336 600 1370 Ceterum
634 1344 743 1377 quum
780 1334 938 1378 affinitas
976 1335 1202 1370 matrimonio
1240 1336 1415 1382 iungendo
1448 1335 1605 1378 exsistat,

217 1399 381 1445 cognatio
414 1394 594 1441 sanguinis
627 1394 769 1428 vinculo
800 1395 1017 1430 contineatur
1050 1397 1126 1441 (cf.
1158 1397 1302 1432 IVeberi
1336 1397 1490 1432 Exercit.
1523 1395 1606 1442 styli

217 1460 296 1495 Lat.
326 1459 404 1493 Vol.
435 1458 463 1494 1.
494 1468 527 1501 Ρ.
559 1455 673 1500 124.)‚
704 1455 768 1489 illa
801 1456 916 1500 qualis
949 1457 1057 1492 fuerit
1079 1462 1175 1503 patet
1199 1471 1241 1493 ex
1265 1470 1294 1494 c.
1321 1458 1467 1501 LXXX,
1491 1457 1539 1500 6.,
1563 1457 1606 1490 de

219 1521 289 1555 hac
322 1531 390 1554 non
419 1521 565 1553 constat.
597 1536 643 1542 —
682 1518 822 1552 Fluxa
846 1519 938 1562 fide,
972 1518 1022 1553 ita
1056 1520 1171 1555 Tacit.
1202 1520 1356 1554 Historr.
1389 1519 1433 1562 11,
1456 1517 1515 1553 75.
1543 1518 1606 1553 Sil.

220 1581 320 1622 VIII,
357 1579 440 1614 322.
475 1579 536 1613 ubi
568 1578 735 1612 videndus
767 1580 1033 1614 Drakenborch.
1068 1581 1183 1615 Cou’r.
1239 1581 1338 1615 Adde
1361 1580 1538 1614 Drakenb.
1564 1579 1607 1613 ad

223 1641 300 1677 Liv.
324 1640 476 1681 xxvn,
499 1640 563 1681 17,
587 1639 620 1673 4.
646 1641 728 1684 XL,
755 1639 825 1682 50,
850 1639 883 1675 5.
907 1660 954 1666 —-
976 1642 1046 1676 Pro
1072 1646 1172 1676 crant
1196 1641 1299 1675 multi
1321 1641 1420 1677 codd.
1444 1641 1610 1675 exhibent

224 1706 350 1743 essent,
373 1712 417 1735 ex
436 1700 701 1744 interpolatione
724 1701 941 1743 scribarum,
978 1702 1038 1745 qui
1061 1703 1310 1747 explicativum
1333 1702 1540 1737 sententiam
1564 1702 1610 1735 ab

224 1761 302 1807 ipso
325 1761 492 1806 scriptore
514 1760 604 1796 alius
635 1760 787 1796 orationi
819 1762 956 1797 annecti
988 1774 1091 1807 posse
1121 1763 1311 1804 nescirent3
1347 1763 1394 1798 cf.
1431 1763 1476 1798 ad
1506 1762 1609 1797 Catil.

225 1834 256 1857 c.
280 1822 373 1864 xlv,
395 1821 430 1856 7.

319 1885 352 1927 §-
377 1882 411 1917 3.
435 1885 470 1918 et
492 1881 525 1916 4.
556 1883 783 1934 fatigatus]⁸
810 1885 863 1920 De
892 1884 1000 1920 huius
1031 1884 1132 1920 verbi
1164 1887 1335 1930 potestate
1365 1895 1396 1918 v.
1423 1884 1468 1919 ad
1492 1896 1521 1919 c.
1548 1886 1609 1927 XI,

228 1944 261 1980 4.
283 1957 319 1990 p.
342 1943 400 1979 58.
424 1963 469 1969 —
493 1944 638 1978 Lenitur
660 1944 847 1979 verissima
870 1949 923 1980 est
945 1946 1137 1980 multorum
1165 1946 1261 1980 codd.
1286 1945 1402 1987 lectio,
1426 1946 1485 1980 sed
1508 1946 1613 1991 longe

228 2005 465 2051 ineptissima,
492 2015 597 2048 quam
621 2005 780 2048 Cortius,
804 2008 996 2042 Muellerus
1019 2012 1054 2042 et
1078 2007 1288 2041 Gerlaehius
1316 2007 1350 2040 in
1374 2006 1427 2041 ed.
1452 2007 1536 2041 mai.
1558 2019 1613 2041 re-

229 2069 414 2110 ceperunt,
448 2065 580 2100 leniter.
639 2066 727 2100 Nam
753 2080 860 2111 quum
890 2070 998 2103 verba
1023 2069 1145 2103 leniter
1172 2073 1205 2102 ct
1230 2079 1270 2102 ex
1294 2068 1472 2102 voluntate
1494 2069 1616 2103 Sullae

230 2139 300 2162 non
321 2125 455 2171 possint
476 2137 545 2159 non
569 2127 746 2172 coniungi,
769 2128 843 2164 sive
867 2131 911 2164 ad
928 2133 1128 2174 facturum,
1164 2129 1238 2164 sive
1261 2130 1304 2164 ad
1327 2131 1497 2174 promittit
1521 2135 1616 2165 retu-

231 2187 337 2229 leris,
361 2187 568 2221 alterutrum
599 2189 789 2224 absurdum
818 2195 881 2226 est.
929 2192 1057 2226 Paullo
1090 2190 1204 2225 minus
1236 2190 1376 2234 inepta,
1410 2191 1469 2225 sed
1500 2190 1614 2235 inepta

232 2251 351 2284 tamen
373 2259 495 2282 eorum
519 2247 618 2281 codd.
643 2253 693 2283 est
718 2251 906 2296 scriptura,
931 2252 967 2287 in
990 2253 1117 2298 quibus
1140 2253 1266 2297 copula
1287 2252 1403 2292 deest3
1426 2262 1507 2285 num
1535 2251 1617 2296 quid

237 2308 430 2350 attinebat,
461 2311 578 2342 utrum
603 2309 765 2345 Bocchus
795 2314 918 2348 leniter
940 2314 1178 2358 promitteret,
1204 2325 1330 2355 necne,
1356 2312 1385 2346 si
1409 2313 1513 2347 modo
1536 2325 1617 2357 pro-

238 2368 391 2403 mitteret
420 2369 589 2403 tandem?
624 2371 662 2404 Id
693 2372 809 2416 ipsum
839 2380 959 2409 alitem
982 2376 1181 2409 declaratur
1202 2374 1374 2418 scriptura
1399 2385 1420 2407 a
1443 2373 1543 2408 nohis
1563 2385 1618 2408 re—

240 2431 362 2473 ceptam
385 2440 467 2463 nam
491 2430 568 2464 lucc
590 2431 721 2466 clarius
744 2438 795 2469 est
819 2436 933 2470 verbis
957 2435 1242 2480 praecedentibus
1268 2435 1379 2479 primo
1402 2435 1618 2480 negitare

241 2489 369 2534 opponi
401 2491 548 2534 denique
582 2494 768 2538 lenitur,
802 2496 826 2530 i.
861 2508 890 2531 c.
920 2502 1152 2541 permovetur,
1186 2501 1315 2531 utnon
1339 2496 1486 2540 amplius
1512 2496 1619 2530 obstet

243 2552 417 2595 negando.
463 2553 565 2596 Quod
597 2566 809 2601 quamquam
841 2558 947 2592 sensit
981 2557 1207 2599 Gerlachius,
1237 2561 1373 2596 tamen,
1409 2560 1447 2590 nt
1477 2556 1622 2591 fluctuat

244 2611 394 2653 iudicio,
428 2611 463 2645 in
496 2614 702 2651 Commentt.
727 2629 760 2661 p.
783 2617 866 2652 334.
890 2619 1118 2653 nihilominus
1144 2630 1181 2652 sc
1204 2618 1366 2651 dubitare
1388 2617 1503 2652 adhuc
1526 2617 1622 2659 dicit,

244 2675 361 2706 utrum
386 2673 572 2707 lectionem
594 2677 780 2719 praeferat.
798 2698 841 2704 —
862 2681 918 2714 Ad
939 2680 1172 2715 simulandam
1193 2690 1327 2723 pacem,
1352 2678 1374 2711 i.
1399 2689 1429 2711 e.
1453 2678 1498 2712 ad
1521 2679 1625 2714 fidem

245 2733 439 2779 Iugurthae
463 2735 679 2779 faciendam,
702 2750 822 2782 pacem
846 2745 1106 2775 conventurum.

341 2793 449 2829 CXII·
475 2797 507 2839 §-
533 2796 566 2831 l·
591 2800 768 2844 appellat]
795 2801 817 2835 i.
841 2813 872 2838 e.
897 2802 943 2836 ud
967 2813 1047 2836 eum
1070 2814 1108 2837 se
1131 2800 1325 2842 convertit3
1349 2811 1382 2837 v.
1405 2799 1450 2835 ud
1477 2812 1508 2836 c.
1537 2801 1623 2840 cu.
