1630 3034
246 113 303 156 78
859 106 1016 155 INDEX

250 228 400 268 Superare
418 227 440 258 i.
459 235 489 268 q.
509 225 639 258 abunde
657 235 745 266 esse,
764 225 800 259 C.
819 225 876 265 20,
895 225 949 259 11.

249 283 399 323 Super-are
415 282 436 313 i.
453 291 484 324 q.
501 285 642 321 restare,
667 281 691 314 Ι.
709 280 764 321 70,
782 282 816 316 2.

248 338 399 379 Superure
417 338 438 369 i.
459 347 489 380 q.
510 338 726 378 redarguere,
752 337 776 371 Ι.
797 337 852 377 85,
870 337 926 371 27.

247 395 409 435 Superesse
423 393 446 425 i.
465 403 495 435 q.
516 393 646 426 abunde
660 403 749 432 esse,
776 393 812 426 C.
831 393 887 434 20,
908 394 961 426 11.

247 450 428 491 Superlativi
444 450 497 482 vis
516 449 634 491 quibus
651 449 790 482 vocibus
809 454 985 491 augeatur,
1010 449 1035 482 Ι.
1056 448 1089 488 7,
1104 450 1134 481 5.

245 506 426 547 Superlalivi
442 506 632 538 terminatio
650 506 684 538 in
699 516 861 545 ——sumuS,
886 505 910 538 I.
930 505 987 544 31,
1007 505 1060 539 12.

247 562 508 603 Sum-vacaneum
525 562 659 604 explic„
687 561 722 595 C.
743 562 797 601 58,
818 561 870 594 11.

246 617 391 659 Supinum
406 628 469 649 non
487 627 616 660 semper
633 618 787 659 congruit
802 627 875 650 eum
888 618 1063 661 participio
1079 617 1185 650 futuri
1202 618 1317 657 activi,
1342 618 1365 651 1.
1385 616 1441 658 47,
1459 617 1492 651 2.

246 674 393 715 Supinum
408 674 442 706 in
458 685 525 705 —u
541 675 657 706 exiens
676 674 832 716 quomodo
851 673 985 706 differat
1000 684 1020 706 a
1037 675 1211 717 participio
1223 674 1364 717 perfecti
1381 684 1486 717 pass„
1511 670 1552 707 G.
1572 673 1629 714 32,

336 730 367 763 1.
414 729 440 762 Ι.
459 728 536 768 107,
556 730 587 762 5.
1178 767 1192 774 -

247 786 394 827 Supinum
411 786 444 818 in
460 797 524 816 -ιι
543 786 659 818 exiens
673 796 773 829 saepe
791 796 853 819 non
872 786 1054 825 ablativus,
1074 787 1133 819 sed
1152 788 1269 818 dativus
1287 790 1350 826 est,
1368 786 1392 819 Ι.
1405 786 1504 827 91,7.
1529 785 1585 826 98,
1596 785 1629 818 7.

248 842 393 883 Supinum
411 842 444 874 in
457 852 553 873 —um
570 843 686 875 exiens
703 852 775 875 culn
792 844 836 875 ire
852 844 1073 882 coniunctum,
1101 842 1136 875 C.
1157 842 1212 882 36,
1230 844 1262 876 5.
1311 842 1336 876 Ι.
1356 842 1411 882 68,
1431 842 1460 875 1.

248 898 395 940 Supinum
413 898 446 930 in
467 909 559 930 —um
576 899 693 931 exiens
712 900 782 939 loci,
801 910 865 931 non
890 900 1022 932 consilii
1035 901 1102 932 vim
1115 900 1228 939 habet,
1253 899 1277 932 Ι.
1299 898 1376 938 102,
1396 898 1448 933 12.

248 955 424 996 supplenda
439 955 543 994 verba,
562 965 604 987 ex
619 956 897 998 praecedentibus
915 957 1107 999 repetenda,
1127 955 1162 989 C.
1183 955 1214 995 3,
1232 955 1264 989 2.
1314 955 1338 988 Ι.
1356 955 1411 995 75,
1431 954 1461 987 7.
1496 954 1552 994 85,
1573 954 1627 987 38.

247 1011 440 1052 Supplendus
459 1011 607 1043 eiusdem
631 1012 787 1044 vocabuli
813 1013 893 1044 alius
922 1022 1030 1051 casus,
1066 1021 1108 1044 ex
1131 1011 1348 1054 sequentibus
1366 1011 1406 1043 ad
1432 1015 1630 1052 antegressa

334 1067 530 1107 trahendus,
559 1067 594 1100 C.
614 1068 668 1107 51,
687 1067 740 1101 38.

246 1123 438 1165 Supplendus
455 1124 603 1156 eiusdem
620 1124 775 1157 vocabuli
793 1125 872 1156 alius
890 1135 979 1156 casus
996 1124 1038 1156 ad
1052 1124 1187 1157 verbum
1198 1124 1353 1157 diversae
1370 1127 1572 1162 structurae,
1592 1121 1628 1155 C.

337 1178 392 1218 13,
410 1180 442 1213 2.
491 1179 516 1212 Ι.
537 1181 592 1220 54,
612 1180 643 1213 1.
693 1180 770 1220 110,
790 1181 822 1213 4.

246 1235 401 1276 Supplicia
420 1236 442 1268 i.
463 1246 493 1278 q.
514 1236 661 1270 intentae
679 1247 808 1280 preces,
833 1237 858 1270 Ι.
879 1237 933 1270 70.

246 1292 401 1333 Supplicia
417 1291 438 1324 i.
460 1301 491 1334 q.
511 1293 783 1336 supplicationes,
807 1293 832 1326 I.
852 1294 906 1334 55,
924 1294 956 1328 2.

246 1348 347 1390 Supra
364 1348 516 1380 adverbii
533 1354 700 1391 potestate
718 1351 872 1394 positum,
897 1350 923 1383 Ι.
942 1351 999 1385 24,
1015 1352 1044 1383 5.

247 1405 348 1445 Supra
364 1409 497 1446 repetere
514 1406 649 1449 explic„
674 1406 698 1439 Ι.
721 1407 752 1447 5,
772 1407 802 1440 3.

247 1460 347 1502 Supra
364 1465 454 1502 caput
471 1471 546 1501 esse,
567 1461 601 1494 C.
623 1463 677 1502 52,
695 1463 751 1496 24.

248 1517 428 1558 Suspectare
447 1518 468 1549 i.
490 1528 519 1560 q.
541 1524 730 1562 suspectum
746 1519 881 1559 habere,
909 1519 934 1552 Ι.
955 1520 1008 1559 70,
1029 1520 1058 1553 1.

249 1575 408 1614 Suspicere
424 1574 445 1606 i.
468 1584 498 1617 q.
519 1575 551 1606 in
571 1576 759 1619 suspicione
773 1576 909 1616 habere,
935 1576 959 1609 Ι.
981 1575 1035 1616 70,
1056 1576 1087 1609 1.

249 1630 401 1661 Sustinere
414 1630 539 1672 aliquid
557 1632 692 1673 explic„
713 1629 752 1664 C.
772 1632 826 1670 53,
845 1632 877 1665 2.
926 1632 952 1665 Ι.
973 1632 1026 1671 14,
1045 1632 1077 1665 2.

248 1686 326 1717 Suus
343 1687 479 1729 passive
498 1697 554 1729 pro
573 1688 720 1728 genitivo
739 1688 903 1720 obiectivo
923 1690 981 1727 sui,
998 1688 1032 1720 C.
1054 1687 1108 1727 51,
1130 1688 1181 1721 11.
1210 1688 1233 1721 Ι.
1252 1689 1308 1725 20,
1324 1689 1355 1720 4.

248 1741 326 1773 Suus
343 1742 510 1785 oppositus
528 1744 626 1774 alieno
645 1744 667 1775 i.
688 1753 717 1785 q.
738 1745 905 1782 commodo,
923 1744 948 1776 Ι.
968 1745 1022 1783 54,
1041 1743 1073 1775 8.
1422 1734 1425 1735 ⁷

248 1797 384 1840 Syncopc
400 1809 418 1829 n
436 1799 570 1831 litterae
588 1800 621 1831 in
638 1800 805 1840 periculum
823 1804 857 1832 et
869 1801 1055 1841 manipulus,
1080 1799 1105 1832 Ι.
1124 1799 1157 1839 7,
1176 1800 1206 1832 1.
1230 1799 1305 1839 100,
1324 1799 1355 1830 2.

248 1855 384 1895 Synesis,
405 1851 445 1887 C.
466 1854 521 1894 39,
541 1855 573 1888 3.
623 1855 678 1894 48,
700 1855 731 1888 1.
780 1855 805 1889 Ι.
826 1855 880 1895 15,
899 1855 929 1889 1.
981 1855 1035 1895 18,
1055 1855 1108 1889 10.
1158 1855 1214 1895 28,
1232 1855 1263 1889 2.
1315 1854 1416 1890 77,1.

248 1911 369 1951 synesis
382 1911 438 1943 ubi
464 1921 526 1942 non
544 1913 734 1952 statuenda,
751 1912 776 1944 Ι.
793 1912 848 1946 66,
866 1912 896 1943 2.

249 1967 476 2007 Syr-tiamsitus,
498 1964 522 1999 Ι.
545 1967 598 2006 19,
617 1967 650 2000 3.

250 2023 382 2063 Syrtium
397 2027 520 2063 natura,
538 2023 563 2056 Ι.
584 2023 639 2063 78,
660 2024 690 2057 1.

895 2093 981 2146 Τ.

251 2191 411 2223 Tabescere
428 2193 449 2224 i.
470 2202 500 2234 q.
520 2193 691 2236 paullatim
710 2193 860 2232 interire,
879 2192 903 2226 Ι.
926 2193 978 2231 14,
993 2194 1047 2227 25.

251 2247 359 2279 Tacere
376 2248 452 2290 quid
468 2248 599 2281 differat
613 2259 632 2281 a
649 2250 749 2287 silere,
776 2249 801 2282 Ι.
824 2249 876 2288 19,
895 2250 927 2282 ,2.

251 2304 359 2335 Tacere
376 2305 452 2346 quid
472 2305 604 2338 differat
617 2316 636 2338 a
654 2306 787 2342 relicere,
813 2305 837 2338 Ι.
857 2305 912 2344 85,
930 2305 984 2338 26.

251 2360 350 2391 Taeda
368 2361 491 2403 duplici
510 2367 674 2404 potestate
691 2366 896 2405 usurpatum,
923 2361 947 2394 Ι.
968 2361 1023 2398 57,
1043 2363 1072 2394 5.

250 2416 332 2447 Talis
349 2427 416 2449 rem
435 2417 545 2459 aliquo
564 2419 655 2450 modo
673 2423 785 2458 auget.
803 2417 828 2450 Ι.
851 2417 904 2451 10.
923 2418 954 2450 8.
1005 2419 1059 2452 ¹25.
1078 2418 1110 2450 2.
1160 2418 1215 2454 31,
1234 2418 1265 2450 0.
1316 2417 1372 2454 32,
1391 2419 1420 2450 5.
1471 2417 1526 2454 03,
1545 2417 1575 2450 6.

252 2471 337 2503 Talia
357 2474 606 2516 perspicuitatis
625 2485 744 2506 caussa
763 2475 977 2515 coniungitur
995 2484 1066 2507 cum
1085 2475 1160 2510 alia,
1188 2474 1211 2507 Ι.
1231 2473 1287 2509 81.
1305 2474 1336 2506 2.

252 2527 323 2559 Tam
341 2529 501 2571 quomodo
520 2530 653 2563 differat
671 2531 711 2563 ab
729 2533 782 2570 ila,
812 2530 846 2563 C.
869 2530 922 2565 14,
944 2530 972 2563 1.

252 2583 323 2614 Tam
341 2601 386 2608 —
404 2596 506 2626 quam,
526 2585 548 2617 Ι.
570 2586 625 2623 31,
646 2587 698 2619 14.
752 2586 827 2621 100,
847 2588 878 2619 4.

251 2639 356 2671 Tamen
377 2651 574 2683 praegresso
589 2653 680 2683 quum
698 2643 864 2677 omissum.
891 2640 930 2674 C.
953 2643 1007 2678 36,
1026 2643 1057 2674 4.
