1630 3034
419 170 792 215 IUGURTHA.
853 171 977 214 CAP.
1006 172 1131 215 XIV.
1410 178 1466 219 81

74 291 188 336 dolis
230 288 381 349 nequit
422 304 612 349 capere,
648 286 756 330 nihil
790 288 933 332 minus
964 305 1097 347 quam
1132 289 1221 333 vim
1258 295 1333 334 aut
1366 291 1467 335 bel-

78 389 171 431 lum
213 391 547 446 exspectantem
594 385 638 427 in
680 384 870 443 imperio
894 391 1063 428 *vostro
1084 419 1096 438 ,
1133 385 1256 430 sicuti
1292 386 1466 445 videtis,
1505 425 1507 427 ,

78 489 299 528 extorrem
334 480 500 541 pat-ria,
538 480 700 536 domo,
737 480 916 540 inopem
951 486 996 525 et
1031 488 1295 542 coopertum
1332 484 1465 527 mise-

76 581 149 623 riis
189 578 361 635 effecit,
399 582 448 620 ut
470 577 610 620 ubivis
645 576 778 619 tutius
816 592 950 635 quam
994 578 1039 621 in
1074 594 1176 623 meo
1212 594 1355 639 regno
1393 595 1466 624 es-

74 761 233 796 versibus
255 761 357 807 gravi
383 760 539 795 oratione
561 763 659 795 utens
682 761 827 795 eandem
851 760 949 795 verbi
973 761 1138 804 formam,
1164 773 1377 806 quamquam
1395 761 1467 797 alio

71 833 194 862 sensu,
227 822 353 865 posuit.
382 840 429 846 —
460 824 571 866 Atque
616 823 733 856 eodem
775 833 844 856 non
878 822 1083 865 simpliciter
1122 823 1291 865 annectit,
1332 824 1390 857 sed
1425 834 1468 857 ea

72 887 125 916 est
159 882 373 925 pronominis
396 883 487 916 idem
511 883 659 926 copulae
683 881 793 915 additi
825 886 995 924 potestas,
1028 888 1066 916 ut
1089 884 1236 918 alteram
1261 884 1388 918 obiecti
1411 883 1468 916 vel

74 943 270 988 praedicati
295 947 426 987 partem
453 954 533 976 cum
559 943 596 976 vi
632 943 784 985 quadam
815 942 940 976 esserat
972 948 1006 977 et
1033 944 1185 978 maxime
1216 944 1467 987 respiciendam

68 1003 262 1048 Proponat.
298 1005 344 1036 cf.
370 1015 400 1035 c.
428 1003 545 1036 xxxl
561 1028 570 1046 ‚
604 1003 661 1036 12.
685 1004 928 1037 nocentissumi
960 1004 1185 1048 iidemque
1209 1004 1466 1049 superbissumi.

74 1065 209 1100 Bremi.
235 1065 277 1098 ad
302 1064 391 1106 Nep.
416 1063 546 1097 conon.
577 1074 606 1097 c.
631 1065 674 1105 ΙΙ,
694 1064 724 1096 l.
753 1065 895 1097 contulit
918 1075 954 1097 se
979 1065 1026 1097 ad
1043 1064 1324 1107 Pharnabazum,
1349 1070 1470 1099 satra—

72 1135 140 1169 pen
169 1126 287 1158 Ioniae
313 1124 524 1168 eundemque
547 1135 714 1169 generum
738 1125 845 1169 regis.
870 1124 1082 1168 Heusinger.
1114 1126 1158 1159 ad
1181 1126 1253 1160 Cic.
1280 1127 1323 1160 de
1348 1126 1419 1160 Oss'.
1442 1126 1471 1167 Ι,

74 1184 110 1225 6,
135 1183 168 1217 4.
194 1184 337 1227 quidam
365 1185 468 1217 nimis
491 1196 661 1230 magnum
685 1185 837 1218 studium
863 1185 900 1217 in
922 1196 977 1217 res
1000 1184 1159 1219 obscuras
1183 1192 1287 1232 atque
1312 1187 1471 1231 difficiles

75 1247 275 1287 conferunt,
314 1246 521 1289 easdemque
556 1257 623 1278 uon
656 1245 882 1278 necessarias.
915 1245 1081 1280 Goerenz.
1113 1247 1156 1280 ad
1188 1247 1388 1289 Acadd.11‚
1412 1247 1472 1288 36,

74 1303 154 1338 114.
179 1315 213 1347 p.
237 1302 317 1337 205.
343 1305 479 1349 Zumpt.
507 1307 666 1340 Gramm.
690 1306 768 1339 Lat.
796 1307 828 1346 §.
853 1304 910 1338 84.
936 1317 965 1337 c.
990 1303 1023 1339 5.
1046 1317 1080 1348 p.
1105 1305 1184 1341 483.
1210 1327 1253 1332 —
1284 1308 1397 1341 Isdem
1421 1311 1470 1341 te-

73 1368 155 1398 nent
178 1365 255 1398 Vat.
281 1366 321 1400 A.
348 1366 464 1400 Senat.
491 1367 523 1401 1.
546 1367 579 1400 2.
607 1367 689 1400 Bas.
714 1365 746 1398 1.
784 1365 903 1398 Guelf.
928 1363 962 1397 5.
987 1365 1019 1398 1.
1053 1364 1087 1398 2.
1118 1365 1151 1399 9.
1184 1368 1280 1401 Vrat.
1307 1367 1341 1401 3.
1367 1368 1471 1401 Rem.

75 1425 108 1458 1.
131 1425 164 1459 2.
190 1425 295 1460 Bern.
320 1425 353 1459 4.
388 1428 515 1461 Heuss.
549 1426 692 1460 Fabric.
717 1425 751 1461 2.
782 1426 853 1458 Inc.
880 1425 912 1458 1.
943 1424 977 1457 2.
1026 1425 1167 1459 Relicui
1202 1428 1333 1461 iisdem.
1366 1439 1401 1461 v.
1427 1427 1473 1462 ad

76 1486 179 1519 Catil.
205 1486 367 1529 XXXIX,
391 1490 423 1523 6.
445 1488 600 1530 XL11,1.
622 1486 699 1530 Ing.
724 1485 834 1526 xvn,
850 1485 884 1518 2.
906 1484 1014 1526 XXV,
1033 1485 1065 1518 2.
1090 1486 1174 1528 mv,
1195 1487 1228 1521 1.
1246 1487 1279 1521 9.
1300 1487 1473 1530 LXXXV,

76 1547 111 1581 1.
128 1567 174 1571 —
202 1547 242 1580 ln
271 1547 413 1590 imperio
438 1553 550 1581 vostro
579 1547 601 1581 i.
626 1558 655 1580 e.
682 1557 791 1589 quum
823 1557 887 1578 vos
911 1545 1110 1589 imperetis,
1145 1547 1222 1582 sive
1245 1549 1339 1582 vobis
1363 1550 1473 1594 impe-

75 1608 243 1642 rantibus.
292 1607 498 1641 Structurae
528 1607 701 1641 rationem
733 1606 990 1650 explicavimus
1023 1607 1067 1641 ad
1092 1607 1166 1642 Cat.
1193 1610 1246 1651 11,
1271 1609 1327 1643 lo.
1353 1622 1387 1654 p.
1414 1609 1471 1644 15.

74 1669 164 1701 Eam
198 1666 337 1701 eortius
375 1679 512 1711 quoque
543 1668 586 1701 ad
616 1668 654 1702 h.
687 1668 714 1701 l.
745 1672 921 1702 assecutus
952 1673 1022 1710 est,
1055 1669 1114 1703 cui
1149 1670 1356 1704 assentimur
1379 1672 1473 1715 apud

75 1728 174 1761 Caes.
197 1729 240 1762 Β.
264 1728 307 1761 G.
334 1727 377 1769 Π,
400 1728 434 1769 l,
459 1728 491 1761 4.
517 1728 740 1762 scribendum
764 1740 861 1762 esse:
888 1730 947 1773 qui
965 1730 1077 1763 minus
1094 1731 1204 1773 facile
1231 1742 1309 1764 eam
1332 1743 1405 1765 rem
1428 1732 1474 1766 in

74 1789 272 1832 imperio
307 1792 462 1822 nostro
498 1791 657 1833 consequi
685 1794 871 1834 poterant,
906 1794 945 1823 ut
977 1794 1028 1824 est
1062 1791 1154 1834 apud
1179 1791 1280 1825 eund.
1303 1792 1331 1834 1,
1355 1792 1414 1834 33,
1438 1793 1473 1827 2.

77 1849 147 1881 Cic,
173 1848 339 1891 Epp..ad
364 1849 502 1882 Famm.
529 1850 566 1893 1,
594 1849 638 1894 4,
668 1850 701 1885 6.
737 1862 773 1885 v.
794 1851 904 1885 etiam
933 1850 1026 1884 infra
1054 1850 1098 1884 ad
1130 1862 1159 1886 c.
1184 1852 1323 1895 XXXI,
1346 1851 1404 1886 24.
1429 1871 1474 1879 —

75 1908 303 1953 Sequentium
327 1909 515 1943 verborum
551 1914 765 1945 structuram
799 1910 939 1945 Cortius
954 1935 964 1951 ‚
998 1921 1102 1953 quem
1127 1910 1282 1955 Langius
1305 1913 1474 1955 sequitur,

74 1980 143 2002 non
167 1974 261 2003 recte
285 1969 474 2012 intellexit;
511 1972 587 2005 vult
611 1972 704 2005 enim
731 1972 823 2015 quod
857 1969 1059 2015 posterioris
1083 1972 1332 2006 enunciatiouis
1356 1973 1474 2006 subie-

74 2033 171 2062 ctum
195 2040 268 2063 esse
290 2029 469 2072 debuerit,
502 2043 564 2074 per
586 2032 830 2065 attractionem
862 2030 988 2074 prioris
1010 2029 1108 2062 verbi
1133 2030 1309 2066 obiectum
1335 2033 1473 2067 sactum

77 2100 171 2130 esse,
199 2091 493 2133 quemadmodum
520 2091 554 2123 in
578 2091 634 2125 his
658 2091 794 2132 Plauti,
827 2091 933 2125 Poen.
958 2091 1008 2132 11,
1032 2089 1055 2123 5
1073 2101 1122 2133 sq.
1173 2092 1265 2133 „Sex
1289 2093 1473 2129 immolavi

79 2159 211 2193 agnos,
243 2161 307 2182 nec
338 2149 438 2193 potui
469 2153 586 2183 tamen
619 2151 811 2195 Propitiam
852 2151 1015 2184 Venerem
1043 2153 1230 2194 facere,
1263 2153 1314 2187 uti
1347 2161 1473 2191 esset

76 2209 226 2250 mihi‚“
262 2213 301 2242 ut
334 2209 503 2243 Sallustio
529 2211 669 2254 proprie
700 2211 748 2245 ita
781 2212 963 2244 dicendum
988 2210 1116 2244 fuerit:
1150 2212 1324 2256 Iugurtha
1346 2216 1472 2259 effecit,

77 2274 117 2304 ut
140 2281 205 2315 ego
230 2269 319 2302 nihil
343 2280 391 2302 m.
417 2275 635 2313 exspectans,
661 2272 817 2313 extorris,
842 2273 939 2316 inops
961 2275 996 2305 et
1020 2276 1198 2315 coopertus
1221 2273 1371 2308 miseriis
1395 2275 1473 2309 ubi-

76 2329 132 2363 vis
168 2330 277 2364 tutius
308 2340 415 2373 quam
446 2330 482 2364 iu
513 2342 624 2376 regno
655 2343 734 2365 meo
765 2343 891 2373 essem,
927 2342 1033 2375 quam
1057 2331 1169 2367 Cortii
1202 2334 1471 2378 explicationem

77 2390 303 2434 amplectitur
326 2391 432 2425 etiam
456 2391 661 2437 Kruegerus
691 2392 727 2426 in
750 2392 879 2426 eximio
902 2391 995 2426 libro
1019 2392 1061 2425 de
1092 2392 1237 2429 Attract.
1264 2395 1364 2441 Ling.
1392 2397 1467 2432 Lat.

75 2453 108 2492 §.
133 2450 192 2484 61.
227 2463 259 2494 p.
285 2450 354 2485 153
380 2463 429 2496 sq.
478 2452 546 2486 Sed
581 2457 618 2487 ut
651 2456 786 2487 taceam
810 2452 914 2487 valde
945 2456 1141 2487 contortam
1166 2466 1240 2489 esse
1262 2457 1354 2490 hanc
1378 2461 1470 2491 stru-

75 2515 224 2553 etun-am,
248 2516 352 2555 atque
377 2524 418 2546 eo
442 2514 591 2548 multum
615 2514 821 2547 dissimilem
845 2513 960 2547 allatis
983 2525 1005 2548 a
1030 2514 1149 2548 Cottio
1173 2517 1352 2560 exemplis,
1376 2518 1468 2561 quod

75 2576 259 2616 utrumque
290 2573 437 2606 verbum
468 2585 569 2607 suum
608 2574 847 2618 praedicatum
879 2575 1005 2616 habet,
1038 2576 1227 2610 sententiae
1251 2576 1358 2619 ipsius
1377 2577 1468 2612 ratio

75 2633 240 2675 postulat,
265 2643 308 2666 ne
331 2632 379 2673 id,
404 2633 497 2676 quod
521 2634 774 2678 gravissimum
798 2639 849 2669 est
871 2635 907 2669 in
931 2635 1072 2678 querela
1096 2635 1318 2678 Adherbalis,
1342 2637 1472 2681 quippe

76 2697 244 2726 extorrem
269 2703 327 2733 se,
359 2694 495 2738 inopem
520 2697 554 2727 et
577 2700 772 2739 coopertum
804 2697 950 2730 miseriis
983 2707 1078 2737 esse,
1113 2697 1311 2740 delitescat,
1349 2698 1408 2731 sed
1433 2701 1470 2731 ut

77 2752 286 2795 primatium
309 2753 423 2787 locum
448 2753 611 2790 obtineat.
657 2755 838 2801 Quocirca
861 2757 958 2790 locus
983 2757 1030 2791 ita
1054 2756 1302 2802 intelligendus
1326 2761 1399 2799 est,
1431 2761 1470 2792 ut

145 2824 199 2868 11.
1158 2828 1191 2872 6
