1630 3034
357 185 473 229 lue
488 186 727 229 URTHA.
788 174 923 228 (ιω).
945 186 1144 230 xcvnl.
1351 189 1435 230 525

53 305 133 349 ctis
170 303 349 347 barbari
380 317 460 347 suo
491 317 616 347 more
646 292 813 354 laetari,
852 303 1084 360 exsultare,
1120 308 1319 363 strepere
1351 318 1433 346 vo-

53 402 202 456 cibus,
250 407 295 444 et
340 399 427 459 ipsi
463 399 598 443 duces
633 399 809 443 feroces
845 396 948 456 quia
983 414 1070 442 non
1106 399 1316 459 fugerent
1348 414 1433 459 pro

53 497 291 542 victoribus
327 510 476 555 agere.
559 495 654 539 Sed
690 511 744 539 ea
779 501 937 538 cuncta
969 496 1182 539 Romanis
1218 511 1272 538 ex
1303 502 1471 546 ,tene-7

51 595 142 638 bris
189 599 234 636 et
269 593 524 636 editioribus
567 592 673 636 locis
710 592 856 635 facilia
902 592 996 635 visu
1033 607 1288 652 magnoque
1323 591 1433 636 hor-

50 696 247 735 tamento
284 695 419 733 erant.

46 899 230 942 fugere,
261 899 343 928 aut
367 904 454 937 pro,-
487 897 675 937 utrumque
699 894 853 938 ineptum
879 898 949 931 est,
979 893 1054 928 sive
1080 893 1199 934 verbi,
1230 893 1304 927 sive
1329 894 1434 937 parli—

53 958 214 992 cularum
241 954 377 989 ratione
395 954 528 987 habita.
548 956 733 990 Praeterea
749 956 784 989 in
800 954 974 989 nonnullis
992 954 1088 988 codd.
1110 954 1227 988 Palatt
1240 980 1250 996 ,
1273 955 1364 988 Leid.
1396 956 1434 988 F.

50 1018 94 1053 N.
116 1017 232 1051 Guelf.
253 1016 298 1049 10
323 1021 356 1049 et
380 1016 437 1048 ll.
460 1014 588 1059 iegitur
611 1028 640 1059 q.
666 1028 701 1050 n.
721 1018 853 1062 fugere
878 1021 1013 1060 atque
1034 1027 1068 1059 p.
1091 1026 1122 1048 v.
1150 1026 1197 1056 a.‚
1222 1027 1327 1058 quam
1348 1016 1436 1049 scri-

52 1082 191 1122 pturam
210 1075 422 1111 Gerlachius
439 1075 475 1109 in
497 1079 643 1118 utraque
659 1076 713 1109 ed.
732 1076 872 1120 recepit.
898 1076 967 1109 Sed
984 1075 1034 1108 ita
1051 1075 1238 1109 bimembri
1253 1076 1346 1109 fucta
1363 1087 1438 1111 nra-

52 1139 145 1174 tione
175 1149 243 1171 non
275 1137 388 1170 solum
420 1135 605 1170 durissima
628 1139 679 1169 est
701 1146 771 1169 esse
795 1136 894 1169 verbi
919 1137 1070 1180 ellipsis,
1101 1136 1161 1170 sed
1193 1140 1308 1170 manet
1332 1137 1437 1171 etiam

52 1201 173 1239 eadem
198 1199 233 1232 in
249 1200 380 1242 fugere
405 1197 511 1230 verbo
536 1197 745 1239 difficultas,
778 1208 820 1231 ac
852 1198 956 1231 simul
980 1198 1056 1242 ipsa
1078 1197 1245 1232 sententia
1270 1198 1438 1241 perverti-

9 1303 12 1305 >
52 1265 120 1307 tur.
170 1259 307 1303 Quippe
339 1270 406 1291 non
431 1260 538 1301 facta
568 1258 714 1291 hostium
732 1259 830 1302 fuga
854 1269 920 1292 uon
944 1270 1066 1293 caussa
1090 1262 1164 1292 erat
1180 1260 1349 1301 ferociae,
1379 1259 1438 1292 sed

11 1355 14 1358 ,
51 1325 92 1355 ut
113 1332 175 1365 pro
200 1319 385 1353 victoribus
409 1323 556 1362 agerent
588 1317 753 1358 barbari3
785 1329 894 1361 quare
924 1321 1035 1354 verba
1066 1332 1108 1354 ex
1141 1319 1224 1363 quia
1255 1320 1439 1363 pendentia

51 1393 120 1415 non
149 1381 190 1415 ad
210 1382 349 1424 feroces
372 1381 540 1422 spectant,
565 1379 622 1411 sed
647 1379 690 1411 ad
715 1379 908 1422 sequentia,
933 1379 1000 1413 hoe
1024 1391 1145 1413 sensu:
1171 1384 1205 1414 et
1228 1379 1297 1424 ipsi
1320 1381 1438 1421 ducos,

51 1440 162 1475 feroci
190 1440 331 1486 ingenio
354 1439 512 1483 praediti,
535 1450 598 1481 pro
623 1440 807 1473 victoribus
830 1441 997 1485 agebant,
1023 1441 1107 1484 quia
1126 1451 1206 1481 non,
1231 1446 1271 1474 nt
1294 1445 1343 1474 est
1361 1441 1439 1474 Nu-

52 1502 225 1536 midarum
256 1511 327 1534 mos
362 1501 398 1533 in
427 1511 551 1544 pugna
585 1500 750 1545 ancipiti,
775 1503 872 1546 suga
896 1502 1077 1542 abierant,
1108 1501 1168 1535 sed
1189 1507 1439 1536 remanserant.

50 1563 135 1597 Inde
168 1561 402 1596 clarissimum
431 1565 492 1603 est,
519 1561 652 1595 nullam
676 1561 783 1604 plane
805 1562 1014 1605 particulam
1039 1565 1119 1596 ante
1144 1563 1253 1596 verba
1272 1573 1335 1606 pro
1359 1564 1440 1597 vict.

52 1635 127 1658 esse
150 1633 259 1667 posse.
309 1620 377 1654 Sed
402 1631 508 1663 quum
534 1624 568 1655 et
586 1623 716 1666 fugere
740 1633 803 1666 per
825 1634 862 1656 ee
884 1622 943 1656 vix
966 1626 1058 1656 stare
1082 1622 1209 1666 possit,
1232 1634 1344 1667 neque
1367 1625 1441 1658 ullo

51 1683 158 1717 modo
182 1681 418 1726 intelligatur,
443 1681 471 1714 si
499 1681 548 1715 ita
571 1682 738 1725 scriptum
764 1682 904 1724 fuisset,
928 1683 1102 1726 quomodo
1134 1689 1194 1726 ut,
1227 1690 1311 1727 aut,
1339 1691 1441 1730 atque

54 1745 141 1778 oriri
159 1743 323 1788 potuerit,
348 1752 468 1775 verum
489 1741 616 1775 vidisse
636 1746 800 1786 putamus
819 1743 988 1785 Cortium,
1010 1743 1070 1787 qui
1087 1746 1258 1790 fugerent
1273 1757 1441 1789 reponen-

54 1806 138 1839 dum
162 1815 236 1839 esse
259 1802 419 1837 coniecit.
467 1803 558 1836 Casu
585 1802 677 1836 enim
702 1808 740 1838 ut
770 1803 895 1837 litteris
918 1803 1070 1845 avulsis,
1102 1808 1140 1838 ut
1172 1807 1299 1850 aliquis
1319 1808 1442 1841 saltem

53 1876 173 1900 sensus
197 1863 397 1906 exsisteret,
431 1874 453 1897 a
480 1862 636 1897 librariis
659 1863 737 1897 inde
762 1864 893 1897 factum
917 1867 967 1897 est
989 1868 1048 1904 ut,
1074 1867 1148 1897 tum
1174 1872 1235 1900 aut
1266 1870 1300 1900 et
1323 1873 1440 1911 alque,

53 1937 145 1971 quae
180 1924 372 1968 particulae
401 1923 603 1967 saepissime
639 1926 917 1965 commutantur,
950 1935 983 1957 v.
1016 1924 1133 1958 varias
1164 1925 1258 1960 lectt.
1292 1927 1336 1960 ad
1368 1928 1443 1962 Cat.

55 1985 188 2027 XXXI,
206 1985 239 2018 5.
260 1985 304 2018 ad
329 1985 407 2029 lug.
432 1984 614 2024 LXXXII,
637 1984 671 2017 2.
696 1983 829 2025 XCIX,
853 1984 886 2016 1.
921 1984 1032 2026 cxn,
1053 1984 1086 2018 3.
1112 1985 1371 2020 Drakenborch.
1397 1987 1441 2021 ad

55 2047 133 2081 Liv.
159 2045 234 2086 vn,
259 2044 316 2086 39,
341 2044 420 2085 143
445 2045 480 2078 in
505 2045 616 2078 Palat.
641 2043 673 2077 4.
701 2055 803 2085 vero,
828 2044 947 2078 Guelf.
971 2044 1004 2078 2.
1029 2045 1063 2078 3.
1088 2045 1182 2081 Med.
1206 2046 1262 2080 ll.
1287 2051 1322 2081 et
1346 2048 1443 2080 Tau-

55 2107 122 2141 rin.
155 2105 291 2139 scribae
323 2105 407 2149 quid
431 2105 583 2139 facerent
606 2111 644 2140 nt
668 2105 792 2139 litteris
823 2105 950 2146 nescii,
981 2106 1083 2148 plane
1119 2105 1320 2140 omiserunt.
1367 2108 1442 2140 Fa-

56 2171 180 2213 gerent
215 2171 331 2202 autem
364 2169 398 2200 et
433 2167 527 2200 modi
563 2170 598 2200 et
632 2165 797 2209 temporis
831 2170 988 2208 respectu
1026 2166 1127 2200 valde
1161 2168 1443 2207 commendatur-3

57 2240 139 2262 nam
170 2227 406 2262 coniunctivae
439 2231 571 2271 spectat
602 2227 647 2261 ad
680 2226 944 2272 significandam
977 2238 1135 2261 caussam
1168 2227 1203 2260 in
1233 2229 1444 2273 cogitatione

59 2289 188 2323 ducum
211 2289 379 2335 positam3
411 2287 656 2332 imperfectum
684 2299 772 2332 ‘vero
804 2288 958 2321 declarat
979 2287 1084 2321 istam
1108 2299 1266 2322 caussam
1289 2289 1443 2324 nondum

59 2361 219 2390 cessasse,
243 2349 302 2383 sed
326 2349 510 2382 etiamtum
534 2349 662 2382 valere.
694 2349 827 2382 Eodem
850 2348 955 2381 modo
977 2348 1112 2382 locutus
1135 2352 1187 2383 est
1204 2349 1324 2383 Livius
1347 2351 1445 2390 XXI,

59 2409 96 2451 9,
118 2409 152 2442 l.
192 2410 304 2452 Quum
329 2410 389 2442 diu
414 2419 539 2452 anceps
556 2410 683 2452 suisset
707 2415 881 2444 certamen
909 2413 942 2442 et
966 2409 1184 2454 Saguntinis,
1208 2411 1319 2454 quia
1340 2422 1443 2454 prae-

60 2475 115 2504 ter
144 2481 238 2514 spem
269 2469 572 2512 resisterent,
608 2469 791 2505 crevissent
815 2469 946 2510 animi,
978 2471 1162 2504 clamorem
1185 2471 1351 2515 oppidani
1374 2473 1442 2506 tol-

62 2531 149 2567 lunt.
174 2550 219 2556 —
256 2530 336 2564 Pro
361 2531 546 2564 victoribus
570 2530 594 2564 i.
619 2541 650 2563 e.
684 2529 784 2573 quasi
813 2529 977 2572 victores,
1011 2541 1091 2574 pro
1120 2530 1289 2574 particula
1315 2531 1442 2566 falsam

61 2591 236 2634 quandam
270 2590 440 2624 rationem
481 2590 678 2631 indicante,
721 2599 811 2632 quae
849 2589 884 2623 in
919 2602 1022 2625 verae
1057 2592 1173 2625 locum
1204 2592 1443 2626 substituatur.

63 2651 291 2695 Compar-avit
323 2651 460 2685 Cottius
496 2651 571 2685 Liv.
606 2651 731 2692 XXIV,
763 2648 821 2690 25,
844 2650 879 2684 3.
930 2651 1010 2684 Illos
1032 2663 1122 2685 novc
1145 2653 1276 2686 scelera
1299 2653 1445 2690 molitos.

64 2723 167 2755 quum
198 2713 492 2752 Andraaodorwe,
530 2723 620 2756 quae
649 2715 852 2755 procurator
888 2711 1110 2754 possederat,
1149 2723 1230 2756 pro
1267 2712 1444 2745 domino

64 2772 263 2815 possederit.
290 2773 406 2807 Plaut.
432 2772 578 2806 Trucul.
605 2772 631 2811 I,
654 2772 689 2812 2,
712 2771 769 2805 73.
822 2772 909 2811 Cur,
933 2772 1087 2814 obsecro,
1114 2783 1196 2816 ergo
1220 2777 1301 2807 ante
1323 2772 1445 2806 ostium
