1630 3034
363 202 736 246 IUGURTHA.
795 201 924 245 GAP.
952 201 1160 245 LXXIX.
1360 204 1445 244 419

65 318 503 381 Carthaginiensibus
539 318 728 377 faciunt,
763 323 816 363 ut
845 317 919 362 vel
952 317 1036 376 illi,
1076 331 1189 376 quos
1223 317 1321 362 finis
1355 329 1444 377 po-

63 415 174 477 pulo
211 432 290 461 suo
321 422 550 477 peterent,
595 416 656 460 ibi
697 415 784 460 vivi
822 410 1134 471 obruerentur,
1175 415 1248 458 vel
1286 414 1444 459 eadem

67 513 328 556 condicione
367 528 463 556 sese
502 527 636 570 quem
681 512 725 555 in
760 512 907 555 locum
942 511 1108 555 vellent
1140 525 1443 571 processuros.

52 608 265 653 -Philaeni
321 607 582 653 condicione
624 607 816 667 probata
870 622 1009 665 seque
1052 608 1276 666 vitamque
1320 592 1479 651 suam9

64 705 337 766 reipublicae
374 703 712 756 condonavere3
755 704 816 747 ita
850 703 936 747 vivi
971 703 1129 747 obruti.
1203 702 1442 764 Carthagi-
1463 700 1513 740 10

65 839 284 881 conceditur3
316 840 360 873 cf.
385 838 501 873 Beier.
525 838 570 873 ad
603 838 676 872 Cic.
701 838 743 872 de
773 836 845 873 off.
870 838 899 881 I,
923 838 958 882 7,
982 838 1039 873 21.
1064 851 1098 883 p.
1122 837 1179 872 48.
1227 839 1362 873 Eodem
1385 849 1450 872 vo-

63 901 190 935 cabulo
214 901 258 934 de
279 900 459 935 Philaenis
481 910 588 945 agens
613 911 697 934 usus
719 904 771 934 est
795 900 908 933 Valet.
931 900 1027 934 Max.
1052 901 1094 943 V,
1125 899 1160 934 6.
1194 902 1263 933 ext.
1299 898 1333 934 4.
1382 898 1449 932 Po·

61 966 188 996 utremo
213 963 401 996 acerbitate
424 961 715 995 condicionis
738 961 902 994 iniuriam
926 960 1097 995 discutere
1119 961 1235 994 conati
1249 965 1338 993 sunt.
1361 959 1449 1003 Nep.

65 1021 169 1056 Attio.
195 1033 225 1056 c.
247 1023 291 1063 ll,
315 1021 349 1056 4.
401 1022 513 1064 Quum
535 1033 714 1055 versuram
736 1024 859 1065 facere
881 1021 1015 1065 publice
1038 1033 1172 1055 necesse
1196 1025 1307 1063 esset,
1339 1031 1449 1064 neque

66 1083 139 1116 eius
169 1083 482 1117 condicionem
519 1094 668 1127 aequam
706 1083 884 1117 haberent.
917 1081 990 1117 Cic.
1024 1094 1060 1125 p.
1091 1081 1211 1125 Quint.
1246 1092 1277 1114 c.
1302 1080 1366 1121 14,
1390 1079 1448 1113 46.

69 1143 139 1186 Qui
167 1144 489 1178 condicionem
526 1143 769 1188 aequissimam
802 1143 972 1187 repudiet.
1011 1142 1105 1176 Coel.
1130 1142 1165 1175 in
1191 1141 1262 1176 Cic.
1288 1141 1380 1185 Epp.
1404 1140 1449 1174 ad

65 1203 205 1238 Famm.
231 1204 322 1246 vm,
345 1204 403 1248 14,
427 1204 462 1239 7.
511 1205 595 1239 Fert
619 1204 716 1237 illam
741 1207 857 1237 tamen
881 1203 1202 1237 condicionem
1230 1202 1295 1246 (sc.
1321 1202 1450 1235 Caesar

64 1263 252 1308 Pompeio)
278 1269 317 1299 ut
350 1266 449 1298 ambo
481 1266 648 1299 exercitus
671 1264 828 1298 tradant.
852 1281 896 1290 ·-
931 1263 1276 1309 Carthaginiensibus
1298 1266 1451 1296 tantum-

64 1325 171 1359 modo
194 1329 306 1359 exstat
327 1324 363 1359 iu
389 1327 494 1360 Bern.
520 1326 553 1359 1.
587 1326 666 1358 Vat.
690 1324 724 1359 l.
749 1328 782 1358 et
805 1324 839 1358 5.
887 1323 1003 1358 Ceteri
1026 1324 1156 1357 habent
1180 1323 1450 1368 Carthaginien-

64 1385 174 1427 sium,
197 1385 293 1429 quod
318 1396 340 1419 a
364 1386 543 1420 Gronovio
566 1386 611 1421 ad
635 1385 709 1420 Liv.
741 1385 882 1425 xxvn,
905 1383 939 1426 8,
962 1383 996 1419 3.
1022 1385 1203 1418 defensum
1225 1383 1373 1417 editores
1395 1383 1450 1417 ni-

64 1445 141 1480 mia
173 1445 342 1489 patientia
382 1447 586 1481 tolerarunt.
640 1446 732 1480 Nam
771 1446 942 1490 optionem
973 1448 1096 1489 facere
1137 1455 1247 1489 quum
1281 1444 1453 1488 significet

65 1510 272 1550 potestatem
305 1507 448 1551 optandi
479 1507 538 1541 vel
569 1506 726 1552 eligendi
760 1507 844 1541 dare
868 1507 921 1551 (v.
949 1507 1105 1540 Gronov,
1131 1506 1176 1540 ad
1199 1505 1315 1539 Plauti
1339 1504 1453 1538 Casin-

65 1566 112 1609 11,
134 1566 169 1609 2,
193 1566 291 1611 la),
325 1578 393 1601 non
426 1578 507 1601 usus
532 1570 686 1609 tantum,
721 1568 782 1601 sed
814 1571 910 1601 recta
942 1565 1035 1600 ratio
1071 1566 1224 1609 postulat
1244 1576 1340 1606 rem,
1364 1576 1454 1608 quae

66 1626 227 1672 eligenda
251 1627 471 1669 conceditur,
501 1627 657 1672 genitivo
680 1627 879 1670 enunciari,
900 1638 1084 1671 personam
1108 1627 1228 1660 dativo
1248 1626 1453 1671 significari,

65 1687 170 1722 tertio
201 1699 285 1723 casu
318 1699 361 1723 ex
401 1689 531 1729 verbo,
564 1689 715 1722 secundo
750 1700 794 1722 ex
833 1688 974 1722 nomine
1007 1687 1154 1731 optionis
1186 1690 1279 1730 apto.
1335 1687 1454 1730 Quare

67 1749 188 1783 omnia
211 1754 436 1794 pervertunt,
472 1749 532 1793 qui
559 1749 683 1783 eodem
708 1760 813 1790 casu,
844 1760 913 1792 quo
937 1759 994 1782 res
1016 1747 1241 1792 designatur,
1264 1747 1370 1781 simul
1394 1748 1455 1780 de-

65 1809 196 1844 clarari
229 1821 331 1854 posse
363 1813 488 1853 putant
523 1820 731 1854 personam,
763 1809 821 1843 cui
852 1809 959 1843 datur
981 1807 1034 1843 rei
1057 1807 1181 1852 copia,
1206 1808 1296 1851 quod
1322 1807 1454 1851 pariter

64 1870 256 1905 absurdum
273 1875 325 1905 est
348 1874 384 1904 et
406 1871 604 1912 soloecnm,
632 1880 675 1904 ac
706 1869 735 1904 si
769 1868 849 1913 quis
881 1868 1066 1904 contendat
1101 1879 1196 1912 rpem
1212 1871 1336 1911 facere
1369 1869 1454 1902 ali-

65 1930 198 1963 cuius
227 1929 280 1963 ita
308 1929 378 1963 dici
410 1941 531 1975 posse,
565 1934 604 1965 ut
632 1931 790 1976 genitivo
821 1941 889 1964 non
911 1940 967 1964 res
988 1929 1229 1973 intelligatur,
1261 1937 1353 1970 quae
1375 1938 1453 1970 spe-

66 1989 178 2024 randa
207 1990 419 2032 ostenditur,
453 1991 515 2024 sed
550 2001 721 2035 persona,
754 2000 847 2033 quae
877 2000 1021 2033 sperare
1044 1988 1196 2023 iubetur.
1217 2006 1264 2013 ·-—
1293 1988 1352 2022 Uti
1374 1993 1455 2021 ante

66 2047 122 2084 oet
146 2050 198 2083 illa·
220 2049 357 2084 eortius
380 2061 461 2084 cum
484 2051 560 2084 Vin.
585 2050 618 2084 1.
652 2051 768 2088 Guelf.
793 2051 817 2084 3
851 2050 887 2084 7.
912 2049 970 2083 12.
993 2048 1132 2090 omisit;
1156 2049 1214 2083 sed
1240 2059 1347 2092 quum
1371 2059 1454 2092 par·

67 2110 176 2145 ticnla
207 2111 303 2144 haud
336 2110 441 2144 dubie
473 2116 534 2145 aut
568 2122 591 2145 a
623 2111 837 2156 praegressis
868 2109 994 2144 litteris
1025 2114 1084 2149 nt,
1118 2109 1190 2152 (ef.
1217 2109 1385 2145 Goerenz.
1409 2109 1453 2144 ad

69 2171 143 2205 Cic.
168 2171 211 2204 de
234 2171 336 2205 Finn.
362 2171 422 2212 ui,
446 2169 481 2213 9,
505 2171 624 2216 3lsp.
648 2172 731 2206 351.
756 2172 795 2213 V,
821 2171 878 2214 10,
904 2170 962 2204 29.
987 2181 1019 2213 p.
1044 2168 1143 2212 565.)
1168 2174 1231 2203 aut
1256 2180 1279 2203 a
1298 2169 1454 2212 sequenti

66 2233 146 2275 vel,
174 2232 242 2275 (cf.
264 2232 529 2266 Drakenborch.
552 2233 596 2266 ad
621 2232 695 2266 Liv.
721 2232 881 2274 xxxvl,
906 2229 963 2271 41,
985 2229 1039 2273 2.)
1063 2228 1254 2272 intercepta
1275 2230 1340 2271 sit,
1363 2235 1454 2264 cete—

67 2304 188 2327 rorum
212 2292 404 2327 auctoritas
426 2292 512 2327 satis
538 2293 635 2328 valet
667 2294 712 2328 ad
748 2303 826 2327 eam
849 2291 1076 2326 retinendam.
1099 2309 1145 2316 —-
1168 2291 1227 2325 mi
1249 2291 1299 2325 ita
1323 2291 1454 2325 dictum

68 2364 165 2395 esse,
197 2358 237 2388 ut
270 2353 306 2387 in
341 2359 437 2388 recta
472 2354 628 2388 oratione
662 2364 850 2397 pronomen
886 2351 1066 2395 personale
1097 2351 1267 2384 secundae
1288 2361 1455 2394 personae

67 2413 265 2458 ponendum
287 2414 379 2448 foret
396 2440 405 2455 ,
440 2414 590 2448 diximus
613 2415 657 2449 ad
680 2426 709 2448 c.
735 2414 821 2455 LVl,
844 2413 878 2447 4.
902 2431 949 2438 —-
979 2413 1018 2446 ln
1042 2411 1158 2445 verbis
1190 2421 1298 2455 quoe
1331 2412 1454 2455 finis

68 2493 114 2500 ·—
133 2478 291 2518 peterent
305 2499 318 2516 ‚
348 2475 414 2509 ibi
436 2494 479 2501 —-
512 2476 741 2510 obruerentur
764 2474 954 2519 singularis
977 2472 1149 2516 quaedam
1172 2472 1335 2506 attractio
1358 2472 1453 2506 obti—

68 2539 137 2571 net.
184 2535 275 2571 Nam
308 2547 416 2580 quum
447 2537 590 2581 proprie
619 2536 803 2570 dicendum
833 2533 972 2568 fuiseetz
1014 2543 1143 2577 quem
1183 2532 1328 2566 locum
1367 2534 1455 2575 finer

68 2597 195 2641 populo
217 2608 278 2631 wo
299 2603 456 2641 peterent
479 2597 502 2631 i.
527 2609 558 2632 ο.
585 2609 656 2632 esse
678 2598 827 2640 vellent,
856 2595 923 2630 ibi
948 2593 970 2626 i.
997 2603 1029 2628 e.
1062 2593 1110 2626 in
1139 2602 1188 2626 eo
1219 2593 1454 2633 obruerentur,

71 2663 192 2692 auctor
215 2658 345 2693 omissa
366 2659 538 2703 primaria
563 2659 651 2692 loci
674 2669 761 2692 voce
785 2655 973 2690 relativum
996 2664 1075 2688 cum
1096 2655 1296 2698 praedi-:oti
1316 2653 1456 2687 nomine

71 2718 227 2757 sociavit.
252 2718 527 2754 demonstrativo
544 2724 662 2753 tamen
681 2718 849 2753 adverbio
871 2716 922 2750 ita
943 2714 1070 2758 posito,
1094 2714 1193 2757 quasi
1216 2714 1279 2748 illa
1295 2713 1457 2748 attractio

73 2788 135 2820 per
168 2779 307 2823 ellipsin
339 2780 434 2814 tacta
466 2790 532 2813 non
567 2779 818 2823 praecessisset.
872 2777 974 2820 Quae
1015 2774 1184 2810 orationis
1223 2773 1456 2808 conformatio

1060 2846 1174 2890 27*
