1630 3034
126 155 211 201 106
496 152 542 194 C.
572 150 899 197 SALLUSTI
928 150 1152 196 CRISPI

125 274 232 329 sint,
265 283 540 330 quamquam
574 269 633 312 ab
678 283 733 312 ea
764 268 907 325 fama,
950 283 1070 326 quae
1113 269 1360 329 plerosque
1394 270 1513 317 obti-

126 375 225 422 net,
262 367 489 411 divorsum
521 371 610 420 est,
665 372 815 409 tamen
851 366 912 408 uti
945 380 1000 409 ex
1034 365 1163 417 libris'
1192 367 1394 424 Punicis,
1438 369 1514 426 qui

123 465 244 526 regis
270 462 544 522 Hiempsalis
582 461 869 519 dicebantur,
906 462 1245 522 interpretatum
1276 463 1402 507 nobis
1432 469 1514 524 est,

123 563 277 621 utique
313 576 409 604 rem
445 574 542 604 sese
579 558 751 604 habere
787 559 978 603 cultores
1025 560 1118 604 eius
1155 566 1300 604 terrae
1340 565 1515 620 putant,

124 741 278 777 obtinere
310 739 368 773 vel
401 744 518 773 tenere
546 737 705 772 absolute
736 736 885 778 dicitur3
920 738 966 771 cf.
990 737 1067 771 Liv.
1096 737 1201 779 XXI,
1225 738 1290 780 46,
1314 737 1371 772 10.
1395 739 1516 771 malim

124 803 281 847 equidem
315 801 360 834 de
384 801 466 844 filio
497 809 616 832 verum
655 809 747 838 esse,
781 798 872 842 quod
904 803 938 832 et
966 799 1086 843 plures
1121 799 1299 833 tradidere
1324 804 1359 833 et
1382 801 1515 841 fama

121 863 320 898 obtinet.
346 861 394 895 id.
417 861 454 903 1,
478 859 520 902 4,
544 858 579 894 6.
602 863 733 893 tenet
752 862 884 902 fama
917 860 1036 903 lupam
1070 859 1118 892 ad
1149 861 1320 903 puerilem
1354 861 1516 904 vagitum

121 934 260 958 cursum
277 922 431 966 flexisse.
462 921 591 954 Auctor
614 920 682 962 Ep.
715 920 744 955 Ι.
768 920 813 952 ad
839 920 936 953 Caes.
962 920 1005 953 de
1028 921 1116 963 Rep.
1139 919 1250 955 ordin.
1278 932 1307 953 c.
1331 920 1368 961 1,
1397 920 1430 954 1.
1452 931 1515 963 pro

118 995 200 1018 vero
223 987 330 1016 antea
358 981 623 1014 obtinebat.
648 980 694 1013 cf.
720 979 903 1025 Spalding.
937 980 980 1013 ad
1005 980 1152 1023 Quintil.
1177 981 1230 1022 11,
1256 981 1301 1023 l,
1327 980 1361 1013 1.
1384 980 1514 1013 Duker.

119 1046 165 1080 ad
190 1043 268 1078 Liv.
292 1042 360 1085 IV,
386 1041 421 1075 7.
446 1042 480 1076 7.
506 1041 718 1086 Heusinger.
745 1041 788 1074 ad
813 1040 986 1074 Vechneri
1008 1042 1226 1075 Hellenolcx.
1253 1054 1288 1086 p.
1311 1040 1392 1075 129.
1427 1041 1517 1074 Vere

116 1105 230 1150 igitur
250 1102 418 1136 Ursinum
440 1113 502 1145 pro
522 1103 704 1146 plcrosque
728 1101 916 1135 coniecisse
939 1106 1022 1145 puto
1045 1103 1263 1146 plerumque,
1288 1101 1380 1144 quod
1405 1100 1435 1134 si
1459 1100 1518 1133 vel

115 1165 223 1210 pauci
246 1163 344 1198 codd.
370 1163 551 1205 haberent,
574 1175 643 1197 non
669 1162 883 1196 dubitassem
907 1163 943 1196 in
968 1169 1102 1198 textum
1123 1164 1290 1208 recipere,
1306 1173 1414 1205 quum
1438 1162 1517 1194 vul-

117 1230 242 1272 gatum
258 1223 486 1258 durissimum
513 1224 577 1266 sit,
603 1224 694 1268 quod
718 1224 826 1257 etiam
842 1225 1055 1270 Heusinger.
1079 1226 1102 1258 l.
1128 1226 1153 1258 l.
1178 1224 1375 1268 improbat3
1400 1226 1516 1256 tamen

117 1286 265 1325 tolerari
298 1286 446 1318 fortasse
476 1290 610 1329 potest,
641 1284 707 1318 etsi
730 1285 875 1319 liberius
899 1286 1029 1319 dictum
1054 1285 1240 1318 videbitur.
1267 1303 1313 1308 -—
1340 1284 1518 1326 Interpre-

118 1355 234 1385 tatum
264 1346 419 1391 passiv03
460 1345 503 1378 de
540 1357 609 1388 quo
641 1357 707 1380 usu
740 1357 776 1380 V.
810 1347 855 1380 ad
890 1347 966 1380 Cat.
986 1347 1074 1387 vu,
1099 1345 1132 1379 3.
1162 1344 1330 1384 xmnl,
1353 1343 1388 1378 7.
1413 1341 1517 1386 Quod

116 1411 205 1446 Sall.
229 1412 345 1443 autem
371 1406 502 1451 plurali
526 1406 670 1450 interpr.
699 1408 784 1440 nob
799 1408 834 1441 is
856 1413 908 1441 est
926 1408 1070 1442 subiicit
1095 1408 1233 1448 dicam,
1257 1405 1341 1439 fecit
1359 1416 1401 1438 ex
1417 1414 1517 1436 more

116 1472 324 1508 Latinorum
346 1466 577 1510 scriptorum,
602 1466 663 1510 qui
687 1468 730 1500 de
750 1480 787 1501 se
812 1468 899 1511 ipsis
932 1470 1116 1513 loquentes
1147 1479 1216 1501 non
1240 1467 1354 1501 solum
1385 1462 1517 1509 plurali
1586 1477 1593 1483 ¹

118 1543 264 1568 numero
297 1533 459 1569 utuntur,
492 1529 549 1561 sed
582 1529 691 1563 etiam
725 1540 768 1561 ex
800 1528 973 1573 singulari
1006 1531 1042 1564 in
1076 1530 1270 1574 pluralem,
1314 1531 1349 1560 et
1381 1530 1515 1568 contra,

118 1593 268 1632 transire
293 1591 415 1624 solent.
442 1589 487 1622 cf.
513 1589 608 1622 infra
632 1600 662 1624 c.
687 1589 804 1630 XCV,
827 1589 862 1622 2.
911 1591 1034 1635 Neque
1057 1592 1147 1623 enim
1169 1591 1237 1623 alio
1266 1589 1337 1620 loco
1368 1587 1411 1620 cle
1437 1586 1516 1619 Sul-

117 1658 175 1691 lae
208 1653 309 1687 rebus
336 1650 513 1684 dicturi
541 1660 692 1683 sumus
723 1655 757 1684 et
784 1650 824 1686 L.
855 1650 1002 1684 Sisenna
1026 1661 1153 1694 parum
1182 1649 1295 1682 mihi
1324 1648 1430 1680 libero
1457 1657 1516 1680 ore

119 1719 251 1752 locutus
277 1712 427 1746 videtur.
486 1709 588 1744 Catil.
616 1711 699 1751 vll,
722 1710 757 1744 7.
785 1711 981 1744 Memorare
1011 1721 1188 1754 possem
1220 1709 1342 1754 quibus
1371 1708 1409 1741 in
1435 1707 1516 1740 locis

118 1785 301 1814 maxumas
329 1772 447 1815 copias
474 1771 512 1807 P.
538 1772 583 1806 R.
607 1772 768 1813 fuderit,
804 1772 840 1805 1ιί
867 1783 910 1806 ea
938 1782 994 1805 res
1025 1772 1164 1815 longius
1194 1782 1272 1804 nos
1301 1770 1344 1803 ab
1382 1770 1515 1812 incepto

119 1839 286 1875 traheret.
334 1833 407 1867 Cic.
444 1833 531 1875 Epp.
567 1832 613 1865 ad
646 1832 785 1866 Famm.
832 1833 884 1874 11,
917 1833 984 1872 11,
1017 1832 1051 1865 2.
1091 1833 1217 1865 Totum
1243 1830 1422 1874 negotium
1448 1840 1518 1861 non

119 1905 170 1935 est
191 1899 339 1942 dignum
362 1893 492 1926 viribus
521 1893 722 1933 nostris,
749 1893 808 1936 qui
825 1894 960 1926 maiora
989 1894 1024 1926 in
1049 1893 1179 1937 republ.
1209 1903 1316 1925 onera
1347 1891 1517 1924 sustinere

119 1967 153 1998 et
173 1958 340 2004 possim
360 1959 394 1988 et
413 1954 596 1987 soleam.
623 1952 667 1986 ad
691 1953 796 1987 Attio.
820 1954 886 1995 lv,
910 1955 943 1987 l.
970 1964 993 1987 a
1016 1954 1108 1988 med.
1135 1953 1254 1987 Pridie
1283 1961 1393 1984 nonas
1418 1950 1513 1984 Sext.

121 2018 339 2066 Dyrrhachio
361 2026 453 2049 sum
477 2016 747 2058 profectus,
772 2014 846 2057 ipso
866 2015 925 2048 illo
943 2015 1019 2057 dic,
1044 2027 1109 2059 quo
1134 2016 1187 2048 les
1206 2019 1257 2048 cst
1276 2015 1353 2046 lata
1384 2012 1429 2045 dc
1454 2023 1515 2044 no·-

118 2084 181 2117 bis.
205 2081 367 2114 ceterum
390 2075 450 2109 hic
474 2074 641 2119 pluralis,
663 2085 767 2118 quem
791 2075 1018 2119 grammatici
1045 2075 1241 2109 maiestatis
1266 2076 1416 2114 vocant,
1439 2075 1516 2106 tan-

119 2150 196 2180 tum
222 2143 320 2176 abest
344 2143 382 2172 ut
408 2138 518 2171 fastus
542 2140 577 2170 et
602 2134 829 2178 arrogantiae
852 2136 1005 2179 speciem
1031 2136 1183 2176 habeat,
1218 2138 1256 2169 ut
1279 2135 1435 2168 modeste
1466 2134 1516 2167 lo-

118 2204 258 2249 quentis
281 2201 349 2241 sit,
372 2198 434 2243 qui
458 2197 550 2241 quod
576 2197 621 2230 ad
646 2197 760 2239 ipsum
784 2197 899 2230 solum
924 2197 1092 2241 pertinet,
1119 2197 1163 2230 ad
1189 2196 1276 2230 alios
1299 2205 1439 2239 quoque
1462 2205 1517 2227 re-

119 2268 213 2300 ferto
235 2264 415 2299 videntum
444 2258 491 2291 cf.
518 2258 729 2291 Rarnsliorn.
757 2257 916 2291 Gramm.
945 2258 1021 2292 Lat.
1048 2260 1079 2300 §-
1102 2257 1183 2291 203.
1210 2257 1239 2290 1.
1263 2257 1296 2291 7.
1321 2258 1356 2290 b.
1380 2268 1412 2300 p.
1436 2254 1517 2290 659.

120 2327 175 2361 ed.
214 2327 241 2359 1.
283 2324 373 2366 Aug.
410 2319 615 2353 Grotefeud.
648 2319 808 2352 Grumm.
834 2320 910 2355 Lat.
935 2319 1046 2352 schol.
1072 2318 1111 2352 P.
1137 2318 1179 2351 ll.
1203 2317 1296 2351 Scct.
1319 2318 1346 2351 1.
1371 2328 1402 2351 c.
1426 2316 1460 2350 4.
1484 2316 1517 2360 §.

123 2387 202 2422 187.
227 2398 260 2428 p.
285 2382 365 2417 153.
390 2379 570 2414 Daelinius
595 2379 638 2412 ad
664 2380 750 2423 Nep.
775 2380 894 2413 Praer.
922 2381 956 2424 §.
980 2379 1015 2413 8.
1043 2379 1152 2412 Roth.
1186 2379 1229 2412 ad
1255 2378 1374 2412 Taciti
1399 2375 1516 2421 Agric.

123 2449 257 2483 Excute
281 2445 341 2477 ΙΙΙ.
366 2455 401 2485 p.
426 2441 507 2475 110.
531 2441 735 2475 Frotsclicr.
762 2440 847 2474 obs,
872 2440 907 2475 iu
932 2441 1006 2475 Cic.
1034 2452 1085 2474 or.
1114 2451 1176 2482 pro
1201 2439 1308 2472 Arch.
1333 2450 1366 2481 p.
1392 2437 1450 2471 16.

217 2505 342 2541 lell.
389 2504 424 2544 §-
450 2503 486 2536 1.
537 2502 693 2546 cactadi]
718 2502 883 2545 Plerique
898 2502 999 2536 codd.
1024 2502 1154 2535 habent
1171 2501 1313 2539 Gctu1i3
1335 2498 1394 2532 scd
1411 2507 1519 2541 quum

123 2579 251 2603 nomeu
283 2567 419 2599 Gracco
454 2564 657 2598 Γαιτοῦλοι
691 2562 883 2603 scribatur,
908 2567 942 2596 ct
965 2561 1238 2605 antepenultima
1263 2561 1369 2605 longa
1391 2559 1455 2602 sit,
1481 2561 1519 2593 ut

125 2631 225 2665 docet
257 2625 401 2671 virgilii
425 2636 543 2658 versus
567 2625 651 2659 Aen.
674 2625 741 2665 lv,
765 2623 821 2658 4⁰.
858 2625 947 2658 1Ιίηο
976 2624 1149 2657 Gaetulae
1178 2623 1299 2664 urbes,
1321 2630 1434 2665 genus
1459 2619 1515 2651 in-

126 2690 322 2736 superabile
344 2687 453 2728 belzo,
474 2686 601 2721 rectior
625 2690 677 2721 cst
702 2697 764 2728 per
786 2685 1047 2729 diphthongum
1071 2683 1261 2727 scriptum,
1287 2691 1392 2724 quam
1411 2677 1519 2712 etiam

127 2751 222 2787 tituli
253 2748 388 2796 antiqui
424 2749 644 2783 confirmant.
678 2746 722 2780 ci'.
757 2745 882 2781 Orellii
917 2743 1089 2789 lnscriptt.
1122 2744 1198 2778 Lat.
1224 2741 1299 2776 Vol.
1328 2741 1355 2774 Ι.
1379 2752 1413 2784 p.
1439 2738 1517 2773 15⁰.

834 2846 851 2868 δ
