1630 3034
178 144 263 184 536
539 138 583 181 C.
614 137 940 181 SALLUSTI
979 139 1201 183 CRISPI

178 254 426 317 Iugurthini
459 255 566 299 belli
599 253 779 315 pudore
813 255 958 315 magis
994 271 1129 314 quam
1164 257 1284 301 malo
1320 259 1565 303 exercitum*

182 354 443 406 coercebat3
481 341 604 411 quod
639 351 766 394 multi
800 367 884 411 per
920 353 1205 407 ambitionem
1241 352 1338 398 ficri
1373 356 1565 412 aiebant,

179 466 285 512 pars
331 449 456 509 quod
511 464 537 492 a
584 447 779 508 pueritia
822 456 1079 504 consuetam
1128 449 1334 495 duritiam
1378 459 1424 496 et
1467 453 1566 511 alia,

183 563 300 607 quae
334 534 473 591 ceteri
506 546 703 590 miserias
733 552 917 604 vocant,
953 548 1173 608 voluptati
1203 548 1458 605 habuisset3
1488 551 1570 596 nisi

183 671 268 704 bene
298 672 496 711 facturum,
530 668 740 709 occisurum,
768 679 1027 713 processurum,
1053 672 1236 714 facturum
1267 670 1445 706 indefinito
1469 672 1574 706 modo

183 731 364 774 dixerunt,
396 730 456 775 qui
487 718 613 764 modus
646 740 756 774 neque
787 730 826 763 in
848 741 1029 772 numeros,
1063 743 1171 776 neque
1196 732 1232 765 in
1252 743 1440 776 personas,
1464 745 1575 780 neque

184 792 222 826 in
254 802 407 837 genera,
440 803 550 837 neque
582 792 618 830 in
648 789 806 835 tempor‘a
844 792 1070 833 distrahitur,
1105 793 1166 826 sed
1197 794 1315 827 omnia
1348 795 1480 829 isthaec
1504 807 1576 829 una

187 853 375 897 eademque
399 853 631 890 declinatione
654 853 928 896 complectitur.“
952 871 997 879 —
1020 853 1088 888 His
1111 853 1217 887 Genii
1240 855 1399 898 equidem
1422 867 1490 890 non
1512 857 1576 890 ha-

185 914 252 948 beo
276 924 366 957 quae
388 914 578 956 adiiciam3
602 914 670 948 nisi
693 915 829 948 ciarum
853 918 904 948 est
922 917 1085 958 futurum
1111 926 1181 948 esse
1204 927 1345 959 prorsus
1367 917 1418 951 ita
1441 921 1480 951 ut
1495 920 1578 961 fore

186 985 262 1009 esse
284 979 513 1019 usurpatum,
545 987 588 1010 ac
625 975 835 1011 Sallustium
868 976 985 1019 paullo
1017 975 1250 1022 antiquiorem
1282 976 1418 1011 dicendi
1441 989 1576 1012 morem

187 1039 344 1070 secutum
389 1046 475 1072 esse.
533 1037 638 1071 Hunc
674 1047 810 1070 morem
852 1035 1034 1080 Zumptius
1075 1049 1213 1081 quoque
1255 1038 1300 1079 ad
1345 1039 1522 1077 Ciceronis
1554 1040 1579 1073 1.

149 1128 159 1131 -
187 1097 213 1134 l.
248 1109 283 1141 p.
308 1097 393 1134 983.
431 1099 616 1143 agnoscit,
664 1108 878 1142 quamquam
916 1097 1077 1131 Ciceroni
1106 1099 1173 1142 ipsi
1203 1098 1470 1135 abiudicandum
1500 1112 1581 1134 cen-

189 1162 252 1192 set.
275 1178 323 1184 —
347 1161 400 1193 De
431 1160 548 1195 verbis
576 1161 629 1196 uti
655 1160 823 1195 militibus
852 1159 946 1193 labos
989 1161 1258 1194 volentibus
1297 1166 1387 1196 essct
1414 1173 1447 1196 v.
1477 1163 1522 1196 ad
1550 1173 1580 1196 c.
1615 1194 1620 1199 ,

182 1209 380 1262 Lxxxiv,
401 1220 435 1255 3.

286 1284 319 1324 S.
343 1282 378 1317 5.
425 1283 554 1326 illoque
581 1282 748 1326 aliisque]
772 1281 932 1324 Cottius,
955 1292 1066 1324 eoque
1089 1271 1230 1317 auctore
1255 1282 1359 1317 multi
1384 1282 1466 1326 alii,
1499 1282 1585 1317 scri-

193 1347 337 1387 pserunt
360 1344 419 1378 illo
444 1348 476 1379 et
503 1344 602 1385 aliis,
626 1349 664 1378 ut
685 1343 819 1390 legitur
841 1343 879 1377 in
902 1342 1030 1378 Nazar.
1065 1348 1099 1377 et
1121 1344 1237 1377 Mark.
1260 1348 1304 1379 Α.
1352 1344 1420 1378 Sed
1444 1356 1511 1378 non
1535 1349 1587 1378 est

192 1415 256 1438 cur
278 1404 512 1448 plurimorum
537 1406 634 1440 codd.
660 1405 870 1450 scripturam
895 1401 1095 1439 deseramus
1119 1404 1173 1448 (V.
1191 1404 1235 1438 ad
1263 1416 1293 1438 c.
1319 1406 1364 1447 X,
1389 1405 1422 1440 2.
1446 1417 1480 1450 p.
1495 1405 1586 1450 51.),

191 1466 396 1509 praesertim
419 1478 527 1510 quum
553 1466 769 1512 geminatam
800 1468 961 1510 copulam
995 1466 1032 1500 in
1060 1470 1224 1500 contextu
1255 1465 1363 1500 fuisse
1385 1477 1426 1500 eo
1449 1477 1587 1510 quoque

192 1530 336 1570 pateat,
369 1527 463 1571 quod
497 1526 532 1561 in
556 1528 662 1572 Berg.
699 1529 790 1574 Teg.
822 1529 895 1562 Erl.
926 1529 1011 1562 Bas.
1036 1527 1070 1561 4.
1105 1527 1238 1572 legitur
1267 1528 1327 1561 itlo
1356 1540 1403 1556 =
1427 1539 1510 1571 que
1545 1533 1587 1562 et

194 1587 272 1620 aliis
297 1593 401 1632 temp.
422 1606 463 1613 —·
491 1589 711 1632 Iugurthini,
746 1590 840 1633 quod
870 1589 907 1622 in
931 1589 1028 1623 nullo
1053 1588 1128 1621 cod.
1164 1589 1278 1630 deest,
1301 1588 1442 1622 Col-tius
1464 1588 1587 1622 incon-

194 1649 284 1682 sulto
316 1649 455 1690 omisit,
485 1649 569 1692 quia
600 1650 729 1683 calami
765 1651 869 1693 lapsu
900 1650 936 1682 in
968 1649 1134 1682 Academ.
1171 1649 1381 1693 Iugurtham
1405 1654 1588 1684 exaratum

193 1713 255 1744 est.
279 1727 326 1735 —
351 1710 481 1744 Pudori
513 1711 629 1754 magis
661 1722 766 1755 qnam
800 1711 914 1749 malo,
947 1710 970 1744 i.
997 1721 1026 1742 e.
1059 1708 1176 1752 magis
1197 1720 1261 1742 suo
1285 1711 1466 1755 exemplo,
1498 1712 1589 1755 quod

193 1782 262 1804 non
295 1772 390 1816 sequi
424 1771 551 1822 pudori
582 1776 669 1805 esset
701 1770 898 1812 miiitibus,
929 1781 1036 1813 quam
1068 1780 1193 1813 poena.
1226 1770 1273 1806 cf.
1298 1772 1396 1804 Caes.
1421 1772 1464 1805 B.
1489 1772 1534 1805 G.
1559 1773 1588 1814 1,

194 1830 252 1874 40,
277 1830 333 1865 14.
381 1832 478 1866 Dixit
502 1842 537 1865 se
563 1837 681 1866 castra
704 1837 900 1873 moturum,
934 1836 972 1865 ut
1005 1831 1258 1875 quamprimum
1281 1833 1485 1879 inteltegere
1508 1846 1589 1878 pos-

196 1897 268 1933 set,
301 1898 418 1927 utrum
452 1893 546 1936 apud
578 1904 634 1926 eos
663 1893 808 1937 pudor
841 1897 948 1936 atque
982 1893 1155 1935 officium,
1194 1904 1242 1925 an
1273 1894 1412 1927 timor
1443 1897 1588 1931 valeret.

194 1953 335 1988 Terent.
362 1954 508 1997 Adeiph.
534 1954 561 1995 l,
587 1954 619 1995 1,
647 1954 706 1991 32.
755 1955 932 1989 Pudore
965 1959 997 1988 et
1031 1953 1246 1988 liberalitate
1280 1956 1402 1990 liberos
1427 1957 1591 1991 Retinere

195 2016 308 2048 satius
341 2026 416 2049 esse
445 2015 566 2055 credo,
600 2025 705 2058 quam
735 2021 867 2050 metu.
904 2035 949 2040 —
986 2015 1123 2049 Malum
1153 2027 1215 2059 pro
1246 2027 1361 2060 poena
1391 2017 1523 2052 dictum
1548 2019 1590 2053 it-

196 2075 323 2110 lustrat
347 2076 545 2110 Gronovius
569 2075 613 2109 ed
639 2075 759 2109 senec.
785 2076 828 2108 dc
849 2076 906 2109 ira
929 2075 956 2116 1,
982 2075 1038 2109 16.
1088 2076 1183 2110 Idem
1208 2077 1371 2112 delictum
1403 2079 1439 2112 in
1464 2080 1594 2115 duobus

196 2148 265 2170 non
300 2137 416 2172 eodem
440 2137 532 2171 malo
557 2138 702 2179 afficiet.
727 2137 869 2172 Terent.
894 2136 1043 2179 Adelph.
1069 2137 1107 2178 l,
1132 2137 1165 2178 l,
1188 2137 1244 2171 43.
1300 2139 1421 2173 Malo
1456 2147 1594 2176 coactus

198 2196 258 2240 qui
281 2208 380 2230 suum
405 2198 559 2240 officium
580 2200 684 2240 facit,
711 2199 801 2231 Dum
826 2197 863 2230 id
886 2197 1048 2231 rescitum
1073 2198 1116 2230 iri
1140 2199 1262 2239 credit,
1287 2201 1459 2245 tantisper
1481 2207 1593 2237 cavet.

200 2257 276 2291 Liv.
301 2259 345 2299 11,
368 2258 426 2300 54,
451 2259 507 2292 10.
557 2260 677 2293 Malo
711 2258 925 2293 domandam
958 2259 1178 2293 tribuniciam
1210 2266 1429 2304 potestatem.
1454 2263 1512 2305 lv,
1535 2263 1593 2306 49,

199 2317 256 2352 13.
289 2320 448 2362 Auditis,
479 2321 654 2363 Quirites,
680 2321 768 2354 sicut
792 2319 900 2353 servis
925 2321 1094 2353 malum
1119 2322 1313 2356 minantem
1339 2323 1512 2358 militibus.
1547 2325 1593 2359 cf.

199 2378 389 2413 Ruhnken.
419 2380 470 2414 ud⁴
499 2381 584 2416 Ter.
618 2381 725 2415 Andr.
757 2381 803 2421 11,
828 2379 863 2421 4,
896 2380 954 2414 2⁰.
987 2385 1041 2422 et,
1073 2393 1159 2425 quos
1191 2382 1286 2416 iocos
1317 2385 1431 2418 Faber
1465 2385 1594 2428 attulit,

202 2438 275 2472 Cic.
300 2439 343 2473 de
366 2439 467 2475 Finn.
491 2441 538 2484 11,
564 2441 620 2483 22,
645 2442 702 2478 Ἡ.
735 2442 770 2476 in
795 2442 894 2476 Verr.
919 2442 965 2486 n,
987 2442 1044 2483 59,
1070 2442 1149 2476 145.
1171 2462 1216 2468 —-
1243 2444 1331 2479 Pars
1354 2446 1594 2481 tantummodo

203 2503 316 2538 exstat
339 2500 375 2535 in
400 2502 475 2535 cod.
501 2503 674 2547 Bongnrs.
699 2504 811 2537 Patnt.
835 2503 869 2538 3.
895 2504 983 2537 Tur.
1010 2505 1041 2537 1.
1066 2504 1239 2540 nonnunis
1261 2506 1392 2548 Cottii,
1426 2507 1539 2543 Paris.
1559 2508 1596 2541 b.

204 2571 234 2593 e.
262 2572 295 2593 x.
321 2573 351 2595 z.
374 2566 411 2596 et
437 2563 554 2597 Beroi.
580 2564 613 2598 2.
655 2565 692 2598 ln
724 2563 848 2597 cetaria
884 2565 1095 2599 vocubuium
1119 2567 1235 2610 deest,
1270 2568 1363 2602 haud
1387 2567 1492 2602 dubio
1514 2580 1595 2613 pro-

204 2625 342 2664 pterea,
379 2624 470 2665 quod
501 2623 638 2657 librarii
662 2623 779 2658 verbis
802 2625 1026 2668 sequentibus
1051 2628 1271 2661 ambitionem
1298 2628 1465 2663 inusti-ari
1491 2635 1595 2673 puta-

204 2685 300 2722 rent,
334 2693 402 2717 non
433 2684 602 2727 assecuti,
637 2687 787 2720 alteram
818 2687 1022 2721 sententium
1055 2688 1098 2722 de
1130 2687 1245 2723 Mau-io
1271 2715 1278 2726 .
1311 2689 1446 2723 iabores
1479 2701 1598 2724 omnes

206 2743 398 2786 subeunte,
434 2745 565 2779 afferri.
623 2746 786 2781 ceterum
816 2748 1035 2783 ambitionem
1066 2749 1103 2783 h.
1136 2750 1162 2783 Ι.
1192 2756 1350 2794 spectare
1371 2751 1415 2784 nd
1440 2751 1598 2785 favorem
