1630 3034
105 160 189 200 120
477 152 521 194 C.
554 150 877 193 SALLUSTI
911 148 1134 194 CRISPI

109 271 168 315 de
229 267 508 327 Carthagine
562 272 712 311 tacere
770 266 927 310 melius
968 272 1105 326 puto,
1155 281 1290 325 quam
1334 282 1496 328 pamm

76 367 284 423 3dicere,
320 364 529 423 quoniam
564 364 651 408 alio
681 377 930 424 properare
964 367 1142 422 tempus
1173 369 1338 410 monet.
1404 363 1498 424 Igi-

108 470 180 507 tur
215 462 274 507 ad
311 460 665 518 Catabathmon,
709 459 785 518 qui
820 459 945 502 locus
975 458 1243 520 Aegyptum
1278 459 1335 503 ab
1371 460 1498 504 Afri-

110 617 194 652 Otto
217 616 261 651 ad
286 615 356 650 Cic.
382 616 425 649 de
448 615 547 649 Finn.
572 615 609 658 1,
640 613 685 656 7,
720 610 776 647 25.
811 612 1002 646 Frotscher
1035 614 1080 648 ad
1119 613 1267 658 Quintil.
1295 614 1351 655 X,
1374 613 1417 655 1,
1442 613 1500 648 12.

111 677 295 723 Spalding.
321 677 366 710 ad
396 677 448 719 11,
479 675 545 716 11,
569 674 604 708 7.
630 693 677 699 —-
701 672 804 718 Quod
837 672 1041 716 scripsimus
1075 678 1223 708 tacere
1253 674 1377 708 melius
1402 679 1500 718 puto,

112 739 262 773 fortasse
285 740 387 772 erunt
410 735 470 780 qui
495 735 716 780 improbent3
749 745 870 767 omnes
893 733 986 767 enim
1010 733 1109 767 codd.
1132 737 1248 768 tenent
1269 734 1370 770 silere
1402 735 1503 769 meli-

109 811 149 833 us
163 803 269 843 puto,
294 783 440 842 eiicepto
463 807 534 829 uno
562 796 708 829 Eccard.
733 794 794 838 qui
817 797 992 838 receptam
1017 805 1040 828 a
1062 794 1162 828 nobis
1193 794 1405 838 scripturam
1427 807 1503 829 ser-

109 858 222 893 vavit.
277 859 396 903 Quam
429 860 469 890 ut
498 857 730 900 probaremus
761 856 911 890 multum
944 855 1029 889 fecit
1060 853 1270 899 Quintiliani
1302 855 1504 898 auctoritas,

110 919 171 963 qui
194 919 303 953 Instit.
329 921 418 953 orat.
440 917 495 958 11,
518 917 586 958 13,
610 917 665 950 14.
692 921 851 950 nostrum
876 917 994 950 locum
1017 915 1066 949 sic
1089 916 1215 949 refert:
1240 921 1401 952 tacere
1423 928 1503 950 ea-

110 981 205 1015 tius
233 985 340 1025 put03
374 978 433 1012 sed
459 976 650 1020 plurimum
683 976 796 1011 valuit
831 976 969 1010 dicendi
1002 988 1095 1010 usus.
1127 976 1219 1010 Nam
1254 977 1283 1010 si
1316 977 1505 1012 Sallustius

109 1044 254 1075 auctore
286 1038 405 1074 Gellio
435 1037 507 1071 RN.
541 1037 614 1071 AA.
647 1038 698 1080 X,
721 1037 779 1071 20.
803 1037 1055 1081 proprietatum
1079 1037 1114 1070 in
1139 1037 1256 1071 verbis
1278 1037 1508 1072 retinentissi-

110 1112 189 1135 mus
213 1099 302 1144 fuit,
327 1099 386 1133 vix
409 1097 475 1132 tibi
499 1098 709 1141 persuadeas
733 1098 836 1132 silere
859 1109 940 1131 eum
964 1097 1099 1133 dixisse.
1115 1097 1303 1131 Vei-issima
1326 1097 1419 1132 enim
1436 1099 1507 1134 Lu-

110 1162 192 1195 dov.
217 1159 449 1194 Doederliuus
470 1158 507 1192 in
532 1148 765 1204 Synonymm.
792 1159 883 1193 Latt.
911 1159 958 1192 T.
982 1157 1010 1190 Ι.
1037 1169 1070 1201 p.
1094 1156 1140 1191 85
1163 1169 1238 1200 sqq.
1264 1159 1384 1193 docuit
1407 1160 1509 1194 silere

110 1223 164 1256 lta
187 1222 331 1255 differre
357 1221 401 1254 ul)
426 1225 564 1262 tacere,
587 1224 626 1254 ut
649 1219 737 1253 illud
763 1219 867 1252 latius
892 1221 1008 1262 pateat
1033 1222 1068 1251 et
1092 1217 1233 1251 omnino
1257 1219 1432 1264 significet
1454 1222 1507 1254 ni-

115 1282 164 1315 hil
180 1282 284 1315 soni
305 1281 428 1323 edere,
451 1281 520 1314 hoe
541 1282 673 1314 nullum
692 1291 743 1314 ve
758 1281 802 1313 rb
817 1291 881 1313 um
906 1282 1078 1323 proferre.
1102 1279 1216 1324 Igitur
1238 1281 1361 1322 silere,
1393 1281 1451 1314 cui
1474 1282 1509 1316 iu

114 1341 305 1374 vernacula
328 1341 536 1385 respondent
560 1341 727 1377 dictiones
749 1342 822 1375 still
845 1342 939 1382 sein,
972 1340 1042 1373 sich
1062 1340 1133 1373 still
1151 1339 1222 1373 und
1240 1341 1348 1386 ruhig
1367 1343 1509 1376 verhal-

115 1407 191 1444 tea,
225 1401 352 1435 dicitur
382 1401 434 1443 is,
467 1401 526 1445 qui
560 1403 696 1435 nullum
727 1402 879 1436 sonitum
913 1400 970 1434 vel
1004 1400 1193 1444 strepitum
1223 1401 1357 1443 reddit,
1383 1402 1442 1445 qui
1468 1415 1512 1436 ue

116 1461 278 1495 mussitat
309 1461 449 1505 quidem
483 1466 517 1495 et
549 1462 686 1496 hiscere
717 1474 785 1496 non
817 1462 942 1501 audet3
975 1466 1070 1495 tacet
1103 1472 1185 1495 vero
1210 1460 1259 1504 is,
1293 1462 1353 1505 qui
1377 1474 1444 1496 uon
1460 1464 1512 1497 lo-

79 1510 83 1514 ¹
117 1524 236 1568 quitur
257 1526 291 1556 et
315 1534 404 1566 quae
430 1523 578 1556 dicenda
605 1524 731 1564 habet,
754 1525 893 1567 premit.
942 1521 1086 1565 Quippe
1113 1522 1258 1556 dicendo
1282 1533 1350 1555 nou
1375 1524 1511 1567 opposi-

118 1587 195 1617 tum
233 1586 284 1616 est
306 1583 428 1623 silere,
460 1583 518 1614 sed
544 1588 682 1625 tacere,
719 1588 757 1617 ut
790 1583 1019 1616 Doederliuus
1044 1582 1294 1616 demonstravit
1316 1583 1373 1617 his
1396 1595 1513 1618 exem-

119 1644 210 1688 plis:
235 1644 322 1677 Cato
346 1654 402 1686 ap.
420 1643 513 1676 Geli.
529 1644 545 1677 I
560 1671 567 1684 ‚
585 1642 642 1678 15.
663 1646 781 1686 frusto
799 1644 901 1687 panis
922 1643 1066 1676 conduci
1081 1647 1194 1686 potest
1211 1643 1267 1675 vel
1288 1648 1327 1676 ut
1344 1648 1513 1685 taceat,

120 1706 177 1739 vel
208 1709 246 1738 ut
273 1705 510 1748 loquatur.
544 1704 659 1738 Plaut.
695 1703 788 1737 Rud.
819 1703 884 1745 lv,
917 1703 960 1745 4,
995 1703 1052 1737 72.
1086 1704 1169 1748 quia
1199 1703 1287 1736 enim
1313 1715 1424 1748 neque
1444 1705 1515 1738 lo-

121 1776 265 1810 quens
291 1776 349 1806 es,
382 1776 491 1809 neque
518 1769 678 1798 tacens
702 1774 853 1808 unquam
884 1764 1003 1800 bonus.
1038 1764 1121 1799 Ter.
1159 1765 1248 1797 Eun.
1280 1763 1350 1804 lv,
1384 1764 1425 1805 -l,
1457 1764 1514 1799 54.

121 1832 239 1860 utrum
265 1831 521 1866 taceamne,
548 1837 594 1858 an
615 1824 920 1869 praedicem?
944 1824 1041 1857 Adde
1066 1823 1154 1858 Sall.
1179 1823 1260 1868 lug.
1287 1824 1455 1866 xxxln,
1480 1827 1513 1860 1.

121 1887 182 1921 ubi
204 1886 381 1932 Iugurtha
409 1886 692 1930 respondere
716 1885 826 1918 iussus
847 1889 897 1918 est
913 1909 924 1925 ,
961 1883 999 1918 C.
1030 1885 1184 1918 Baebius
1212 1895 1330 1930 regem
1357 1890 1516 1928 tacet-„e

123 1949 231 1983 iubet.
258 1947 357 1992 Vin-g.
382 1946 467 1980 Aen.
497 1946 536 1987 1,
566 1945 636 1980 148
660 1957 733 1989 sqq.
758 1945 809 1978 Ac
829 1945 937 1979 veluti
956 1956 1086 1990 magno
1103 1946 1140 1978 in
1152 1946 1279 1989 populo
1307 1958 1410 1990 quum
1438 1959 1517 1982 eae-

122 2020 167 2053 pe
185 2012 302 2042 coorta
321 2011 372 2041 est
393 2007 548 2048 Seditio,
572 2007 748 2052 saevitque
767 2007 893 2040 animis
914 2006 1067 2051 ignobile
1089 2006 1236 2051 vulgus,
1261 2007 1404 2052 lamque
1418 2011 1518 2051 sacen

126 2074 160 2103 et
177 2081 265 2103 saxa
285 2069 415 2108 volant,
432 2069 535 2111 furor
555 2078 658 2100 arma
678 2068 993 2107 ministrat;¹Tum
1015 2068 1145 2111 pietate
1165 2078 1312 2111 grauem
1331 2079 1373 2102 ac
1389 2070 1519 2104 meritis

126 2131 158 2163 εἰ
171 2132 265 2173 sorte
284 2131 395 2163 virum
423 2141 523 2174 quem
547 2129 776 2173 Conspexere,
801 2129 949 2162 silent
977 2128 1188 2172 arrectisque
1214 2129 1356 2163 auribus
1385 2136 1520 2166 astant.

128 2191 218 2224 Cum
242 2189 444 2224 Doederlini
472 2190 663 2234 praeceptis
686 2189 759 2222 fere
790 2193 1006 2235 congruunt,
1040 2200 1129 2232 quae
1150 2188 1347 2235 Herzogius
1373 2191 1417 2224 ad
1442 2191 1519 2226 Cat.

129 2253 166 2293 1,
190 2251 223 2285 l.
248 2252 290 2286 de
314 2252 503 2285 verborum
531 2251 631 2284 silere
669 2254 703 2283 et
736 2255 851 2284 tacere
880 2249 1082 2283 discrimine
1116 2249 1295 2290 disseruit,
1333 2248 1400 2282 nisi
1429 2251 1522 2293 quod

130 2312 219 2346 illud
243 2323 370 2358 graece
395 2310 525 2356 σιγᾶν,
553 2311 621 2343 hoc
649 2312 792 2346 σιωπᾶν
826 2322 900 2344 esse
933 2309 1036 2350 dicit3
1070 2321 1152 2343 num
1177 2311 1280 2354 plane
1303 2314 1425 2344 contra
1447 2321 1523 2345 esse

131 2372 245 2416 quivis
277 2376 439 2407 accurate
472 2370 633 2414 inspectis
671 2370 856 2415 exemplis,
899 2382 921 2405 a
969 2371 1179 2404 Doederlino
1219 2370 1357 2413 allatis,
1389 2372 1522 2408 sentiet.

131 2434 234 2477 Quae
257 2445 364 2477 quum
387 2433 438 2467 ita
461 2432 549 2473 sint,
574 2432 670 2465 vides
693 2443 798 2475 quam
824 2443 989 2476 perverse
1012 2432 1114 2465 silere
1138 2432 1284 2465 verbum
1318 2432 1360 2465 de
1395 2433 1522 2467 omissa

134 2506 251 2528 rerum
284 2492 628 2539 Carthaginiensium
661 2494 979 2526 commemoratione
1013 2492 1164 2535 positum
1204 2492 1260 2526 sit.
1324 2491 1393 2525 Sed
1424 2503 1522 2526 scru-

133 2555 256 2597 pulum
290 2555 437 2588 sortasse
472 2552 603 2590 iniicit,
638 2554 729 2595 quod
766 2553 1005 2597 Quintilianus
1038 2553 1143 2586 etiam
1176 2565 1239 2596 pro
1272 2554 1394 2586 meiius
1416 2553 1523 2588 habet

134 2616 266 2655 satius,
291 2620 351 2657 ut,
386 2624 493 2658 quum
520 2613 722 2646 memoriter
746 2614 863 2646 locum
889 2613 1033 2647 laudare
1057 2614 1237 2655 videatur,
1270 2613 1345 2648 eius
1367 2613 1522 2647 testimo-

133 2673 192 2710 nio
216 2675 305 2709 nihil
331 2675 552 2709 tribuendum
577 2674 633 2709 sit.
681 2673 886 2707 Memoriter
909 2674 1071 2708 laudasse
1095 2675 1267 2716 concedo,
1299 2673 1358 2707 sed
1381 2674 1524 2716 loquen-

134 2732 169 2767 di
205 2742 268 2768 usu
298 2733 387 2767 duco
417 2733 755 2778 intelligentissimus
785 2733 926 2779 linguae
955 2733 1172 2769 existimator
1203 2734 1236 2767 iu
1271 2739 1387 2769 tacere
1417 2735 1524 2768 verbo
