1630 3034
428 110 599 150 RERUM
623 110 685 150 AC
714 109 985 150 VERBORUM

0 245 7 268 ,·
26 220 195 262 Proponere
211 221 250 253 de
267 222 420 264 praemiis
438 221 572 259 dictum,
599 218 639 255 C.
659 220 715 260 20,
735 221 786 253 14.

24 276 231 317 Propraetoris
247 277 352 309 locum
371 281 511 317 quaestor
527 278 633 320 potuit
650 277 690 309 ad
708 281 834 320 tempus
853 277 1014 315 obtinere,
1032 277 1055 309 Ι.
1078 275 1152 315 103,
1172 277 1201 308 4.

23 331 148 372 Propter
164 336 199 363 et
212 343 307 373 prope
323 333 473 371 confusa,
492 329 530 365 C.
549 332 602 368 59,
621 333 652 365 3.

24 387 149 428 Propter
164 387 261 419 finem
279 392 312 420 et
328 389 500 421 consilium
519 389 683 430 designat,
710 388 733 420 Ι.
751 387 827 427 100,
850 389 878 420 1.
938 384 942 388 ”

25 443 219 484 Propuynare
235 447 269 475 et
287 453 461 485 oppuqnare
477 445 634 487 quomodo
652 443 816 483 differant,
842 443 865 476 l.
886 444 941 483 60,
962 444 990 477 1.

24 499 150 530 Prorsus
167 501 462 542 comprehendendi
479 501 546 532 vim
562 499 674 537 habet,
701 496 741 532 C.
762 499 816 537 15,
835 500 866 532 5.
915 499 938 531 1.
961 499 1015 533 30,
1034 500 1066 531 3.

25 555 171 595 prosapia
186 555 329 597 priscum
346 556 553 594 vocabulum,
571 555 595 588 1.
615 555 671 594 85,
692 554 743 587 10.

24 611 260 652 Proser-iptorum
277 612 379 644 liberis
397 612 449 643 ius
467 611 633 643 libertatis
652 611 852 643 imminutum
866 616 950 645 erat.
976 608 1015 644 C.
1037 611 1091 644 37.
1110 613 1139 643 9.

25 667 219 708 Prospeclare
235 668 257 699 i.
279 677 308 709 q.
330 667 369 699 de
389 668 460 699 loco
479 667 566 699 edito
584 671 746 710 spectare,
773 665 798 699 l.
818 666 871 705 60,
891 667 922 699 3.

24 722 176 755 protelare
192 733 255 755 non
273 723 358 755 idem
374 723 468 755 valet
483 728 581 765 atque
596 723 763 764 prolatare,
788 722 812 754 1.
832 721 887 761 27,
905 723 936 754 2.

24 778 182 810 Provide-re
197 779 349 812 absolute
366 779 506 822 positum
525 777 546 812 i.
567 788 596 820 q.
613 788 732 811 cavere
750 778 825 816 sibi,
851 778 874 810 Ι.
894 777 948 817 90,
970 779 997 811 1.

25 834 180 867 Providere
197 836 314 875 aliquid
330 836 351 867 i.
372 845 402 877 q.
422 844 553 873 cavere,
579 832 604 866 1.
624 833 679 872 99,
697 833 728 865 2.

25 890 179 922 Pr0vinoia
196 891 218 923 i.
239 900 269 933 q.
289 887 616 932 Carthaginiensium
633 899 725 930 ager,
751 889 774 922 l.
797 888 849 928 13,
870 892 899 922 4.

25 947 199 979 stovinciae
216 948 399 985 consumme,
427 945 454 979 I.
470 944 527 985 27,
546 945 576 979 3.

22 1003 180 1035 Proximus
196 1004 351 1046 temporis
368 1002 530 1036 vocabulo
548 1001 704 1041 additum,
730 998 755 1033 1.
779 1000 830 1040 11,
849 1001 879 1033 6.
930 1002 984 1036 28,
1004 1003 1033 1033 2.

24 1059 189 1091 Proxumus
205 1060 290 1091 lictor
307 1069 369 1101 quo
386 1068 489 1091 sensu
506 1058 626 1097 dictus,
652 1057 676 1089 1.
696 1056 750 1096 12,
765 1057 795 1090 3.

23 1115 167 1147 Proxuma·
183 1116 205 1147 i.
225 1125 257 1157 q.
275 1114 560 1152 coniunctissumi,
585 1110 626 1145 C.
646 1113 701 1152 14,
719 1112 751 1145 3.

22 1170 187 1203 Proxumus
205 1180 278 1203 cum
294 1171 406 1203 dativo
424 1180 487 1202 non
505 1174 557 1202 est
572 1169 829 1206 sollicitandum,
848 1168 870 1200 l.
892 1168 945 1207 78,
963 1170 993 1200 ⁶2.

24 1226 189 1259 Proxumus
213 1236 288 1259 num
305 1236 377 1259 cum
395 1226 543 1259 ablativo
557 1226 703 1258 construi
722 1225 836 1268 possit,
861 1223 885 1256 1.
908 1223 959 1262 18,
979 1223 1026 1256 11.

26 1283 191 1315 Proxumus
209 1288 243 1316 et
253 1293 400 1324 proxume
417 1281 567 1321 confusa,
584 1281 608 1315 1.
631 1280 684 1320 18,
705 1281 756 1313 11.

25 1339 156 1371 Prudens
176 1340 198 1372 i.
219 1349 249 1382 q.
269 1340 408 1382 peritus,
433 1338 458 1371 Ι.
478 1338 533 1378 49,
551 1338 583 1369 2.

23 1395 180 1427 Publicare
195 1397 338 1437 pecunias
355 1394 410 1427 vel
428 1396 506 1426 bona
523 1394 678 1431 alicuius,
705 1390 745 1426 C.
766 1392 819 1427 51.
840 1392 892 1424 43.

27 1452 146 1484 Publice
163 1452 184 1483 i.
203 1461 234 1493 q.
254 1451 373 1483 officiis
391 1451 424 1482 in
442 1449 615 1492 rempubl„
641 1448 665 1481 1.
684 1448 717 1488 8,
735 1448 767 1481 2.

23 1507 176 1539 Publicum
190 1508 299 1538 bonum
315 1507 337 1538 i.
358 1516 387 1548 q.
400 1505 571 1548 reipublic.
591 1505 801 1543 commodum,
827 1504 849 1536 1.
870 1504 925 1536 25.
945 1504 973 1535 3.

24 1564 140 1595 Pudore
155 1573 258 1603 reqere
273 1563 416 1602 aliquem,
433 1561 456 1594 1.
475 1560 551 1600 100,
571 1562 601 1594 5.

23 1620 144 1651 Pulvere
162 1619 369 1660 yloriubantur
383 1618 504 1656 milites,
530 1617 554 1649 Ι.
573 1616 627 1654 85,
646 1617 700 1650 41.

25 1676 134 1707 Putare
151 1675 268 1715 aliquid
284 1676 315 1705 in
333 1675 439 1714 aliqua
454 1684 498 1712 re,
522 1672 547 1705 Ι.
569 1671 646 1711 103,
665 1671 697 1704 6.

24 1730 90 1762 Non
101 1734 275 1772 putaveram
292 1740 350 1772 pro
366 1739 425 1761 non
441 1733 607 1770 putassem,
624 1727 648 1760 Ι.
670 1727 745 1761 110.
768 1726 795 1759 l.

678 1850 766 1908 Q.

29 1958 64 1989 Q.
84 1955 106 1986 i.
126 1965 156 1986 e.
178 1955 301 1989 Qumlus
320 1958 424 1985 ortum
442 1962 482 1984 ex
502 1962 557 1992 que
576 1951 750 1993 particula,
770 1951 793 1983 1.
811 1950 866 1989 81,
886 1951 915 1981 2.

29 2010 94 2045 Qua
110 2009 262 2042 adverbii
278 2012 475 2052 potestatem
493 2007 604 2042 habet,
633 2003 672 2038 C.
693 2006 748 2040 57.
767 2006 797 2039 3.
848 2005 872 2038 Ι.
896 2004 947 2041 18,
967 2006 996 2035 2.
1049 2005 1102 2037 38.
1122 2006 1152 2036 f».

30 2065 96 2102 Qua
111 2070 146 2098 et
162 2075 220 2105 quo
238 2064 388 2103 confusa,
413 2063 437 2095 1.
459 2063 516 2100 46,
536 2061 567 2093 7.
617 2061 671 2099 50,
691 2062 722 2094 3.

29 2121 94 2156 Qua
110 2125 145 2153 et
161 2122 233 2161 quia
249 2121 397 2158 confusa,
423 2119 446 2151 Ι.
465 2118 540 2154 110,
559 2117 588 2149 3.

31 2177 216 2213 Quadratum
232 2187 338 2217 aymen
355 2175 452 2218 quale
471 2173 582 2211 fuerit,
610 2173 632 2205 l.
655 2172 729 2211 100,
751 2173 777 2205 1.

34 2232 182 2268 Quaerere
197 2233 220 2265 i.
239 2242 270 2274 q.
289 2241 419 2274 parare,
445 2230 469 2262 Ι.
487 2229 517 2263 3.
534 2229 564 2261 3.

31 2288 178 2324 Quaerere
195 2287 216 2319 i.
235 2297 265 2329 q.
285 2286 466 2329 postulare,
485 2285 539 2317 vel
556 2285 717 2326 indigere,
746 2284 769 2316 1.
789 2283 843 2321 98,
862 2284 892 2316 3.

32 2343 220 2379 Quaesitores
237 2343 369 2375 iudiciis
387 2341 660 2374 extraordinariis
685 2343 872 2384 praeerant,
892 2339 915 2371 1.
934 2340 988 2377 40,
1011 2341 1037 2371 4.

33 2399 149 2435 Quaero
167 2408 238 2431 cum
255 2398 291 2430 vi
303 2398 437 2433 dictum.
462 2397 485 2429 Ι.
502 2396 557 2435 85,
576 2395 627 2428 10.

33 2455 225 2491 Quaestiones
238 2454 260 2486 i.
281 2463 312 2495 q.
333 2453 455 2485 iudicia
473 2453 505 2484 in
519 2462 555 2484 re
572 2451 720 2494 capitali,
746 2448 770 2482 l.
790 2451 844 2489 31,
863 2448 894 2482 7.
946 2449 999 2484 40,
1024 2450 1048 2481 4.

34 2510 178 2545 Quaestor
194 2509 357 2542 interdum
371 2509 393 2541 i.
414 2519 444 2551 q.
464 2511 691 2551 proquaestor,
717 2503 756 2538 C.
778 2505 831 2544 19,
852 2506 882 2537 1.

33 2565 129 2601 Quam
145 2574 208 2607 quo
226 2573 327 2597 sensu
343 2565 408 2597 vim
425 2562 623 2606 superlativi
641 2566 774 2603 augeat,
800 2561 823 2593 Ι.
845 2561 877 2599 7,
897 2562 926 2591 5.

37 2621 131 2656 Quam
147 2637 193 2644 -—
209 2625 267 2652 tam
288 2620 459 2662 particulis
477 2618 620 2652 membra
636 2615 794 2650 orationis
809 2620 1004 2657 aequantur,
1055 2615 1076 2647 1.
1098 2614 1151 2647 31.
1174 2614 1222 2646 14.

1342 107 1398 149 69
