1630 3034
487 231 820 276 CATILINA.
879 230 1012 270 CAP.
1042 230 1112 270 Ll.
1400 229 1489 269 239

100 367 218 413 pace
253 356 298 396 et
332 367 417 412 per
443 350 641 397 inducias
675 347 815 392 multa
843 346 1012 390 nefaria
1046 345 1245 391 facinora
1269 342 1490 395 fecissent,

100 459 344 502 numquam
388 443 473 503 ipsi
519 457 605 502 per
648 440 928 484 occasionem
973 438 1080 481 talia
1123 437 1299 489 fecere3
1341 435 1494 495 magis

103 536 214 593 quid
249 551 296 580 se
331 534 520 595 dignum
555 533 697 586 foret,
741 545 876 588 quam
912 528 1023 588 quid
1063 527 1107 572 in
1141 529 1226 572 illis
1259 529 1354 572 iure
1387 527 1490 571 fieri

101 632 256 686 posset
298 626 584 684 quaerebant.
623 635 625 639 ’
663 622 771 667 Hoc
815 620 937 664 idem
981 620 1109 664 vobis
1153 617 1488 678 providendum
1511 629 1538 669 7

102 722 184 773 est‚'
236 718 390 761 Patres
445 715 711 774 conscripti,
768 729 824 758 ne
877 714 981 773 plus
1037 712 1184 756 valeat
1239 710 1362 770 apud
1409 719 1492 753 vos

100 810 151 854 P.
186 809 371 853 Lentuli
413 814 459 852 et
493 813 746 852 ceterorum
792 806 936 852 scelus
972 820 1107 864 quam
1141 808 1290 848 vostra
1336 800 1492 861 ‹ligni—

100 907 191 958 tas,
231 916 319 946 neu
353 899 497 960 magis
531 899 622 943 irae
668 904 842 943 vostrae
878 913 1014 956 quam
1055 898 1204 941 famae
1240 888 1491 941 consulatis.

101 1082 199 1123 ptam
223 1078 444 1123 scripturam,
459 1089 564 1122 quam
588 1076 772 1121 pauciores
790 1079 940 1118 tuentur,
954 1073 1103 1118 Cortius,
1128 1075 1206 1109 coll.
1229 1075 1310 1120 Ing.
1323 1074 1414 1115 xlv,
1432 1072 1493 1107 21.

102 1138 194 1182 quod
226 1138 360 1171 utinam
392 1139 487 1170 illum
523 1137 680 1169 eadem
717 1137 834 1169 haec
870 1135 1088 1168 simulantem
1120 1135 1279 1172 videam,
1311 1133 1495 1166 defensam

101 1199 222 1239 putat3
255 1195 313 1229 sed
348 1195 382 1228 id
415 1194 528 1237 potius
560 1197 635 1227 erat
659 1193 986 1233 demonstrandum,
1019 1193 1102 1225 item
1125 1193 1162 1225 h.
1188 1193 1211 1225 l.
1243 1191 1371 1225 falsum
1406 1201 1495 1229 esse,

103 1253 196 1295 quod
219 1263 287 1285 non
311 1251 456 1284 difficile
480 1257 531 1284 est
554 1252 596 1284 ad
620 1251 830 1291 videndum⁷
860 1250 904 1283 iis
926 1251 1080 1290 collatis,
1113 1261 1203 1293 quae
1230 1250 1275 1283 ad
1299 1261 1329 1282 c.
1350 1248 1496 1289 xxvn,

102 1309 138 1343 2.
163 1309 206 1342 de
228 1309 297 1341 hnc
321 1306 493 1352 particula
516 1307 725 1341 monuimus.
777 1309 865 1341 Item
889 1308 993 1349 enim,
1013 1308 1105 1351 quod
1128 1306 1332 1351 praedicata
1354 1310 1497 1340 tantem

105 1367 304 1411 coniungit,
337 1376 404 1398 non
439 1370 555 1408 potest
586 1376 656 1399 non
688 1365 862 1409 pertinere
897 1366 941 1398 ad
972 1365 1224 1408 providendum
1259 1369 1335 1404 θεῖ,-
1370 1366 1498 1397 auctor

104 1434 188 1458 vcro
212 1423 328 1458 dicere
355 1422 489 1464 noluit,
521 1435 610 1456 mmo
644 1433 775 1466 quoque
803 1422 1056 1465 providendum
1081 1434 1174 1465 esse,
1199 1422 1257 1456 sed
1283 1422 1326 1455 cle
1345 1422 1430 1466 pari
1458 1432 1498 1454 re

105 1485 210 1525 atque
233 1479 453 1514 Rhodiorum
478 1484 513 1514 et
536 1479 865 1523 Carthaginensium
887 1478 1007 1521 fuerit,
1030 1478 1427 1521 Senatoribuscandem
1454 1489 1498 1512 ac

103 1538 298 1572 maioribus
329 1537 533 1571 cautionem*
560 1549 635 1570 esse
667 1536 915 1572 adhibendam.
975 1536 1246 1570 Consultationis
1269 1536 1378 1581 igitur
1401 1537 1499 1570 obie-

104 1601 197 1630 ctum
221 1606 244 1629 a
266 1594 373 1639 priori
398 1606 467 1628 non
491 1595 668 1628 diversum
691 1606 759 1628 non
782 1595 872 1627 item·
889 1593 1076 1638 particula,
1099 1594 1159 1627 sed
1182 1595 1272 1628 idem
1289 1595 1499 1639 pronomine

103 1647 298 1698 significari
322 1652 479 1686 debebat.
534 1652 652 1697 Magis
676 1656 728 1686 est
751 1652 794 1685 ad
818 1664 914 1693 rem,
947 1652 1038 1695 quod
1063 1652 1200 1686 Cortius
1223 1652 1379 1695 monuit,
1404 1663 1499 1696 quae

104 1715 293 1754 sequantur
315 1710 425 1742 verba
447 1721 491 1743 ne
521 1712 600 1754 plus
633 1711 754 1744 valeat
777 1714 843 1743 cet.
877 1710 928 1743 ita
958 1710 1082 1744 referri
1116 1711 1159 1744 ad
1184 1721 1390 1755 praegressa
1412 1720 1500 1754 pro-

103 1768 246 1802 nomina
269 1769 331 1801 hoc
354 1768 465 1809 idem,
488 1772 539 1808 ut,
564 1779 653 1811 quae
675 1767 731 1801 his
754 1767 944 1801 universim
970 1768 1156 1802 enunciata
1177 1772 1309 1810 essent,
1334 1769 1501 1802 enuclea-

104 1826 173 1860 tius
196 1829 231 1860 et
254 1824 391 1869 plenius
414 1831 676 1868 exponerentur,
698 1825 824 1869 quibus
847 1826 1024 1859 sententiis
1048 1826 1288 1860 connectendis
1312 1826 1501 1859 commode

104 1895 225 1927 nempe
248 1882 460 1926 particulam
486 1883 646 1916 adhiberi
670 1894 790 1927 posse;
807 1884 861 1916 cf.
888 1884 982 1916 locos
1005 1884 1049 1917 ab
1075 1884 1195 1918 Cortio
1221 1884 1266 1918 ad
1290 1896 1319 1917 c.
1339 1883 1499 1925 xum,

104 1940 140 1975 7.
164 1941 340 1974 laudatos:
365 1940 441 1983 lug.
463 1940 554 1981 ΧΠ,
577 1940 634 1974 20.
659 1946 797 1975 tantum
822 1939 945 1975 illud
968 1951 1149 1984 vereor,
1173 1955 1216 1976 ne
1240 1942 1405 1986 quosdam
1421 1940 1500 1986 pri-

105 2002 191 2031 vata
216 1997 372 2030 amicitia
399 1997 593 2041 Iugurthae
615 2003 830 2032 transvorsos
854 2004 955 2043 agat.
990 2000 1120 2041 XXXI,
1138 2000 1172 2035 2.
1206 2012 1286 2032 nam
1311 2000 1502 2044 illa'qui-

108 2055 184 2088 dem
207 2056 307 2099 piget
332 2055 510 2097 dicere,
534 2056 589 2088 his
613 2057 714 2090 annis
738 2069 842 2102 quam
867 2057 1014 2090 ludibrio
1031 2058 1187 2100 fueritis.
1218 2058 1391 2099 LXXXV,
1402 2057 1443 2092 5-
1468 2061 1503 2091 et

107 2113 231 2145 illud
264 2113 514 2157 intellego,
552 2114 722 2156 Quirites,
757 2114 907 2147 omnium
947 2125 1010 2146 ora
1046 2115 1082 2147 z'n
1123 2126 1178 2147 me
1214 2126 1377 2148 conuersa
1411 2120 1517 2148 esses

109 2170 265 2202 Eundem
290 2181 392 2202 usum
421 2170 581 2213 pluribus
605 2171 823 2204 illustrarunt
847 2172 926 2204 Car.
951 2169 1066 2206 Beier.
1093 2172 1136 2204 ad
1165 2172 1236 2205 Cic.
1262 2172 1334 2206 Off.
1353 2173 1414 2214 nl,
1441 2172 1502 2213 31,

108 2226 190 2258 112.
216 2230 250 2260 et
273 2226 455 2269 Zumptius
480 2226 637 2261 Gramm.
663 2229 739 2261 Lat.
767 2231 798 2270 ἓ.
816 2228 874 2269 85,
898 2228 956 2262 10.
984 2240 1019 2271 p.
1035 2227 1115 2261 5032
1140 2248 1186 2253 -
1233 2229 1332 2262 l'obis
1356 2229 1503 2264 Corfftius

109 2280 302 2315 inconsulte
325 2293 404 2315 cum
429 2284 542 2317 Guelf.
564 2285 598 2319 3.
630 2285 770 2325 omisit3
795 2285 891 2318 nullo
916 2285 1008 2318 enim
1033 2289 1135 2328 pacto
1160 2298 1351 2330 pronomen
1376 2284 1504 2320 abesse

109 2342 232 2382 potest,
250 2339 415 2382 quoniam
438 2340 567 2375 Cacsar
591 2343 743 2377 maiores
767 2343 910 2386 opponit
933 2343 1096 2377 Patribus
1113 2344 1267 2388 Consen,
1291 2345 1386 2389 apud
1409 2350 1503 2388 quos

110 2396 220 2429 verba
243 2395 405 2432 faciebat.

203 2465 271 2487 neu
304 2455 420 2499 magis
452 2455 527 2489 irae
550 2462 687 2491 vostrae
722 2469 827 2502 quam
850 2460 978 2502 famae
1010 2459 1216 2503 consulatis]
1261 2459 1404 2494 Vestrae
1436 2470 1503 2494 non

111 2515 289 2555 comparet
312 2511 347 2544 in
371 2512 486 2545 Guelf.
506 2513 562 2546 11.
584 2519 618 2547 et
640 2515 761 2557 Acad„
787 2514 912 2558 quibus
937 2516 1119 2549 obsecutus
1144 2522 1194 2550 est
1218 2517 1376 2558 Cordus,
1400 2517 1504 2551 sozili-

111 2573 165 2602 cet
187 2579 232 2602 ne
253 2579 442 2612 pronomen
465 2569 568 2603 nimis
591 2583 696 2615 saepe
718 2576 920 2607 recurreret.
938 2591 983 2599 —·
1008 2573 1191 2608 consulere
1215 2576 1267 2609 rei
1291 2576 1332 2608 de
1352 2575 1396 2608 iis
1428 2578 1504 2609 tan-

111 2626 291 2660 tummodo
317 2625 454 2668 dieitur,
479 2638 568 2669 qnae
591 2628 723 2663 auxilio
748 2630 856 2674 dIgna
880 2634 979 2669 sunt,
1005 2632 1111 2675 operit
1135 2633 1225 2673 dani,
1244 2644 1287 2666 ne
1310 2633 1505 2666 detrimen-

111 2685 187 2717 tum
210 2682 368 2727 capiant3
401 2695 468 2717 non
494 2690 604 2727 potest
626 2685 737 2731 igitur
761 2688 805 2720 ad
829 2688 904 2721 irae
929 2689 1074 2731 referri,
1097 2691 1156 2723 sed
1179 2702 1241 2734 per
1265 2702 1414 2736 zeugma
1446 2701 1506 2724 co-

111 2739 281 2784 gitatione
312 2741 390 2775 inde
422 2743 664 2776 assumendum
697 2745 950 2790 obsequamini,
983 2747 1076 2790 quod
1100 2747 1365 2783 constructionis
1389 2759 1508 2794 genus
