1630 3034
483 144 841 188 IUGURTHA.
893 143 1021 187 CAP.
1054 144 1216 187 XLIX.
1469 151 1583 190 277.

165 278 212 307 se
248 276 528 322 regnumque
562 276 690 305 suum
735 260 791 304 ab
828 260 1134 306 Romanorum
1172 261 1353 305 avaritia
1390 261 1549 310 defen-

163 357 291 411 dant3
328 373 430 402 cum
466 357 534 402 his
571 363 796 402 certamen
834 356 947 411 fore⁷
982 372 1092 415 quos
1130 364 1258 400 antea
1289 357 1427 401 victos
1465 358 1547 402 sub

161 455 317 516 iugum
352 454 572 507 miserium
614 454 776 497 ducem
812 452 917 507 illis,
957 467 1044 497 non
1081 454 1275 497 animum
1313 461 1546 498 mutatum.

162 552 292 606 Quae
337 550 395 595 ab
430 551 702 610 imperatore
745 548 1002 604 decuerint,
1047 549 1193 592 omnia
1230 550 1316 593 suis
1352 551 1547 610 provisa,

159 648 310 692 locum
345 647 644 708 superiorem,
688 644 749 688 uti
790 644 1033 704 prudentes
1072 660 1172 689 curn
1209 646 1445 706 imperitis,
1490 662 1546 691 ne

156 797 271 829 tutum
293 797 402 836 esset,
426 793 511 829 ferri
533 804 634 838 posse
655 791 869 828 ostendimus
892 791 937 828 ud
960 802 991 826 ο.
1017 792 1059 834 X,
1083 792 1117 827 Ξ.
1164 793 1313 837 Recepit
1336 795 1453 827 tamen
1475 793 1546 827 Fa-

155 854 230 889 ber.
247 873 292 880 —
317 854 403 889 Cum
426 855 499 890 his
523 865 640 890 omnes
661 854 735 888 fere
759 853 859 887 codd.
886 857 1013 896 tenent,
1037 865 1100 897 pro
1125 865 1194 897 quo
1219 853 1254 888 in
1272 853 1443 887 nonnullis
1468 853 1545 887 edd.

155 915 308 950 habetur
330 927 358 951 c.
385 916 451 957 iis,·
485 916 543 950 sed
575 927 608 949 v.
633 915 677 949 ad
709 926 739 949 c.
764 915 855 956 XIV,
879 913 913 948 8.
940 934 982 939 -
1019 914 1089 948 Pro
1112 914 1269 948 miserint
1297 914 1331 948 in
1356 915 1427 947 Ine.
1452 913 1484 947 2.
1511 917 1547 947 et

155 975 261 1010 Misn.
286 979 339 1010 est
363 975 515 1018 miserit,
539 975 576 1009 iu
599 975 670 1011 Ino.
694 974 728 1009 1.
752 975 848 1009 vrat.
873 975 908 1008 2.
944 975 1072 1009 Franc.
1096 975 1199 1008 Rem.
1229 973 1263 1007 1.
1286 973 1384 1008 Leid.
1409 974 1453 1007 Κ.
1481 974 1544 1008 νηί-

153 1040 273 1078 serat,
307 1035 344 1069 in
367 1037 474 1070 Fabr.
498 1036 532 1071 2.
556 1039 590 1070 et
615 1035 760 1070 Goerlit.
796 1036 982 1077 miseruut,
1016 1034 1052 1069 in
1076 1035 1152 1069 Vin.
1181 1035 1216 1069 2.
1251 1035 1347 1070 Leid.
1374 1034 1412 1067 C.
1440 1034 1484 1068 G.
1510 1038 1545 1069 et

154 1097 238 1131 Bas.
257 1096 292 1131 4.
319 1087 501 1139 miserantj
524 1107 629 1140 quam
653 1099 862 1140 postremam
886 1094 1097 1139 scripturam
1120 1107 1187 1129 non
1209 1095 1311 1139 plane
1326 1094 1543 1153 damnarem,

153 1155 182 1190 si
205 1157 323 1200 plures
348 1167 390 1191 ac
413 1157 574 1192 meliores
591 1157 688 1191 codd.
713 1166 793 1189 eam
816 1155 1080 1199 confirmarent3
1104 1167 1186 1190 nam
1211 1154 1418 1190 indicativus
1439 1165 1543 1198 saepe

153 1220 274 1251 contra
311 1216 476 1261 vulgares
508 1220 703 1252 structurae
734 1216 832 1260 leges
868 1215 1019 1251 orationi
1049 1217 1214 1261 obliquae
1247 1216 1407 1251 insertur.
1438 1226 1472 1249 v,
1497 1216 1541 1249 ad

152 1277 256 1312 Catil.
281 1277 373 1318 XIV,
397 1276 432 1310 7.
458 1280 493 1311 et
515 1277 560 1311 ad
581 1276 659 1322 lug.
684 1277 808 1318 LXIII,
831 1276 866 1310 1.
885 1275 964 1312 Liv.
989 1278 1055 1319 111,
1080 1277 1137 1319 13,
1161 1277 1195 1312 2.
1245 1278 1288 1311 Se
1311 1276 1408 1310 haud
1431 1277 1540 1310 multo

148 1343 247 1384 post,
277 1349 382 1383 quam
412 1337 610 1382 pestilentia
643 1337 680 1371 in
712 1338 796 1373 urbe
820 1341 1006 1382 fuerat,
1048 1338 1085 1371 in
1121 1337 1333 1383 iuventutern
1366 1336 1538 1371 incidisse.

148 1400 294 1434 Daehne
317 1398 362 1433 ad
395 1398 481 1444 Nep.
505 1398 598 1434 Min.
626 1409 654 1432 ο.
680 1398 750 1441 111,
774 1398 808 1435 4.
855 1399 1044 1432 Praeterea
1066 1397 1144 1431 Vin.
1168 1397 1202 1432 2.
1235 1401 1269 1431 et
1292 1397 1388 1431 Vrat.
1412 1395 1446 1430 2.
1471 1396 1539 1431 ha-

148 1461 232 1495 bent
253 1459 314 1494 sub
339 1459 472 1506 iugo,
506 1459 548 1493 de
576 1469 646 1503 quo
682 1469 716 1492 v.
751 1458 796 1492 ad
828 1469 856 1491 c.
882 1458 1082 1502 XXXVIII,
1105 1457 1140 1492 9.
1166 1475 1210 1483 -—-
1239 1458 1396 1500 Quae—
1415 1457 1537 1492 decuc-

147 1521 240 1562 rint,
278 1531 326 1554 sc.
357 1520 552 1563 provideri,
581 1519 672 1564 quod
702 1518 936 1563 supplendum
963 1531 1006 1553 ex
1040 1518 1195 1562 sequenti
1222 1519 1364 1562 provisa
1374 1530 1387 1558 ‚-
1423 1518 1468 1553 cf.
1494 1519 1537 1552 ad

148 1579 399 1624 Gat.—XLV11,
422 1579 458 1614 2.
490 1579 568 1624 lug.
594 1578 730 1622 LXXI,
752 1579 787 1616 2.
810 1579 979 1621 LXXXI,
1004 1579 1034 1613 1.
1067 1578 1283 1613 Boetticheri
1307 1579 1388 1612 Lex.
1419 1577 1538 1612 Tacit.

144 1641 289 1685 Proleg.
322 1651 358 1686 p.
382 1639 559 1674 LXXVIII
577 1651 628 1683 sq.
675 1640 838 1674 Ceterum
867 1641 1010 1685 vulgari
1044 1644 1218 1675 structura
1248 1639 1432 1674 dicendum
1462 1642 1536 1673 crat

145 1701 326 1743 decuerit,
357 1711 467 1744 quum
490 1701 588 1735 decet
612 1699 760 1735 verbum
782 1701 1053 1745 impersonalem
1076 1711 1178 1734 usum
1201 1698 1341 1736 habeat.
1389 1699 1458 1733 Sed
1483 1704 1533 1734 at-

142 1759 325 1796 tractionis
348 1759 385 1794 vi
407 1760 602 1795 subiectum
627 1760 700 1795 eius
724 1761 993 1804 enunciationis,
1024 1772 1114 1806 quae
1138 1772 1179 1795 ex
1203 1759 1431 1806 impersonali
1456 1771 1535 1794 ver-

140 1822 189 1857 bo
212 1822 358 1866 pendet,
381 1831 487 1865 saepe
508 1819 592 1854 huic
614 1820 682 1865 ipsi
705 1822 814 1856 verbo
837 1821 1022 1864 tribuitur,
1055 1833 1123 1865 quo
1147 1820 1204 1865 fit,
1238 1828 1276 1856 ut
1299 1832 1373 1862 res,
1397 1831 1468 1865 qua
1492 1821 1534 1855 «le

139 1884 274 1929 agitur,
298 1881 416 1927 magis
438 1880 590 1915 emineat
611 1891 653 1916 ac
667 1881 843 1917 vividior-e
865 1882 1080 1927 cogitatione
1102 1881 1330 1925 concipiatur.
1353 1882 1397 1915 cl'.
1419 1881 1532 1915 Κωθ-

138 1956 216 1990 ger.
239 1943 282 1977 de
313 1943 462 1977 Attract.
493 1939 595 1984 Ling.
622 1938 696 1974 Lat.
733 1942 766 1985 ς.
790 1942 872 1977 162.
903 1955 936 1986 p.
959 1939 1178 1977 ‹ul—445.
1210 1942 1300 1986 Aug.
1326 1941 1530 1975 Grotet'endi

141 2006 303 2039 Gramm.
325 2003 405 2038 Lat.
428 2001 537 2044 ampl.
565 2002 596 2042 §-
619 1999 699 2036 552.
724 2015 758 2046 p.
776 2002 857 2036 460.
884 2002 1043 2036 Gramm.
1062 2001 1170 2034 schol.
1191 2004 1223 2044 §-
1246 2000 1372 2037 ssah.
1396 2012 1431 2045 p.
1449 2001 1528 2035 363.

140 2065 221 2100 Car.
243 2062 362 2098 Beier.
387 2062 432 2097 ad
455 2061 528 2096 Cic.
553 2060 649 2094 Lael.
673 2071 704 2095 c.
729 2061 798 2103 16,
831 2062 888 2097 56.
951 2062 1281 2096 constituendi
1312 2066 1391 2096 sunt
1413 2067 1528 2096 mitem

140 2124 201 2169 qui
226 2124 296 2159 nint
327 2124 365 2157 in
405 2121 564 2156 amicitia
594 2121 723 2164 fines
756 2128 797 2158 et
830 2125 961 2168 quasi
994 2123 1183 2157 termini
1214 2122 1398 2168 diligendi.
1446 2122 1529 2157 Otto

140 2186 187 2220 ml
209 2184 312 2219 Finn.
336 2183 405 2225 ΙΙΙ,
427 2182 475 2224 7,
497 2181 556 2217 23.
605 2182 805 2217 Membra
837 2184 934 2219 nobis
955 2185 1010 2218 ita
1036 2183 1123 2216 data
1147 2187 1247 2222 sunt,
1281 2190 1320 2217 ut
1346 2184 1395 2217 ad
1418 2195 1527 2228 quan-

140 2245 225 2279 dam
248 2245 421 2279 rationem
445 2242 586 2276 vivendi
608 2242 698 2277 data
721 2256 793 2278 esse
817 2248 1090 2289 appareant.
1115 2243 1157 2276 dc
1182 2243 1251 2277 Off.
1277 2244 1339 2284 111,
1362 2241 1421 2286 29,
1447 2243 1525 2277 104.

141 2306 222 2341 Non
249 2305 325 2349 fuit
359 2303 515 2348 Iuppiter
538 2304 837 2346 metuendus,
871 2317 915 2339 ne
938 2305 1050 2339 iratus
1073 2310 1217 2338 noceret.
1242 2303 1333 2348 Aug.
1359 2303 1529 2338 Matthias

139 2367 186 2401 ad
211 2377 262 2400 or.
285 2376 320 2409 p.
345 2364 370 2401 1.
385 2362 512 2398 Manu.
549 2375 581 2397 c.
605 2363 671 2405 12,
694 2363 753 2400 34.
800 2366 925 2400 Haec
958 2377 1027 2410 qua
1060 2366 1238 2400 celeritate
1261 2370 1364 2410 gesta
1384 2365 1452 2399 siut
1468 2391 1477 2407 ‚
1505 2377 1528 2399 a

138 2437 193 2461 me
216 2426 253 2460 in
275 2423 419 2459 dicendo
441 2435 512 2459 non
531 2426 887 2469 praetereunda
919 2431 1047 2466 sunt‚·
1071 2426 1196 2469 quibus
1221 2426 1309 2459 locis
1331 2425 1423 2469 quod
1446 2437 1527 2470 pro-

139 2486 217 2531 prie
251 2485 321 2520 dici
354 2485 503 2520 debebat
535 2485 810 2521 constituendum
834 2491 884 2521 est
903 2512 912 2527 ,
953 2491 1125 2530 appareat
1142 2513 1152 2529 ‚
1192 2487 1411 2521 metuendum
1439 2487 1528 2529 suit,

135 2546 428 2593 praetereundum
451 2550 525 2587 est,
554 2556 619 2590 per
649 2547 890 2581 attractionem
921 2546 1076 2580 subiecto
1108 2547 1251 2581 alterius
1274 2546 1528 2581 enunciationis

139 2608 346 2652 adaptatum
378 2610 440 2642 est.
499 2607 581 2641 Hoc
612 2610 808 2642 structurae
845 2618 956 2652 genus
989 2605 1104 2652 tetigit
1135 2606 1240 2642 etiam
1273 2606 1529 2641 Ramshornius

141 2667 303 2703 Gramm.
328 2668 405 2703 Lat.
431 2671 464 2711 ἓ.
487 2667 580 2710 2⁰6,
604 2667 638 2704 5.
663 2680 697 2714 p.
717 2668 798 2711 699.
822 2668 875 2703 eil.
899 2669 926 2703 1.
952 2668 1010 2702 sed
1035 2679 1102 2701 non
1125 2668 1209 2702 satis
1232 2670 1326 2701 recte
1349 2666 1394 2701 ad
1419 2667 1529 2701 Grae-

142 2727 266 2764 eismos
289 2728 420 2771 refert,
444 2728 572 2775 quippe
594 2729 686 2774 quod
711 2729 894 2766 commode
919 2740 960 2764 ex
978 2727 1094 2763 Latini
1115 2726 1284 2763 sermonis
1307 2727 1447 2772 ingenio
1471 2738 1530 2762 ex-
