1630 3034
7 1396 26 1413 s,

426 153 782 198 IUGURTHA.
846 155 983 199 GAP.
1015 155 1077 198 CI.
1348 160 1433 200 537

50 272 200 315 tamen
233 270 491 330 respublica
518 273 686 331 pariter
717 287 770 315 ac
801 272 1072 317 saevissumo
1099 272 1290 332 imperio
1316 273 1431 318 bene

50 374 183 426 atque
219 367 384 411 decore
419 375 558 428 gesta.

185 464 265 508 CI.
312 455 465 523 'Igitur
506 471 668 523 quarto
705 464 897 523 denique
933 464 1004 509 die
1044 465 1167 510 haud
1202 466 1338 526 longe
1373 467 1430 510 ab

51 560 223 621 oppido
268 560 393 605 Cirta
436 562 635 620 undique
687 562 815 605 simul
867 562 1169 622 speculatores
1219 563 1291 606 citi
1337 578 1447 606 sese

49 681 202 716 militum
233 681 489 717 conciliandum
520 683 657 718 Cortius
692 683 781 716 bene
811 682 966 724 monuit,
999 684 1079 718 coll.
1116 694 1145 717 c.
1179 684 1376 725 Lxxxw,
1399 683 1435 718 3.

51 743 162 785 XLV,
186 744 219 777 1.
250 743 372 787 LXIV,
407 743 440 777 5.
465 764 512 770 —-
545 744 598 776 De
634 743 749 777 verbis
782 749 977 777 consuetam
997 732 1234 778 —habuisset
1266 755 1300 777 v.
1334 744 1377 778 ad
1403 757 1434 778 c.

49 804 223 846 LXXXV,
246 804 281 840 7.
305 821 352 828 —-·
376 804 455 838 Nisi
479 808 597 838 tamen
624 804 819 848 particulas
842 815 910 837 non
933 805 1057 838 referri
1080 805 1124 839 ad
1149 805 1257 838 verba
1279 804 1436 848 proxime

48 864 310 908 praecedentia,
345 865 404 898 sed
437 865 480 898 ad
505 864 709 900 sententiam
732 864 945 910 cogitatione
972 866 1223 909 supplendam,
1251 865 1322 899 iam
1347 865 1436 899 dixi-

50 938 127 960 mus
151 927 194 960 ad
218 939 247 960 c.
272 926 396 968 XXIV,
421 925 456 960 5.
477 925 556 958 coll.
582 930 733 960 annotat.
759 926 802 960 ad
826 937 854 958 c.
880 927 986 967 XCV,
1010 926 1044 960 3.
1092 928 1145 960 lta
1169 929 1286 960 autem
1309 938 1435 960 nexum

49 987 298 1022 sententiarum
331 985 525 1029 supplebis:
558 986 729 1020 Incertum
762 986 893 1031 igilur,
934 988 1005 1021 utri
1036 989 1151 1021 verius
1185 988 1437 1029 iuslicaceriut3

50 1049 140 1083 nisi
173 1054 329 1084 tamen
362 1048 441 1080 hoc
472 1052 640 1081 certum
673 1053 752 1091 est,
776 1047 1124 1092 rempubl.—decore
1148 1054 1286 1093 gestam
1307 1060 1435 1083 esse.—

48 1110 308 1154 Rempublicam
333 1109 417 1142 bene
440 1119 562 1152 gerere
587 1108 669 1151 quid
693 1113 784 1142 esset
807 1119 914 1152 quum
938 1108 1086 1142 nesciret
1108 1109 1281 1151 IVeisius,
1317 1109 1437 1143 invitis

51 1171 211 1206 omnibns
235 1170 333 1204 codd.
357 1169 530 1213 publicam
554 1169 694 1203 delevit.
724 1169 888 1203 Pessime.
935 1170 1009 1213 Illis
1032 1170 1125 1203 enim
1149 1170 1266 1205 verbis
1296 1170 1332 1204 in
1357 1170 1437 1204 uni-

4 1250 5 1253 ¹
50 1243 190 1266 versum
221 1232 441 1277 significatur
480 1231 582 1264 rebus
623 1231 732 1276 gestis
775 1232 929 1264 bonum
973 1232 1207 1275 publicum
1239 1232 1296 1275 (v,
1330 1226 1382 1265 ad‘
1403 1243 1432 1265 c.

51 1295 158 1335 XXV,
182 1293 235 1338 3.)
258 1294 385 1333 ‚iuvare
410 1297 445 1326 ct
469 1303 613 1337 augere.
639 1292 685 1324 cf.
710 1292 865 1325 Brisson.
891 1292 934 1325 de
956 1292 1128 1326 Fon-mall.
1153 1293 1196 1327 11.
1220 1304 1253 1336 p.
1276 1292 1356 1326 192.
1382 1293 1435 1326 ed.

50 1355 164 1389 Bach.
189 1354 260 1389 Cic.
286 1354 322 1388 in
346 1353 460 1387 Pison.
485 1365 515 1389 c.
541 1352 597 1393 19,
621 1351 678 1387 25.
730 1353 880 1387 Senatus
907 1353 941 1386 in
965 1354 1244 1388 consuetudinem
1266 1354 1374 1395 venit,
1399 1357 1438 1387 ut

50 1428 128 1457 eos,
152 1415 214 1460 qui
245 1416 360 1450 bene
393 1414 725 1457 rempublicam
760 1414 1023 1459 gesserint,
1056 1415 1153 1448 novis
1176 1415 1359 1448 honoribus
1383 1416 1436 1457 af-

40 1477 157 1520 ficiat.
187 1476 273 1510 ibid.
306 1488 337 1509 c.
371 1474 437 1517 40,
461 1474 519 1509 97.
567 1474 722 1508 Scribere
754 1475 803 1508 ad
826 1480 985 1508 senatum
1010 1487 1032 1507 α
1056 1480 1091 1508 te
1123 1475 1233 1509 bene
1265 1485 1438 1518 rempu-

51 1538 215 1571 blicam
253 1541 559 1581 esse'gestam
592 1545 659 1568 uon
691 1547 794 1569 ausus
827 1547 873 1569 es.
906 1535 954 1569 id.
987 1535 1141 1580 Philipp.
1174 1535 1276 1576 XIV,
1301 1534 1346 1578 8,
1380 1535 1437 1569 24.

50 1598 266 1643 snpplicatio
290 1598 330 1630 ob
355 1596 690 1640 rempublicam
722 1597 1042 1640 pulcherrime
1069 1603 1266 1642 gestam.
1290 1609 1323 1630 v.
1347 1598 1440 1631 Dra—

40 1660 240 1694 -kenbm-ch.
271 1658 315 1692 ad
348 1657 423 1692 Liv.
461 1656 603 1697 XXXI,
627 1656 693 1698 48,
716 1657 770 1690 12.
796 1657 894 1700 XLI,
921 1656 978 1699 28,
1002 1657 1036 1692 9.
1062 1659 1168 1700 XLII,
1192 1657 1284 1701 925.
1331 1659 1440 1692 Plura

50 1720 199 1755 contulit
222 1718 420 1754 Gronovius
443 1717 487 1751 ad
512 1718 604 1754 vlu,
628 1716 686 1759 31,
710 1718 743 1750 2.
769 1739 814 1744 —
839 1719 1033 1752 Saevum
1057 1718 1234 1763 imperium
1260 1720 1296 1752 h.
1323 1719 1346 1753 1,
1371 1730 1439 1752 non

51 1786 102 1816 est
133 1782 289 1822 crudele,
322 1779 383 1814 sed
413 1779 518 1812 valde
548 1790 724 1820 severum,
758 1779 901 1820 durum,
934 1780 1151 1814 humanitate
1183 1791 1251 1812 non
1275 1779 1440 1818 lenitum;
1500 1777 1503 1781 ⁴

53 1843 98 1877 cf.
121 1853 228 1887 supra
250 1853 280 1875 c.
305 1841 410 1880 XLV,
433 1839 465 1872 1.
491 1843 524 1873 et
549 1840 735 1873 Ruhnken.
762 1840 806 1873 ad
829 1839 909 1873 Ter.
937 1840 1041 1873 Andr.
1068 1841 1121 1882 V,
1143 1840 1178 1884 2,
1203 1840 1259 1873 272
1283 1840 1441 1873 Draken-

52 1903 172 1937 borch.
197 1901 243 1936 ad
266 1900 342 1935 Liv.
366 1901 409 1943 11,
434 1899 491 1940 44,
514 1899 570 1932 10.
613 1946 615 1949 .

147 1963 203 1996 CI.
228 1962 260 2006 §.
286 1962 319 1995 1.
365 1961 596 2005 speculatores
627 1959 712 2004 citi]
747 1960 985 2004 Speculatores
1007 1973 1054 1995 sc.
1087 1972 1109 1995 a
1132 1959 1248 1994 Mario
1271 1960 1442 2004 praemis-

54 2024 94 2057 si.
118 2044 164 2050 —
188 2022 280 2063 citi,
304 2021 328 2054 i.
354 2033 384 2054 e.
409 2021 513 2054 citato
538 2031 652 2060 cursu,
677 2021 755 2062 cito,
780 2025 818 2054 ut
843 2020 929 2054 Tur.
957 2021 988 2054 1.
1017 2020 1109 2053 male
1131 2020 1241 2055 habet
1265 2032 1286 2054 a
1309 2032 1440 2064 m.pr.,

55 2083 227 2118 adiectivo
258 2083 337 2115 loco
371 2081 529 2115 adverbii
566 2080 700 2124 posit03
732 2093 766 2114 v.
800 2082 844 2115 ad
876 2094 906 2114 c.
940 2082 1140 2122 xxxvm,
1165 2081 1198 2114 1.
1225 2081 1441 2115 Boetticher.

56 2146 139 2179 Lex.
164 2143 278 2178 Tacit.
309 2155 344 2187 p.
369 2143 428 2177 37.
464 2145 496 2185 ἓ.
521 2142 555 2176 4.
581 2142 626 2175 cf.
650 2142 766 2176 Piaut.
793 2141 970 2185 Amphitr.
995 2141 1023 2183 I',
1047 2143 1080 2184 1,
1105 2141 1162 2176 89.
1188 2142 1235 2176 ib.
1260 2134 1358 2183 V‚'1‚
1382 2141 1442 2176 59.

56 2207 198 2241 Sueton.
223 2205 343 2239 Tiber.
376 2215 407 2237 c.
432 2203 592 2236 xxxin.
628 2202 700 2236 Tit.
726 2215 757 2237 c.
783 2203 823 2236 V.
849 2202 962 2237 Tacit.
986 2203 1080 2237 nist.
1103 2202 1168 2245 111,
1193 2202 1248 2236 47.
1275 2202 1372 2236 Οτι-πε.
1400 2203 1443 2237 Β.

58 2267 103 2301 G.
125 2267 160 2309 1,
185 2266 243 2307 16,
266 2263 302 2299 5.
333 2282 376 2291 —-
412 2265 655 2308 Intellegitur‚
695 2264 788 2307 quod
821 2263 1077 2296 Ramshornius
1111 2263 1271 2296 Gramm.
1300 2263 1375 2296 Lat.
1411 2264 1443 2305 ς.

59 2325 137 2363 168.
171 2327 215 2360 Β.
239 2325 272 2360 4.
304 2329 375 2358 not.
400 2325 434 2358 2.
467 2337 498 2368 p.
523 2324 603 2358 431.
638 2324 693 2358 ed.
717 2324 743 2357 Ι.
777 2328 870 2358 recte
904 2323 1104 2357 observavit
1139 2322 1445 2362 accusativnm‚c.

58 2387 152 2421 infin.
184 2386 325 2431 regere,
355 2385 472 2418 Faber
503 2384 676 2420 contendit
704 2384 763 2418 hic
798 2388 919 2418 contra
953 2396 1087 2418 morem
1118 2395 1199 2417 cum
1231 2382 1447 2417 nominativo

59 2449 280 2482 coniunctum
311 2457 406 2486 esse;
439 2457 552 2489 neque
581 2445 617 2479 id
647 2445 721 2479 sine
753 2445 912 2488 exemplo
944 2448 1013 2485 θεῖς
1039 2445 1084 2479 cf.
1111 2445 1182 2478 Cic.
1209 2445 1251 2477 de
1273 2444 1374 2479 Orat.
1397 2444 1444 2485 11,

58 2509 117 2554 68,
141 2507 222 2543 243.
270 2506 456 2540 Hominum
480 2518 590 2540 mores
614 2507 667 2540 ita
700 2508 931 2551 effinguntur,
966 2511 1004 2538 ut
1030 2506 1148 2550 quales
1171 2505 1239 2539 sint
1263 2505 1446 2551 intelli-

60 2575 256 2616 gantur.
303 2567 371 2601 Sed
400 2567 482 2610 quid
516 2566 686 2611 impedit,
727 2566 912 2610 quominus
944 2567 1050 2600 hostis
1082 2577 1146 2610 pro
1181 2577 1294 2600 accus.
1319 2564 1474 2609 plurali·

61 2627 282 2663 habeamus?
315 2627 490 2662 Nimirum
523 2627 678 2661 librariis
710 2628 832 2661 eodem
855 2639 995 2669 errore,
1020 2639 1088 2671 quo
1111 2627 1228 2661 Faber
1245 2652 1255 2669 ,
1281 2625 1446 2669 deceptis,

62 2688 253 2723 accusativi
275 2688 311 2721 in
345 2690 374 2722 is
407 2687 605 2722 terminatio
634 2688 862 2732 corruptrices
886 2699 1006 2722 eorum
1039 2699 1161 2722 manus
1189 2687 1311 2722 evasit.
1335 2687 1380 2720 cf.
1404 2686 1446 2720 ad

61 2748 164 2785 citii.
188 2749 215 2791 I,
238 2749 273 2783 1.
289 2750 364 2794 lug.
389 2749 512 2792 LXIV,
536 2750 570 2783 6.
595 2750 669 2790 XC,
694 2749 727 2784 2.
