1630 3034
130 185 232 215 xvru
542 168 1110 214 PRAEFATIO.

130 291 244 334 ratio
271 303 362 333 non
395 287 541 332 solum
577 302 605 330 a
639 301 769 333 more
803 287 924 331 illius
958 286 1116 332 aetatis
1152 285 1299 331 aliena
1333 290 1416 341 est,
1452 284 1534 329 sed
1585 303 1589 306 ·

131 372 266 414 etiam
309 368 368 413 ab
413 368 596 428 ingenio
644 367 738 411 eius
783 367 862 424 qui
905 367 1128 426 scripsisse
1173 366 1338 412 dicitur
1383 372 1429 410 et
1471 364 1533 410 ad

133 466 270 509 quem
305 449 442 494 datae
477 454 579 492 sunt
611 448 750 507 plane
771 446 999 493 abhorret.
1043 447 1204 505 Neque
1227 446 1343 491 enim
1365 445 1532 489 Caesar

132 533 168 575 is
214 530 326 585 fuit,
372 528 449 586 qui
486 527 677 571 aliorum
712 526 890 571 monitis
929 527 974 571 in
1008 526 1291 572 moderanda
1323 524 1531 584 republi-

133 626 188 655 ca
221 610 296 654 vel
334 613 515 669 egeret,
563 607 638 652 vel
674 607 992 666 obtemperare
1037 608 1199 662 vellet,
1243 621 1392 665 neque
1427 605 1532 652 Sal-

130 691 289 736 lustius
324 704 412 749 pro
449 689 535 733 suis
569 687 828 742 rationibuS‚
864 701 980 745 quae
1015 688 1197 733 ei-cum
1234 686 1428 731 Caesare
1459 687 1531 729 in—

127 770 446 825 tercedebant,
482 768 518 812 si
551 768 695 812 modo
731 782 861 812 sanus
896 773 1018 825 erat,
1063 768 1172 812 talia
1207 767 1398 811 suadere
1444 780 1529 825 po-

129 857 260 907 terat,
283 850 435 909 qualia
455 848 677 908 epistolae
710 854 869 894 auctor
904 863 1008 892 eum
1030 848 1258 894 dicentem
1292 847 1416 893 facit.
1451 845 1531 890 Ad

129 931 249 986 hoc,
284 930 541 989 quicunque
574 929 751 989 ineptas
795 927 1132 974 cohortationes
1175 927 1373 987 scripsit,
1412 932 1532 971 tem-

130 1027 298 1073 porum
343 1012 533 1066 oblitus,
576 1010 721 1055 multa
760 1010 1021 1063 blateravit,
1068 1023 1187 1066 quae
1231 1008 1294 1052 ita
1329 1008 1409 1052 sibi
1454 1021 1530 1050 re·

110 1097 360 1154 pugnant,
406 1098 456 1135 ut
496 1090 624 1135 nullo
670 1089 812 1134 modo
856 1090 972 1134 inter
1017 1103 1065 1133 se
1110 1087 1341 1133 conciliari
1387 1092 1433 1132 et
1468 1086 1530 1130 ad

130 1179 305 1218 certum
350 1170 537 1230 aliquod
585 1177 765 1230 tempus
820 1169 1027 1215 revocari
1068 1169 1252 1229 possint.
1353 1165 1532 1222 Quodsi

130 1252 359 1298 addideris
393 1251 568 1296 nullum
604 1250 1042 1305 Grammaticorum,
1087 1249 1250 1307 quibus
1283 1254 1352 1292 tot
1384 1247 1531 1291 histo-

127 1335 296 1378 riarum
338 1332 594 1392 fragmenta
630 1329 872 1383 debemus,
908 1345 1108 1388 unquam
1154 1328 1320 1373 harum
1357 1327 1531 1387 episto-

129 1414 276 1458 larum
310 1412 468 1457 fecisse
498 1410 787 1464 mentionem,
817 1410 889 1453 vix
924 1410 1159 1468 quisquam
1200 1408 1411 1452 dubitare
1440 1422 1532 1466 po-

128 1493 258 1548 terit,
300 1493 410 1550 quin
446 1504 533 1549 pro
577 1490 737 1548 spuriis
770 1488 1012 1533 habendae
1047 1490 1142 1533 sint.
1223 1488 1531 1534 Decreveram

132 1589 234 1618 eam
269 1588 364 1617 rem
399 1571 605 1630 pluribus
640 1584 892 1628 exponere;
936 1569 1018 1614 sed
1053 1575 1101 1613 ut
1131 1568 1375 1614 commode
1410 1580 1531 1613 nunc

132 1669 188 1698 eo
232 1652 419 1713 negotio
465 1650 760 1710 supersedere
815 1649 1007 1708 possim,
1065 1648 1303 1695 Gerlachii
1357 1648 1530 1694 factum

132 1740 199 1779 est
234 1732 441 1793 diligenti
471 1731 715 1784 industria,
759 1731 839 1789 qui
873 1736 998 1775 tanto
1035 1729 1241 1773 acumine
1276 1729 1322 1772 in
1357 1728 1530 1773 exami-

130 1812 288 1858 nandis
333 1812 518 1873 singulis
552 1816 749 1855 versatus
793 1816 881 1866 est,
925 1816 1138 1868 tantaque
1183 1807 1340 1854 iudicii
1383 1807 1529 1852 soler·-

129 1896 193 1939 tia
238 1893 410 1954 spurias
456 1907 574 1947 esse,
619 1906 737 1950 quae
784 1906 959 1935 summo
1015 1906 1166 1934 rerum
1216 1890 1530 1934 Romanarum

130 1974 339 2034 scriptori
385 1973 663 2027 tribuantur,
707 1971 918 2031 epistolas
963 1971 1182 2028 ostendit,
1229 1975 1302 2027 ut,
1349 1968 1384 2012 si
1430 1968 1529 2027 quis

131 2056 374 2100 etiamnum
418 2069 493 2097 eas
545 2052 745 2097 Sallustii
803 2068 898 2096 esse
941 2058 1098 2110 putet,
1152 2052 1190 2095 is
1246 2049 1308 2094 ad
1362 2048 1528 2104 omnia,

130 2136 266 2180 etiam
301 2134 577 2193 ineptissima
611 2132 930 2191 amplectenda
965 2147 1134 2192 pronus
1170 2132 1386 2175 videatur.
1433 2130 1529 2173 Fa-

129 2224 231 2261 teor
269 2223 420 2260 tamen
454 2231 549 2269 me,
595 2214 857 2273 priusquam
894 2212 1130 2257 Gerlachii
1166 2210 1528 2256 Commentarios

132 2298 367 2357 legissem,
410 2295 520 2354 quid
564 2295 694 2338 illum
740 2293 798 2338 de
834 2292 1048 2352 Epistolis
1093 2290 1151 2334 ad
1196 2289 1249 2334 C.
1286 2290 1529 2334 Caesarem

130 2377 330 2422 iudicare
365 2375 596 2422 crederem
631 2389 814 2434 prorsus
846 2374 1065 2417 nesciisse.
1145 2372 1262 2415 Nam
1298 2371 1343 2414 in
1379 2370 1529 2415 Praef.

131 2457 236 2503 vol.
259 2458 294 2501 1.
330 2472 377 2516 p.
399 2457 454 2502 X.
490 2456 763 2515 „Epistolas,
799 2454 964 2511 inquit,
1001 2452 1058 2496 ad
1097 2450 1149 2495 C.
1187 2450 1432 2495 Caesarem
1468 2450 1529 2496 de

131 2538 370 2598 republica
404 2536 667 2591 ordinanda,
687 2551 800 2594 quas
832 2535 981 2593 vulgo
1016 2531 1173 2576 incerti
1209 2532 1404 2576 auctoris
1433 2546 1528 2576 esse

129 2624 374 2673 autumant,
395 2618 550 2662 hanc
573 2615 643 2661 ob
678 2629 966 2660 caussam
988 2612 1175 2657 simul
1212 2627 1339 2657 cum
1372 2617 1526 2658 cete-

127 2699 213 2744 ris
249 2699 545 2745 Sallustii
580 2696 762 2743 libris
797 2694 980 2752 edidi,
1017 2692 1145 2755 quod
1179 2693 1296 2738 mila·
1331 2693 1524 2754 quidem
