1630 3034
437 161 793 207 IUGURTHA.
853 161 975 206 CAP.
1005 163 1201 208 XLVIII.
1426 171 1510 212 273

123 281 324 327 hostibus
362 280 582 341 cognitus,
618 278 751 323 animi
785 279 1076 340 popularium
1109 281 1288 335 tentati3
1326 288 1506 329 coactus

122 393 271 423 rerum
305 359 628 421 necessitudine
655 376 804 419 statuit
839 376 971 420 armis
1007 382 1191 422 certare.
1261 377 1402 439 Igitur
1422 393 1540 431 eir—2

121 476 300 536 plorato
343 472 539 517 hostium
578 472 732 516 itinere
770 472 814 516 in
857 488 985 532 spem
1028 472 1239 518 victoriae
1288 475 1508 521 adductus

122 587 178 616 ex
217 568 550 631 opportunitate
583 568 671 613 loci
721 584 856 627 quam
894 583 1124 613 maxumas
1166 576 1317 629 potest
1353 574 1506 633 copias

121 668 317 711 omnium
361 679 580 725 generum
620 671 783 724 parat,
847 680 900 707 ac
942 680 1026 724 per
1062 667 1258 710 tramites
1305 670 1506 714 occultos

121 763 362 809 exercitum
405 758 581 807 Metelli
623 760 857 805 antevenit.
927 760 1040 806 Erat
1075 762 1120 806 in
1155 778 1208 806 ea
1238 770 1368 823 parte
1404 766 1540 812 Nu—3

118 859 305 911 midiae,
343 873 478 917 quam
513 855 747 904 Adherbal
780 857 822 900 in
860 856 1072 902 divisione
1107 859 1383 919 possederat,
1419 861 1504 907 flu-

119 993 177 1035 id,
201 995 240 1027 ut
262 990 415 1037 plurima
438 991 567 1031 Cottii,
592 990 637 1026 ad
660 990 796 1025 somnia
818 989 983 1035 pertinet,
1008 1002 1098 1036 quae
1121 1003 1165 1026 ne
1188 992 1342 1037 speciem
1367 993 1506 1038 quidem

119 1053 196 1088 veri
215 1053 357 1087 habent.
876 1048 904 1076 ἢ

211 1114 244 1155 §.
268 1112 304 1148 3.
349 1112 386 1146 in
409 1111 576 1146 divisione
606 1112 832 1156 possederat]
866 1111 890 1146 i.
916 1122 947 1145 e.
979 1122 1087 1156 quum
1122 1112 1248 1148 divisio
1271 1113 1371 1148 fieret
1393 1115 1506 1159 possi-

118 1173 269 1208 dendam
291 1176 474 1216 acceperat
491 1171 566 1205 sive
587 1177 841 1216 occupaverat3
873 1182 907 1205 v.
933 1170 977 1205 ad
1001 1183 1030 1206 c.
1056 1172 1149 1216 XVI,
1173 1172 1208 1207 5.
1230 1193 1275 1199 —
1299 1176 1369 1209 Pro
1392 1177 1506 1211 millia

119 1234 250 1280 viginti
279 1234 388 1278 vulgo
418 1233 532 1267 editur
563 1233 675 1266 millia
707 1244 932 1278 passuum
955 1232 1107 1278 viginti,
1141 1239 1180 1267 ut
1205 1240 1254 1268 est
1272 1234 1306 1268 in
1329 1236 1506 1281 plerisque

119 1295 217 1329 codd.
264 1293 335 1328 Sed
355 1304 522 1338 passuum
554 1293 726 1327 vocabulo
763 1296 883 1327 carent
908 1292 1019 1327 Paris.
1044 1305 1073 1327 z.
1110 1298 1144 1328 et
1168 1294 1310 1329 Fabric.
1336 1297 1381 1336 1.,
1408 1297 1505 1332 codi-

120 1367 178 1390 ces
203 1353 438 1399 antiquissimi
470 1358 505 1389 et
537 1364 580 1387 ex
603 1353 724 1387 eodem
754 1354 849 1387 fonte
882 1352 1048 1396 derivati,
1080 1365 1228 1398 quorum
1261 1357 1506 1392 auctoritatem

120 1416 265 1462 egregie
288 1415 473 1450 coufirmat
495 1414 598 1448 Arus.
622 1415 727 1448 Mess.
751 1413 787 1446 in
810 1414 913 1456 θοι-ρ.
940 1414 1099 1451 Gramm.
1123 1416 1199 1450 Lat.
1226 1417 1300 1450 Vol.
1319 1417 1345 1450 1.
1370 1430 1404 1462 1)-
1418 1417 1504 1453 215.

118 1478 173 1513 ed.
192 1477 419 1512 Lindemann.
441 1475 495 1509 Ab
517 1473 825 1518 interpolatoribus
847 1473 1003 1509 additum
1023 1486 1099 1522 esse
1117 1487 1284 1520 passuum
1305 1478 1375 1511 hoc
1397 1479 1505 1513 etiam

120 1538 326 1572 documento
353 1539 425 1579 est,
461 1535 553 1579 quod
577 1534 613 1569 in
636 1534 822 1568 Eiusiedel.
845 1535 931 1569 Tur.
955 1536 989 1569 1.
1024 1537 1102 1573 Eri.
1128 1537 1219 1583 Teg.
1244 1541 1279 1572 et
1310 1538 1413 1573 Misn.
1437 1539 1506 1574 ista

120 1609 188 1633 vox
209 1601 285 1641 post
307 1597 438 1643 viginti
460 1597 614 1642 legitur,
638 1595 675 1629 in
697 1596 782 1632 Bas.
805 1595 839 1629 1.
863 1600 980 1630 autem
1005 1600 1040 1632 et
1064 1598 1174 1632 Paris.
1200 1610 1230 1633 c.
1256 1602 1369 1633 exstat
1392 1601 1504 1634 millia

119 1659 298 1693 habens
327 1668 542 1702 passuum
566 1657 715 1701 viginti,
741 1655 864 1690 scribis
886 1656 1129 1701 ignorantibus
1151 1658 1187 1692 in
1211 1659 1424 1704 designanda
1448 1660 1505 1696 iti-

118 1731 241 1754 nerum
264 1730 426 1753 mensura
446 1728 612 1763 passuum
643 1715 847 1760 saepissime
870 1717 1006 1760 omitti,
1040 1719 1082 1753 de
1105 1731 1174 1763 quo
1199 1732 1264 1754 usu
1287 1720 1439 1755 diximus
1461 1722 1506 1756 ad

117 1792 150 1815 c.
174 1780 312 1821 Lxxv,
336 1779 370 1815 2.
395 1798 438 1804 -—
465 1779 519 1812 Ab
550 1776 760 1822 praepositio
792 1788 897 1821 quam
929 1778 1004 1812 vim
1027 1779 1158 1813 habeat
1189 1779 1225 1813 in
1249 1780 1364 1814 verbis
1388 1787 1507 1816 vastus

119 1843 163 1876 ab
186 1846 318 1876 natura
339 1839 472 1884 patebit
494 1850 536 1872 ex
559 1837 661 1872 dictis
682 1838 727 1872 ad
752 1849 780 1870 c.
799 1838 890 1878 XIV,
908 1838 942 1871 2.
967 1839 1011 1873 cf.
1035 1831 1152 1874 Hand.
1177 1840 1220 1874 de
1243 1842 1394 1876 Particc.
1414 1843 1507 1879 Latt.

117 1903 196 1938 Vol.
219 1902 245 1936 Ι.
270 1914 305 1946 p.
329 1900 376 1934 57
391 1912 442 1944 sq.
491 1899 631 1934 Cortius
653 1902 834 1942 praeterea
856 1899 1013 1935 laudavit
1037 1901 1108 1937 Cic.
1133 1902 1175 1935 de
1200 1902 1273 1935 off.
1295 1903 1321 1945 1,
1346 1903 1402 1944 44,
1424 1902 1504 1938 155.

119 1964 171 1998 Ab
206 1962 400 1997 doctoribus
435 1966 539 2005 atque
570 1960 730 1993 doctrina
754 1960 934 2000 instructi5
967 1964 1001 1995 et
1032 1962 1153 1995 Planc.
1178 1962 1213 1995 in
1245 1962 1317 1996 Cic.
1346 1963 1433 2007 Epp.
1459 1962 1505 1997 ad

118 2025 260 2059 Famm.
282 2024 327 2064 X,
356 2022 412 2064 15,
435 2021 471 2056 3.
520 2021 571 2054 Ab
596 2020 753 2064 equitata
769 2021 906 2062 firmus.
955 2020 1118 2055 Ceterum
1142 2028 1260 2056 vastus
1285 2022 1329 2055 ab
1355 2023 1505 2057 humano

120 2085 215 2118 cultu
237 2083 360 2126 paullo
384 2080 552 2116 audacius
582 2084 616 2113 et
642 2079 845 2113 insolentius
867 2080 999 2114 dictum
1023 2081 1185 2122 videtui-3
1219 2093 1301 2116 nam
1327 2088 1506 2127 exspectes

120 2145 238 2189 potius
261 2148 379 2177 vastus
413 2142 459 2174 αδ
482 2141 516 2173 h.
550 2140 760 2181 incultu,
796 2151 864 2182 quo
897 2142 1068 2175 vocabulo
1091 2146 1215 2175 auctor
1239 2154 1320 2176 usus
1353 2148 1406 2177 est
1429 2144 1504 2178 Cat.

119 2205 189 2245 hv,
213 2204 246 2238 4.
294 2203 362 2236 Sed
383 2213 490 2245 quum
513 2206 631 2234 vastus
655 2200 865 2234 vocabulum
888 2201 1075 2246 negativae
1097 2201 1246 2236 notionis
1269 2203 1333 2244 sit,
1356 2202 1422 2236 ista
1446 2215 1508 2237 ne-

120 2264 229 2311 gandi
252 2263 305 2298 vis
328 2262 429 2307 quasi
454 2262 605 2306 quadam
633 2260 856 2304 cogitationis
878 2262 1084 2296 attractione
1107 2264 1315 2296 transfertur
1340 2263 1446 2298 etiam
1469 2264 1507 2297 in

120 2336 267 2367 nomen,
300 2324 349 2358 ita
373 2326 412 2357 ut
435 2333 531 2356 mons
555 2322 598 2354 ab
623 2322 772 2354 humano
797 2323 891 2355 cultu
914 2328 1080 2357 vastus
1103 2323 1295 2368 cogitetur,
1329 2323 1412 2367 quia
1433 2325 1506 2357 cul-

120 2391 176 2421 tus
200 2386 371 2419 humanus
405 2383 459 2416 ab
494 2394 541 2416 eo
573 2381 713 2415 abest.
767 2382 886 2416 Cultus
920 2384 1093 2417 vocabulo
1127 2383 1161 2417 in
1185 2383 1294 2417 simili
1317 2385 1507 2427 sententia,

119 2447 180 2481 sed
207 2446 280 2480 alia
304 2449 476 2479 structura
498 2454 579 2476 usus
601 2446 653 2475 est
676 2441 792 2476 Tacit.
817 2443 904 2475 Ann.
929 2444 972 2484 ll,
996 2443 1053 2485 24,
1078 2444 1111 2479 1,
1159 2444 1276 2483 Miles,
1300 2446 1429 2478 nullo
1464 2445 1507 2478 2'1-

122 2507 166 2541 lic
189 2507 365 2540 hominum
388 2506 535 2545 cultu,
561 2506 660 2546 same
683 2503 896 2546 absumptus.
920 2504 981 2547 111,
1007 2504 1064 2547 69,
1088 2504 1122 2538 4.
1172 2505 1325 2538 Insulam
1353 2505 1508 2547 Gyarum

122 2567 289 2602 immitem
320 2572 354 2601 et
385 2567 484 2600 sine
516 2566 642 2598 cultu
677 2563 853 2597 hominum
887 2575 970 2597 csse.
994 2583 1039 2589 —-
1068 2566 1175 2608 Quasi
1199 2564 1335 2598 Cortius
1360 2564 1509 2598 mirifice

123 2628 168 2663 ad
190 2629 285 2662 collis
307 2639 429 2662 vocem
454 2627 581 2667 refert,
612 2624 782 2660 declivem
804 2624 1023 2658 latitudinem
1048 2636 1089 2658 ex
1113 2625 1228 2659 medio
1253 2630 1370 2659 monte
1393 2625 1509 2658 orien-

123 2692 193 2722 tem
216 2699 285 2721 non
310 2700 392 2722 vere
413 2688 536 2721 collem
560 2687 619 2720 sed
651 2686 751 2730 quasi
780 2687 898 2719 collem
931 2686 1061 2719 dictam
1094 2690 1241 2729 putans,
1276 2685 1367 2728 qnod
1400 2696 1509 2729 paene

124 2748 312 2782 absurdum
336 2752 397 2783 est.
443 2747 588 2783 Rectius
621 2746 710 2782 vidit
734 2746 944 2782 Gerlachius
969 2747 1068 2791 quasi
1091 2746 1127 2779 h.
1152 2747 1177 2780 1.
1213 2746 1256 2780 ad
1280 2746 1393 2781 medio
1416 2746 1508 2780 refe-

193 2819 248 2863 11.
1166 2817 1231 2862 18
