1630 3034
90 193 176 235 128
468 186 511 228 C.
543 184 859 229 SALLUSTI
891 184 1123 228 CRISPI*

60 317 235 365 gquam
282 302 558 347 metuendus.
640 303 782 363 Igitur
837 317 892 346 ex
941 301 1188 361 improviso
1238 301 1335 345 finis
1391 303 1484 346 eius

95 418 198 446 cum
234 415 401 460 magna
437 414 571 444 manu
607 399 796 456 invadit,
828 399 991 444 multos
1027 398 1225 445 mortalis
1262 412 1365 441 cum
1399 413 1485 458 pe—

96 514 200 543 core
236 503 371 555 atque
408 496 492 540 alia
527 496 699 556 praeda
735 496 870 556 capit,
906 494 1111 539 aedificia
1139 494 1359 551 incendit,
1383 494 1487 554 ple-

62 603 241 654 4raque
288 594 389 637 loca
435 592 656 636 hostiliter
703 607 805 637 cum
847 593 1047 651 equitatu
1091 591 1288 648 accedit,
1325 590 1489 634 deinde

97 675 212 737 cum,
245 691 366 735 omni
408 689 687 734 multitudine
740 690 785 733 in
836 704 1031 749 regnum
1085 703 1213 732 suum
1257 682 1505 744 convortit‚⁴

95 790 364 834 existumans
418 786 576 830 dolore
636 792 894 845 permotum
951 785 1261 830 Adherbalem
1314 784 1490 827 iniurias

97 902 196 931 suas
228 899 362 929 manu
397 882 747 939 vindicaturum,
793 897 983 941 eamque
1014 896 1110 926 rem
1146 881 1254 925 belli
1291 895 1491 925 caussam

95 1076 172 1122 quis
204 1085 357 1120 unquam
389 1073 497 1107 civem
529 1073 714 1107 militemve
748 1082 829 1117 opp
840 1084 858 1106 ο
872 1077 913 1106 rt
924 1085 947 1106 u
958 1085 1013 1106 nu
1024 1084 1058 1106 m
1094 1071 1271 1105 iniuria
1285 1082 1302 1104 e
1342 1071 1493 1109 duceret.

95 1138 194 1171 Flor.
228 1137 276 1170 lv
292 1163 300 1177 ‚
335 1135 356 1168 4
372 1161 381 1176 ,
415 1134 450 1168 2.
475 1139 632 1168 tenerum
646 1159 657 1175 ‚
681 1134 861 1167 obnoxium
885 1139 920 1167 et
944 1138 1253 1178 opportunum
1277 1131 1494 1165 iniuriae

98 1200 268 1240 iuvenem.
292 1196 337 1230 cf.
363 1195 539 1228 Drakenb.
564 1195 608 1228 ad
631 1194 708 1228 Liv.
734 1196 831 1228 XXV
845 1220 855 1236 ,
879 1195 926 1228 30
937 1220 947 1236 ,
971 1194 1004 1228 3.

191 1258 224 1302 §.
247 1255 368 1291 3—5.
416 1255 567 1298 invadit]
593 1255 731 1289 Curtius
755 1256 846 1289 nihil
870 1255 1004 1289 monito
1036 1255 1167 1288 lectore
1198 1252 1308 1287 edidit
1340 1252 1495 1292 invasit3
1557 1283 1560 1289 Ξ

98 1319 158 1353 sed
182 1330 291 1363 quum
315 1326 435 1350 omnes
460 1315 612 1348 aliorum
633 1316 770 1350 codices
794 1328 955 1360 praesens
979 1317 1155 1357 habeant,
1180 1314 1240 1348 vix
1265 1313 1410 1347 dubium
1434 1316 1498 1354 est,

97 1379 183 1423 quin
208 1377 436 1422 praeteritum
462 1377 622 1411 codicum
646 1377 853 1411 auctoritate
875 1387 1019 1420 prorsus
1051 1375 1285 1416 destituatur,
1318 1380 1355 1409 et
1378 1385 1419 1408 eo
1443 1373 1498 1408 in-

97 1439 171 1473 vito
194 1439 231 1473 in
255 1443 387 1473 textum
410 1438 599 1483 irrepserit.
621 1458 666 1463 —-
692 1439 826 1472 Deinde
853 1437 991 1471 curtius
1024 1447 1088 1480 pro
1119 1446 1218 1469 more
1249 1447 1313 1470 suo
1348 1435 1499 1469 mutavit

97 1499 133 1533 in
167 1501 266 1541 dein,
303 1511 517 1543 quamquam
550 1511 640 1533 unus
665 1503 801 1533 tantum
825 1499 907 1532 Scn.
931 1497 964 1530 1.
989 1496 1040 1530 ita
1064 1497 1194 1539 habet,
1223 1496 1280 1531 cui
1305 1496 1499 1539 scripturae

98 1561 190 1595 nihil
223 1560 388 1604 praesidii
420 1571 462 1593 eo
494 1564 565 1601 est,
600 1561 693 1603 quod
726 1560 845 1595 Guelf.
870 1559 904 1593 7.
931 1558 1052 1592 dehinc
1077 1556 1237 1592 ostendit.
1285 1555 1500 1591 Nihilomiufl

100 1620 312 1655 Gerlacbius
343 1621 378 1654 in
410 1621 496 1655 mai.
526 1621 578 1654 etl.
605 1621 763 1655 Cortium
801 1624 939 1655 secutus
972 1622 1036 1654 est.
1062 1637 1107 1642 —
1132 1619 1202 1651 Pro
1227 1617 1396 1650 convertit
1420 1627 1499 1660 per-

98 1681 203 1727 pauci
239 1681 338 1715 codd.
373 1681 507 1715 habent
539 1692 583 1715 se
618 1682 806 1722 convertit,
843 1679 904 1714 alii
938 1680 1198 1718 convertitur,
1237 1666 1499 1720 utrumquem:

97 1742 376 1786 interpolatione.
401 1743 442 1776 V.
468 1743 512 1776 ad
536 1742 611 1776 cat.
636 1743 703 1783 Vl,
735 1743 771 1776 7.
801 1761 847 1766 —
880 1741 1004 1774 Dolore
1036 1744 1229 1784 permotum
1262 1738 1499 1771 Adherbalem

100 1814 220 1836 omnes
243 1803 450 1837 confirmant
473 1803 585 1837 Coi-tii
608 1803 707 1836 codd.
726 1829 734 1844 ‚
759 1802 912 1845 quinque
935 1800 1110 1845 exceptis;
1136 1799 1285 1832 eundem
1310 1798 1499 1831 verborum

99 1864 257 1897 ordinem
294 1864 424 1898 habent
456 1865 557 1898 codd.
591 1864 711 1905 Rivii,
744 1868 779 1897 et
810 1863 839 1896 si
872 1874 913 1896 ex
947 1861 1085 1895 silentio
1119 1859 1294 1893 editorum
1317 1863 1368 1893 est
1391 1870 1499 1903 argu-

100 1925 347 1966 mentandum,
373 1925 479 1959 etiam
506 1925 670 1966 Gruter-i,
695 1923 826 1957 Wassii
850 1927 884 1956 et
909 1923 982 1955 Eri.
1007 1933 1087 1956 cum
1105 1922 1296 1966 'l'egerns‚;
1321 1924 1503 1964 praeterea

100 1986 195 2019 Med.
219 1984 253 2019 4.
279 1985 313 2021 6.
336 1985 370 2019 9.
396 1985 582 2021 Einsiedel.
610 1986 700 2021 Tur.
723 1985 758 2019 1.
782 1983 922 2018 Relicui
946 1984 1078 2017 babent
1106 1983 1256 2017 Adherb.
1283 1983 1399 2015 dolore
1419 1993 1503 2026 per-

99 2052 250 2088 motum,
288 2057 392 2089 quem
426 2047 582 2080 ordinem
616 2047 779 2090 Cortum,
817 2050 1005 2089 praeeunte
1039 2044 1169 2085 Rivio,
1211 2047 1305 2076 recte
1335 2041 1533 2078 descruit-,-

99 2108 190 2143 Nam
215 2108 326 2141 multo
350 2108 495 2153 gravius
516 2112 570 2142 est
592 2111 627 2142 et
650 2107 702 2142 rei
727 2106 1010 2149 convenientius,
1035 2116 1217 2146 caussam,
1242 2114 1310 2147 qua
1328 2102 1503 2148 Iugurtha

99 2169 338 2204 Adherbalem
371 2169 415 2202 ad
447 2169 625 2214 agendum
664 2168 853 2212 impulsum
887 2167 931 2200 iri
966 2167 1143 2207 crederet,
1174 2164 1370 2210 praemitti,
1395 2174 1503 2208 quum

99 2221 328 2274 appositionis
359 2229 468 2263 instar
499 2229 707 2263 secundario
738 2230 816 2262 loco
850 2227 1135 2262 commemorari.
1160 2226 1207 2259 cf.
1241 2228 1361 2259 notata
1392 2225 1438 2259 ad
1470 2236 1501 2258 c.

101 2292 185 2332 Vll,
222 2291 253 2324 1.
280 2310 324 2315 ——
352 2291 502 2323 [niurias
537 2301 647 2323 suas
671 2290 693 2323 ἰ.
720 2300 751 2323 e.
784 2288 852 2322 sibi
889 2288 1029 2328 inatus3
1068 2298 1100 2320 v,
1127 2286 1170 2320 ud
1197 2286 1272 2320 Cat.
1298 2286 1362 2329 LI,
1388 2285 1445 2320 11.
1468 2297 1521 2330 p„

100 2351 183 2386 2⁴3.
208 2351 284 2395 lug.
310 2351 408 2392 xlv,
435 2350 469 2384 8.
498 2350 680 2392 LXXXII,
704 2349 739 2384 3.
766 2369 810 2375 —
836 2350 924 2382 Erat
949 2351 1027 2392 post
1043 2349 1178 2390 frctus,
1204 2345 1366 2390 quamvis
1389 2345 1503 2379 omni-

103 2413 168 2445 bua
204 2411 346 2446 omnino
380 2411 478 2444 codd.
515 2411 719 2454 firmatum,
761 2410 880 2443 Coi-tio
916 2409 1019 2441 valde
1055 2408 1248 2451 displicuit3
1293 2407 1377 2451 quid
1412 2405 1505 2450 quod

105 2468 296 2505 Gerlacbio
334 2476 406 2505 tnm
439 2475 535 2506 certo
566 2471 740 2515 persuasit
775 2482 795 2504 a
821 2470 967 2503 librario
991 2469 1173 2513 appictum
1198 2479 1291 2509 esse,
1316 2468 1374 2511 qni
1397 2467 1504 2502 etiam

106 2533 257 2565 alterum
283 2533 481 2566 membrum
509 2544 530 2566 a
555 2534 646 2577 qnod
669 2531 818 2575 pendero
842 2530 1020 2571 crederet,
1051 2534 1090 2563 ut
1114 2529 1143 2562 is
1169 2528 1203 2562 in
1230 2529 1439 2563 Commentt.
1470 2537 1503 2570 p·

103 2591 185 2626 247.
221 2593 365 2625 fidenter
399 2593 581 2626 delendum
615 2605 689 2626 csso
713 2591 1024 2635 pronunciaverit,
1059 2601 1166 2633 quum
1199 2588 1504 2624 insolentissimum

105 2652 172 2694 sit,
207 2657 240 2686 ct
277 2653 500 2697 participium
536 2654 686 2687 eundem
716 2652 789 2685 vim
824 2657 929 2694 atque
965 2652 1111 2684 verbum
1147 2650 1284 2683 finitum
1309 2659 1330 2681 a
1353 2646 1503 2680 cnuasali

106 2713 280 2757 particula
315 2721 435 2756 aprum
469 2715 609 2749 babent.
671 2715 749 2755 Quo
780 2712 909 2746 iudicio
935 2711 992 2745 i-ti
1018 2712 1084 2745 viri
1109 2723 1144 2745 se
1168 2709 1352 2744 ostendunt
1376 2707 1502 2740 inteni-

105 2775 219 2819 gcndo
247 2775 340 2807 nibil
374 2775 580 2819 intelliget-v.
639 2774 778 2818 Quippe
813 2773 1076 2813 intellexerunt,
1124 2770 1214 2813 qnod
1258 2769 1364 2803 etiam
1405 2767 1504 2811 pueri
