1630 3034
441 199 802 243 IUGURTHA.
866 200 1001 242 CAP.
1032 199 1213 242 LXXV.
1435 204 1519 243 397

132 333 272 377 raque
317 319 491 378 lignea,
531 318 718 361 collecta
754 332 809 362 ex
843 318 1028 377 tuguriis
1064 316 1370 363 Numidarum.
1441 315 1553 361 Ad5

131 415 220 459 hoc
254 415 464 459 finitumis
491 415 704 474 imperat,
740 414 816 472 qui
847 429 894 457 se
925 421 1029 473 post
1063 414 1183 474 regis
1219 414 1375 474 fugam
1411 390 1517 456 Me—

129 513 235 556 tello
273 512 512 566 dederant,
557 526 692 569 quam
728 510 970 570 plurimum
1007 510 1194 569 quisque
1231 525 1374 569 aquae
1406 524 1515 569 por—

127 663 302 704 XXXYH,
327 661 360 698 6.
385 675 422 707 p,
446 661 528 695 173.
556 680 597 686 —-
639 661 763 694 Forent
779 687 787 700 ,
820 659 912 703 quod
936 670 1015 692 cum
1042 659 1194 692 Grutero
1219 666 1252 693 et
1275 659 1380 703 Bipp.
1407 658 1517 694 edidi-

125 733 224 764 mus,
260 734 380 757 veram
403 727 565 766 putamus
587 721 816 764 scripturam,
853 730 1065 764 quamquam
1090 720 1198 753 dubia
1220 720 1342 753 nititur
1364 720 1433 753 fide
1455 731 1513 753 co-

124 783 252 817 dicum.
300 783 389 818 Nam
422 783 503 816 licet
528 782 562 816 in
596 781 756 815 omnibus
788 780 863 813 edd.
898 780 1151 823 antiquioribus
1180 780 1230 814 ita
1260 780 1427 824 scriptum
1459 780 1515 817 sit.

123 849 242 878 tamen
265 856 375 887 neque
399 844 589 885 Gruterus,
614 853 726 886 neque
749 840 920 882 u'assiurz
945 853 1057 884 neque
1083 841 1238 885 priorum
1263 841 1448 885 quisquam
1473 843 1515 875 de

123 905 283 938 codicum
306 905 479 949 scriptura
503 905 610 937 verbo
635 902 781 936 monuit.
806 902 884 934 Hoc
905 901 1085 936 silentium
1114 913 1156 936 eo
1181 902 1368 936 admodum
1392 915 1513 947 suspe-

121 968 216 998 ctum
245 965 307 1007 fit,
331 964 421 1008 quod
446 965 482 998 in
506 965 569 1006 iis,
603 965 663 1008 qui
689 968 807 1007 postea
831 962 876 996 ab
902 963 1020 997 Cortio
1037 989 1046 1006 ‚
1077 963 1337 1007 Havercampio
1362 968 1394 997 et
1419 964 1512 996 Ger-

121 1025 242 1059 lachio
269 1025 392 1059 collati
415 1029 515 1067 sunt,
548 1026 622 1058 fere
650 1024 830 1064 omnibus,
863 1023 1155 1067 quemadmodum
1180 1023 1285 1057 etiam
1318 1024 1354 1057 in
1378 1023 1514 1063 nostris,

121 1089 173 1119 est
189 1087 323 1129 suerit3
359 1085 395 1119 in
420 1086 537 1120 Guelf.
563 1086 596 1120 3.
625 1086 784 1129 fuerint‚·
816 1084 851 1118 in
886 1085 965 1119 Bas.
999 1083 1033 1118 4.
1060 1087 1229 1128 suerunt3
1262 1083 1297 1117 in
1328 1084 1452 1118 Franc.
1478 1087 1513 1118 et

120 1145 230 1180 Vatic-
260 1146 294 1180 2.
317 1148 409 1186 sint,·
434 1146 469 1180 in
494 1147 600 1180 Bern.
627 1146 657 1179 l.
676 1148 797 1188 foret,
823 1150 857 1178 et
881 1144 916 1177 in
942 1156 1022 1187 uno,
1049 1151 1215 1188 quantum
1240 1143 1363 1177 coniici
1389 1148 1512 1188 potest,

121 1207 239 1241 Guelf.
263 1206 296 1241 8.
317 1210 448 1250 sorent-
497 1207 550 1240 Ex
570 1207 625 1240 his
640 1207 779 1250 suerint
803 1205 920 1239 Cortio
947 1206 1144 1249 probatum,
1162 1206 1275 1249 fuerit
1300 1205 1512 1245 Gerlaclii03

118 1268 178 1302 sed
204 1271 390 1311 utrumque
413 1267 668 1312 grammaticae
693 1271 878 1311 repugnat.
927 1265 1016 1299 Nam
1041 1266 1131 1309 quod
1156 1265 1366 1300 Basileensis
1399 1266 1512 1300 editor

120 1327 226 1362 dicit:
264 1329 482 1371 „perfectum
508 1325 687 1372 ἀορίστως
711 1328 861 1372 positum
887 1325 1048 1366 videtur,
1073 1326 1116 1359 cf.
1142 1326 1239 1370 Virg.
1264 1325 1348 1359 Aen.
1374 1327 1432 1368 vl,
1451 1326 1509 1361 78.

117 1399 286 1434 magnum
310 1389 340 1422 si
369 1394 506 1432 pectore
535 1389 643 1432 possit
678 1388 938 1421 excussisse
976 1386 1077 1418 deum
1088 1386 1124 1426 ,“
1148 1384 1183 1418 id
1207 1387 1357 1420 multum
1382 1398 1403 1421 a
1425 1398 1510 1421 vero

118 1449 310 1490 abhorret,
341 1460 448 1491 quum
473 1460 584 1492 neque
607 1448 749 1493 Virgilii
774 1449 870 1481 locus
893 1444 1014 1481 antisti
1038 1449 1241 1489 potestatem
1266 1447 1418 1489 habeat,
1448 1459 1510 1481 ne-

118 1520 186 1552 que
215 1508 303 1541 haec
336 1509 457 1543 aoristi
497 1514 648 1552 potestas
683 1508 727 1541 ad
766 1507 1016 1540 coniunctivurn
1058 1506 1227 1550 pertineat
1260 1508 1334 1552 (cf.
1368 1509 1506 1553 Zumpt.

119 1569 280 1604 Gratum.
310 1570 384 1603 Lat.
413 1571 444 1612 §.
469 1569 526 1611 76,
551 1570 648 1613 1⁰),
674 1579 806 1612 neque,
834 1567 863 1600 si
887 1566 923 1600 in
955 1567 1023 1599 hoc
1054 1566 1158 1600 modo
1183 1567 1324 1611 inesset,
1348 1569 1507 1604 Sallustii

116 1630 305 1665 sententiae
327 1630 535 1664 conveniret.
583 1630 652 1672 Qui
677 1629 769 1662 enim
793 1628 920 1661 aori-to
944 1627 1040 1660 locus
1064 1639 1140 1660 esse
1163 1633 1272 1671 potest
1296 1630 1331 1664 in
1354 1636 1445 1665 certo
1464 1643 1506 1665 ac

117 1692 257 1735 definito
283 1691 402 1734 aliquo
426 1695 583 1734 tempore
606 1688 873 1724 constituendo?
906 1689 991 1722 Huc
1012 1688 1165 1729 accedit,
1197 1691 1287 1733 quod
1303 1716 1314 1733 ,
1349 1691 1379 1725 si
1394 1693 1507 1735 suerit

116 1751 315 1796 scripseris,
339 1756 380 1800 ut
404 1751 546 1795 plurimi
570 1751 670 1784 codd.
694 1751 859 1793 suadent,
884 1749 919 1783 id
946 1760 1014 1782 non
1038 1749 1082 1783 ad
1107 1750 1215 1783 aliam
1242 1761 1374 1792 vocem,
1400 1762 1508 1796 quam

116 1816 177 1846 aut
201 1812 244 1846 ad
275 1812 453 1846 Metellum
478 1818 540 1846 aut
573 1812 616 1846 ad
642 1822 770 1856 aquam
795 1814 857 1844 aut
888 1811 931 1844 ad
960 1811 1103 1855 quisque
1134 1811 1258 1845 referri
1291 1815 1422 1855 potest3
1445 1812 1506 1846 sed

114 1873 222 1907 verbo
254 1873 298 1907 ad
335 1874 513 1907 Metellum
545 1873 657 1906 relato
690 1871 858 1906 sententia
890 1871 1008 1914 inepta
1033 1872 1092 1913 fit,
1117 1873 1160 1906 ad
1189 1883 1340 1916 aquam,
1372 1872 1506 1905 incom-

114 1933 238 1975 moda,
262 1933 428 1978 quoniam
451 1933 588 1967 Metelli
612 1931 799 1975 imperium
815 1957 825 1973 ‚
863 1936 899 1965 ut
927 1937 1068 1975 praesto
1093 1933 1274 1972 adessent,
1305 1932 1432 1967 rectius
1458 1934 1505 1967 ad

114 1994 286 2035 homines,
327 1994 387 2037 qui
419 2004 549 2037 aquam
580 1998 719 2036 portare
752 1989 836 2024 iussi
868 1996 985 2031 erant,
1019 2003 1125 2036 quam
1161 1993 1206 2027 ad
1237 2002 1366 2035 aquam
1391 1992 1508 2037 ipsam

114 2059 267 2098 spectat,
297 2064 443 2097 eamque
466 2054 512 2088 ob
537 2063 696 2086 caussam
721 2062 763 2084 ne
796 2051 840 2084 ad
873 2051 1014 2096 quisque
1037 2052 1177 2095 quidem
1201 2052 1295 2086 trahi
1319 2052 1423 2094 licet,
1455 2053 1505 2087 si-

114 2114 255 2159 quidem
289 2113 435 2158 pluralis
474 2112 611 2146 numeri
643 2113 738 2146 notio
773 2112 808 2145 in
846 2112 915 2145 hac
949 2112 1117 2147 sententia
1149 2112 1198 2147 ita
1231 2113 1431 2156 praevalet,
1466 2118 1505 2147 ut

115 2174 317 2219 interposito
342 2174 377 2208 in
409 2172 613 2207 secundaria
642 2171 883 2206 enunciatione
914 2172 1118 2215 pronomine
1141 2172 1320 2207 obscurari
1344 2179 1504 2218 nequeat.

114 2235 215 2279 Quae
237 2234 463 2268 difficultates
495 2245 603 2277 quum
634 2234 803 2267 tollantur
826 2244 967 2275 omnes,
998 2232 1028 2266 si
1053 2235 1171 2276 forent
1194 2233 1401 2277 scripseris,
1434 2234 1504 2268 hoc

114 2296 230 2340 ipsum
261 2295 347 2330 satis
379 2294 598 2328 commendat
626 2293 796 2328 rationem
819 2297 992 2335 nostram,
1025 2304 1131 2337 quam
1154 2293 1299 2328 ducibus
1323 2295 1441 2329 Guelf.
1465 2295 1500 2332 8.

114 2362 150 2392 et
170 2357 276 2391 Bem.
301 2357 333 2390 1.
359 2354 543 2396 inivimus,
567 2354 824 2398 quodammodo
848 2353 956 2388 etiam
984 2354 1124 2388 iuvante
1148 2354 1332 2389 Franciani
1354 2355 1503 2400 scriptu-

113 2429 155 2452 ra
176 2418 266 2459 sint,
291 2427 380 2460 quae
405 2415 626 2460 interpolatio
651 2415 746 2449 haud
770 2414 874 2448 dubie
906 2426 974 2448 non
1007 2415 1050 2448 ad
1074 2415 1209 2457 fuerit,
1233 2416 1294 2451 sed
1317 2416 1361 2451 ad
1378 2418 1502 2459 forent

113 2478 270 2523 pertinet.
317 2477 524 2521 Corruptela
555 2481 673 2510 autem
706 2475 810 2509 huius
842 2475 911 2509 loci
933 2485 1042 2518 quum
1066 2474 1306 2518 antiquissima
1327 2476 1393 2518 sit,
1425 2479 1500 2512 tum

113 2551 156 2573 eo
179 2542 257 2573 orta
280 2537 417 2572 videtur
431 2562 440 2580 ,
463 2535 556 2580 quod
579 2535 694 2570 scriba
718 2536 880 2580 quidam,
914 2539 1010 2570 ratus
1031 2540 1172 2579 praesto
1196 2547 1268 2570 esse
1291 2536 1332 2570 de
1355 2537 1502 2571 Metello

113 2600 190 2643 ipso
212 2598 477 2643 intelligendum
501 2608 597 2638 esse,
626 2599 746 2639 forent
769 2596 804 2630 in
825 2597 935 2640 fuerit
959 2595 1120 2631 mutavit.
1170 2595 1322 2637 Cottius,
1348 2597 1440 2640 quod
1464 2596 1499 2630 in

115 2663 211 2693 tanta
239 2658 313 2692 eius
342 2658 491 2693 andacia
530 2668 597 2691 non
628 2655 785 2698 mireris,
821 2667 889 2689 non
923 2656 1036 2690 solum
1070 2656 1159 2690 haec
1194 2656 1262 2691 tria
1285 2657 1411 2700 verba,
1440 2657 1498 2691 sed

114 2719 222 2755 etiam
242 2732 347 2765 prae,
372 2720 407 2753 in
428 2718 620 2764 praedicit,
649 2721 818 2761 tanquam
843 2717 887 2750 ab
912 2716 1162 2760 interpolatore
1185 2717 1344 2761 profecta
1359 2743 1369 2759 ‚
1392 2717 1498 2751 deleri

114 2779 216 2823 cupit.
269 2779 444 2813 praedicit
466 2782 584 2813 autem
607 2776 752 2811 minime
774 2776 1032 2811 sollicitandum
1056 2781 1131 2819 est,
1156 2776 1283 2820 qnippe
1304 2777 1400 2819 qnod
1424 2787 1500 2809 ver-
