1630 3034
177 175 234 215 48
531 169 577 214 C.
617 173 962 215 SALLUSTI
994 173 1216 216 CRISPI

133 299 159 338 3
180 286 367 331 Duabus
400 287 471 331 his
505 288 697 346 artibus,
733 288 921 333 audacia
955 289 999 333 in
1034 289 1180 344 belle,
1215 289 1294 334 ubi
1325 305 1417 351 pax
1455 305 1566 338 eve-

178 384 304 422 nerat
355 379 578 437 aequitate
629 395 767 439 seque
817 395 1002 438 remque
1053 379 1284 438 publicam
1332 384 1564 428 curabant.
1612 373 1629 435 s

117 463 156 522 '4
179 470 383 524 Quarum
437 486 587 516 rerum
632 487 722 531 ego
765 471 985 516 maxuma'
1009 470 1281 516 documenta
1323 472 1442 520 haec
1476 475 1566 520 ha-
1621 467 1627 473 ⁸

176 562 289 618 beo,
346 562 472 620 quod
505 563 550 606 in
585 564 706 607 bello
759 563 933 623 saepius
967 562 1239 608 vindicatum
1283 571 1349 609 est
1391 566 1436 610 in
1471 582 1563 624 eos,

175 672 267 707 ratio
292 676 411 707 autem
434 685 543 718 quum
568 684 590 708 a
612 674 720 708 verbo
744 673 913 717 pendeat,
938 671 1116 716 sequitur,
1149 676 1189 708 ut
1211 672 1339 718 duplex
1369 675 1435 711 illa
1457 687 1564 712 accu-
1622 704 1630 708 .

174 729 280 763 sativi
303 734 338 764 et
361 731 507 766 ablativi
530 732 739 766 constructio
762 736 837 765 tum
860 736 996 765 tantum
1018 730 1142 773 liceat,
1175 732 1237 766 ubi
1259 734 1406 768 verbum
1430 734 1564 779 duplici

175 787 281 822 modo
305 789 414 832 possit
437 789 599 834 cogitari.
656 791 735 824 Hoc
759 794 877 823 autem
901 790 961 830 fit,
997 788 1057 822 ubi
1080 789 1221 822 verbum
1244 788 1299 824 ita
1322 797 1564 836 comparatum

173 848 245 886 est,
277 849 315 879 ut
347 850 382 880 et
411 858 475 889 per
509 847 545 880 in
577 846 867 890 praepositionem
903 846 1102 881 acussativo
1133 846 1292 881 iunctam
1322 861 1402 883 cum
1426 850 1564 885 obiecto

174 901 294 945 aliquo
319 906 414 937 arcte
437 905 631 946 coalescat,
663 915 754 947 quae
778 903 938 948 vulgaris
962 907 1014 938 est
1036 903 1149 946 ratio,
1174 909 1210 939 et
1233 906 1389 940 absolute
1411 906 1564 952 cogitari

173 960 302 1003 possit,
335 961 385 995 ita
408 965 447 994 ut
470 960 542 993 vim
564 972 665 995 suam
688 973 755 995 non
780 960 816 995 in
839 962 1015 995 obiectum
1039 966 1197 1003 exserat,
1227 963 1286 996 sed
1311 975 1374 1007 per
1396 975 1433 997 se
1455 975 1563 1009 gene-

174 1017 244 1051 rali
277 1029 379 1050 sensu
403 1017 556 1061 positum
588 1019 707 1053 addito
731 1019 887 1053 ablativo
924 1031 1004 1052 cum
1027 1020 1063 1053 in
1088 1019 1344 1064 praepositione
1365 1021 1564 1056 accuratius

175 1074 377 1115 definiatur,
411 1074 538 1118 quippe
569 1087 637 1119 quo
671 1088 726 1110 res
756 1076 820 1110 illa
853 1076 1090 1121 significetur,
1124 1077 1160 1111 in
1193 1089 1262 1121 qua
1294 1079 1455 1113 absoluta
1486 1079 1563 1113 eius

173 1132 267 1165 aetio
302 1135 483 1173 versatur,
518 1133 576 1166 vel
609 1144 699 1177 quae
728 1134 860 1169 actioni
894 1146 1056 1168 caussam
1090 1139 1150 1168 aut
1184 1134 1358 1179 originem
1384 1136 1561 1180 praebuit.

172 1189 297 1222 Talem
321 1189 420 1221 verbi
443 1201 524 1223 cum
547 1191 704 1225 ablativo
728 1192 900 1226 coniuncti
917 1193 1088 1226 rationem
1109 1192 1140 1225 si
1160 1192 1390 1236 explicaveris
1407 1194 1563 1228 formula

172 1247 262 1290 quod
287 1246 414 1280 attinet
439 1248 505 1288 ad,
553 1247 692 1292 (germ.
717 1249 753 1282 in
777 1250 932 1292 Betreff,
968 1250 1003 1283 in
1027 1251 1152 1294 Bezug
1179 1250 1260 1292 auf,
1291 1261 1366 1285 was
1390 1252 1560 1296 anlangt)

170 1305 246 1338 vim
284 1303 551 1338 constructionis
583 1306 687 1348 plane
720 1307 829 1340 fueris
868 1312 1066 1350 assecutus,
1103 1308 1309 1351 nullumque
1341 1308 1458 1342 locum
1490 1319 1562 1343 non

170 1361 343 1406 expedies.
401 1361 464 1395 Sic
497 1366 616 1396 nostro
648 1364 728 1398 loco
750 1365 878 1408 fideles
911 1370 1013 1400 erant
1049 1367 1085 1398 in
1121 1366 1244 1398 amicis
1275 1365 1477 1409 neutiquam
1509 1365 1563 1401 ita

170 1420 365 1463 cogitatur,
399 1424 438 1453 ut
461 1419 554 1454 idem
580 1421 624 1455 sit
649 1426 753 1464 atque
786 1422 822 1454 in
846 1423 993 1463 amicos,
1027 1421 1087 1455 sed
1110 1422 1225 1465 primo
1249 1423 1407 1456 absolute
1427 1422 1562 1457 inteni-

168 1478 266 1521 gitur
296 1478 415 1516 fideles
445 1483 566 1519 erant,
601 1477 657 1510 cui
693 1476 826 1511 notioni
857 1479 1054 1512 accuratius
1087 1479 1303 1513 definiendae
1326 1480 1491 1514 adiicitur
1522 1481 1560 1514 in

169 1536 300 1576 amicis,
326 1536 361 1568 h.
387 1547 417 1569 e.
441 1536 534 1578 quod
556 1535 681 1569 attinet
705 1534 749 1568 ad
774 1534 929 1577 amicos,
953 1537 1028 1570 sive
1054 1542 1211 1581 respectu
1236 1537 1442 1571 amicorum.
1487 1538 1560 1582 Ap-

169 1599 266 1637 paret
298 1593 427 1637 igitur,
462 1593 536 1626 sive
559 1592 777 1626 accusativus
800 1598 971 1636 ponatur,
1002 1595 1077 1628 sive
1109 1595 1309 1638 ablativus,
1344 1607 1419 1629 rem
1444 1595 1560 1639 ipsam

168 1651 309 1694 quidem
342 1662 412 1683 non
445 1650 596 1692 mutari,
629 1651 688 1684 sed
723 1650 794 1685 alia
837 1656 971 1685 tantum
1004 1652 1216 1696 cogitatione
1248 1656 1365 1686 mente
1408 1651 1559 1696 concipi.

167 1709 282 1742 Simul
306 1707 537 1751 perspicitur,
562 1719 774 1752 quamquam
797 1713 984 1752 utrumque
1008 1711 1157 1753 probum
1181 1709 1248 1751 sit,
1273 1711 1407 1743 saevire
1431 1709 1467 1743 in
1489 1710 1559 1744 ali-

167 1777 286 1810 quem,
312 1769 345 1798 et
368 1768 503 1800 saevire
527 1767 563 1800 in
588 1767 722 1810 aliquo,
748 1769 865 1799 tamen
890 1773 1094 1810 propterea,
1120 1773 1159 1801 ut
1182 1767 1251 1801 hoc
1273 1774 1372 1809 utar,
1396 1778 1464 1801 non
1488 1767 1558 1802 dici

167 1835 267 1868 posse
294 1824 465 1866 proficisci
494 1824 530 1856 in
557 1823 744 1856 Graeciam
775 1827 810 1857 et
840 1824 876 1856 in
904 1824 1072 1863 Graecia,
1109 1825 1191 1868 quia
1216 1824 1388 1869 posterius
1409 1825 1558 1858 verbum

166 1893 234 1915 non
259 1881 408 1925 cogitari
441 1884 569 1925 potest,
604 1880 672 1914 nisi
695 1880 765 1923 ita,
798 1885 836 1915 ut
858 1880 1084 1916 intentionem
1117 1882 1153 1916 in
1177 1883 1247 1926 alq.
1271 1893 1346 1916 rem
1370 1881 1558 1927 significet,

166 1940 257 1983 quod
281 1950 377 1972 secus
401 1943 452 1972 est
476 1939 510 1971 in
536 1938 662 1982 priore.

257 1999 288 2039 ς.
313 1996 347 2030 ⁴.
395 1997 431 2029 in
455 1997 560 2039 bello]
597 1996 697 2029 Haec
720 1995 828 2029 verba
853 1996 992 2030 Coi-tius
1028 1996 1127 2030 vanis
1154 1995 1411 2041 suspicionibus
1434 1995 1557 2032 ductus

165 2055 279 2097 eiecit,
304 2066 346 2088 ne
370 2066 439 2088 uno
464 2054 605 2098 quidem
628 2053 749 2087 codice
769 2053 988 2098 suffragante
1011 2058 1045 2088 et
1069 2056 1170 2098 plane
1194 2060 1315 2089 contra
1337 2054 1556 2097 sententiam,

164 2115 247 2158 qnia
270 2114 363 2147 infra
388 2112 576 2157 opponitur
608 2112 644 2145 in
665 2123 753 2156 pace
776 2122 867 2148 vcro.
889 2130 935 2136 —
979 2112 1108 2146 Statim
1145 2118 1222 2156 post
1246 2112 1365 2146 Cottio
1396 2111 1558 2146 obsecuti

164 2183 307 2212 sumus,
345 2171 431 2204 bello
461 2169 671 2211 scribentes,
707 2180 770 2212 pro
807 2170 958 2213 proelio,
995 2172 1086 2213 quod
1120 2171 1277 2214 plerique
1312 2169 1387 2203 edd.
1424 2174 1553 2204 tenent.

168 2230 298 2262 Proclio
323 2228 416 2261 enirn
449 2229 604 2272 glossam
636 2238 711 2260 esse
748 2227 845 2260 clare
877 2227 1084 2271 perspicitur
1107 2241 1148 2261 cx
1183 2229 1270 2262 Tur.
1297 2227 1331 2260 2.
1365 2226 1425 2270 qui
1448 2227 1555 2261 habet

162 2288 248 2320 bello
271 2287 399 2330 proelio
425 2298 495 2319 exc.
553 2287 745 2328 Receptam
769 2284 978 2327 scripturam
1014 2285 1180 2319 tredecim
1213 2297 1267 2329 ap.
1300 2285 1394 2318 (ἔοι-Ι.
1420 2284 1555 2318 codices

162 2345 344 2387 exhibent,
381 2355 467 2377 unus
500 2355 540 2376 cx
576 2343 683 2382 bell05
707 2341 829 2374 relicui
862 2353 924 2385 pro
957 2349 1059 2386 captu
1093 2343 1288 2377 scribarum
1326 2342 1381 2375 vol
1411 2343 1554 2386 proelio,

161 2403 215 2435 101
252 2415 294 2442 a,
330 2414 367 2441 c,
400 2414 440 2435 cx
471 2401 612 2445 proelio.
678 2399 815 2432 Bellum
847 2399 953 2434 etiam
981 2402 1148 2444 proelium
1182 2400 1380 2446 significare
1413 2400 1554 2435 Curtius

162 2461 309 2493 ostendit
344 2460 485 2493 laudato
510 2457 635 2491 Senio
672 2457 715 2490 ad
750 2458 848 2502 Vin-g.
883 2459 968 2492 Aen.
1002 2459 1089 2498 ΗΙΙ,
1119 2458 1200 2492 5⁴1.
1234 2464 1268 2492 et
1299 2459 1474 2492 stewech.
1507 2458 1553 2492 ad

162 2519 280 2560 leget.
309 2519 348 2550 ll.
382 2517 435 2550 13.
481 2516 576 2548 Adde
609 2515 782 2548 Drakenb.
816 2515 860 2549 ad
887 2515 961 2548 Liv.
988 2516 1055 2556 lu,
1085 2517 1151 2554 61,
1182 2516 1215 2549 2.
1251 2516 1473 2560 Oudendorp.
1507 2517 1553 2550 ad

162 2576 261 2607 Cat-s.
289 2575 327 2606 Β.
351 2575 394 2606 (ὲ.
410 2573 478 2614 l,l,
493 2572 525 2605 -Ι,
554 2573 696 2605 Gesner.
726 2571 837 2605 Thes.
862 2573 900 2607 L.
915 2574 953 2608 L.
973 2585 1004 2617 p.
1023 2573 1103 2607 596.
1130 2573 1215 2607 Tac.
1240 2577 1324 2607 Anu.
1347 2574 1372 2615 Ι,
1387 2573 1444 2616 ⁴5,
1465 2580 1551 2608 extr.

160 2633 234 2664 hm
269 2633 390 2664 bellurn
436 2638 487 2664 ter
519 2630 631 2673 posita
672 2629 849 2673 aliquam,
885 2631 1017 2671 fateor,
1052 2631 1281 2667 offensionem
1325 2633 1453 2673 haben
1491 2634 1552 2668 sed

159 2690 264 2724 talem
300 2688 454 2723 ciusdem
486 2686 650 2723 vocabuli
681 2687 922 2733 repetitionem
959 2688 1133 2724 interdum
1169 2689 1236 2724 sibi
1276 2691 1458 2727 indulsisse
1491 2704 1551 2727 vc-
