1630 3034
152 216 238 257 aso
517 189 1180 254 c.SALLUSTlcRISP1

154 342 293 387 quam
323 326 370 370 id
407 325 570 371 frustra
604 327 702 386 fuit,
736 326 1002 389 Iugurtham
1045 327 1256 388 placandi
1288 329 1432 389 gratia
1463 345 1541 374 ac-

155 424 296 477 cedit3
342 422 472 480 dicit,
527 438 643 482 quae
684 424 782 484 ipse
824 424 1070 484 paravisset
1123 425 1302 480 facere,
1347 427 1541 485 perfidia

156 520 324 591 clientis
381 520 448 564 sui
502 527 773 580 praeventa3
839 521 1092 565 lacrumans
1154 522 1398 567 obtestatur
1458 539 1542 583 per

155 617 390 662 amicitiam
425 624 599 677 perque
639 633 719 661 sua
753 624 882 662 antea
911 618 1104 662 fideliter
1139 624 1268 675 acta,
1316 635 1372 664 ne
1409 636 1544 681 super

154 715 232 759 tali
267 715 436 759 scelere
472 719 730 774 suspectum
762 731 859 759 sese
888 715 1089 760 haberet.

290 810 478 855 LXXII.
547 810 623 855 Ad
660 827 713 855 ea
748 827 849 870 rex,
896 812 1025 856 aliter
1056 818 1190 871 atque
1226 813 1544 873 animwgere-

152 909 254 966 bat,
310 907 491 968 placide
544 908 786 968 respondit.
844 908 1099 954 Bomilcare
1150 910 1335 968 aliisque
1380 911 1543 969 multis,

153 1048 314 1088 tuerunt,
337 1044 435 1079 velut
458 1044 566 1078 servis
589 1044 625 1078 in
650 1043 761 1078 Palat.
785 1042 819 1078 3.
845 1043 941 1079 Leid.
966 1045 1004 1081 C.
1030 1046 1074 1079 K.
1098 1046 1202 1080 Bern.
1226 1045 1259 1079 1.
1285 1045 1378 1079 Med.
1402 1044 1435 1079 8.
1459 1046 1532 1079 Ven

153 1108 188 1143 l.
211 1106 324 1142 Paris.
346 1118 390 1148 z.‚
414 1106 541 1139 scurris
564 1105 600 1139 in
635 1105 752 1138 Guclt'.
777 1105 823 1148 3„
857 1111 1016 1149 expertus
1045 1107 1080 1140 in
1104 1106 1323 1148 Nazariano,
1355 1117 1398 1140 ex
1420 1106 1547 1151 quibus

150 1173 268 1203 tamen
290 1168 380 1202 nihil
404 1165 576 1211 proficias.
624 1166 677 1200 Ne
700 1166 834 1207 multa,
858 1166 957 1200 locus
986 1165 1253 1210 interpolatione
1276 1160 1458 1211 corruptus
1481 1171 1545 1209 est,

152 1240 194 1263 eo
219 1229 367 1264 fortasse
402 1231 499 1270 orta,
537 1227 629 1271 quod
662 1226 780 1261 scriba
814 1225 1047 1270 antiquissimi
1071 1226 1251 1260 cuiusdam
1276 1227 1425 1270 codicis,
1456 1228 1547 1262 unde

151 1289 361 1335 posteriores
382 1289 555 1323 fluxerunt
578 1300 711 1331 omnes,
733 1299 775 1322 ex
800 1300 829 1322 c.
853 1288 1010 1328 Lxan
1039 1287 1074 1321 1.
1098 1287 1207 1322 verba
1234 1299 1274 1322 ex
1295 1290 1457 1333 perfugis
1473 1289 1546 1322 huc

150 1351 338 1386 transtulit.
387 1350 495 1385 Cuius
524 1349 575 1384 rei
603 1350 696 1384 hanc
727 1360 885 1383 caussam
921 1348 1027 1382 fuisse
1050 1348 1224 1392 coniicio,
1255 1349 1346 1393 quod
1369 1349 1451 1391 ille,
1485 1348 1546 1394 qui

149 1413 220 1446 hoc
242 1411 348 1454 fecit,
379 1422 565 1455 perperam
597 1410 648 1444 ibi
673 1409 850 1444 coniunxit
872 1409 999 1442 indicio
1026 1411 1276 1454 patefacto
1310 1422 1360 1445 ex
1388 1413 1545 1455 perfu-

149 1474 235 1519 gis,
260 1484 368 1516 quum
394 1471 507 1515 potius
530 1471 809 1517 coniungendum
834 1471 878 1504 sit
902 1482 942 1504 ex
964 1471 1128 1515 perfugis
1149 1472 1324 1515 cognovit.
1357 1472 1408 1505 Ad
1435 1471 1544 1506 aliam

149 1533 407 1578 depravationis
431 1531 604 1577 originem
638 1533 732 1567 ducit
759 1537 938 1577 emper-tus,
976 1534 1015 1564 ut
1040 1531 1074 1564 in
1100 1530 1224 1565 Nazar.
1249 1531 1392 1577 legitur.
1442 1531 1545 1575 Quod

149 1595 181 1629 si
201 1599 333 1629 statuas
364 1593 400 1627 in
432 1597 629 1628 contextum
666 1594 824 1635 venisse,
859 1593 944 1637 quia
975 1592 1115 1626 scribae
1139 1591 1234 1626 oculi
1258 1594 1301 1626 ad
1329 1597 1546 1637 experrectus

146 1656 358 1690 vocabulum
394 1654 430 1688 in
453 1655 680 1699 praecedente
703 1666 804 1688 versu
829 1655 960 1688 lectum
983 1654 1208 1696 aberrarent,
1250 1653 1358 1687 facile
1382 1653 1458 1687 fieri
1483 1665 1546 1697 po-

148 1717 235 1759 tuit,
267 1720 304 1750 ut
328 1715 389 1750 alii
414 1721 572 1760 expertus
595 1716 631 1749 in
666 1727 706 1749 ex
738 1716 902 1760 perfugis
926 1718 1118 1756 mutarent,
1156 1714 1230 1748 sive
1254 1725 1295 1748 ex
1317 1713 1546 1748 similitudine

146 1777 366 1818 litterarum,
390 1775 464 1809 sive
488 1787 530 1810 ex
553 1776 754 1810 coniectura
778 1776 821 1809 de
846 1787 944 1808 sensu
971 1775 1036 1809 loci
1062 1776 1097 1809 in
1121 1776 1214 1808 hanc
1238 1774 1542 1818 interpolationem

147 1837 294 1882 delapsi.
343 1837 412 1870 Sed
437 1841 515 1871 utut
538 1841 601 1880 est,
626 1849 710 1871 vera
732 1836 906 1881 scriptura
929 1837 1036 1870 nostri
1064 1836 1134 1870 loci
1159 1836 1193 1869 in
1217 1847 1287 1869 uno
1310 1836 1443 1870 lVassii
1467 1836 1531 1870 cod

147 1903 288 1935 servata
312 1902 381 1940 est,
406 1898 465 1941 qui
491 1898 609 1942 inepto
633 1898 872 1932 additamento
897 1902 1004 1932 caret.
1026 1919 1072 1924 —
1100 1898 1214 1939 Dicit,
1242 1898 1333 1940 quod
1359 1897 1394 1931 in
1419 1898 1541 1932 Guelf.

147 1961 180 1995 2.
205 1960 321 2001 deest,
356 1959 497 1993 Cortius
531 1959 655 2001 eiecit,
689 1971 730 1993 eo
756 1960 982 1993 confirmatus
1019 1958 1055 1992 in
1086 1962 1160 1993 tam
1185 1958 1377 1992 inconsulto
1403 1959 1544 2002 iudicio,

147 2021 241 2067 quod
269 2022 353 2055 Ecc.
379 2021 494 2054 Guelf.
519 2019 553 2053 7.
579 2023 612 2053 et
635 2019 693 2053 12.
717 2021 849 2055 habent
873 2021 1050 2064 dicitque,
1075 2021 1165 2053 unde
1189 2019 1402 2053 contrarium
1429 2019 1543 2063 potius

145 2082 285 2127 probes.
334 2081 429 2114 Idem
455 2083 599 2124 facere,
645 2082 735 2124 quod
772 2082 983 2115 vocabulum
1015 2080 1051 2114 in
1085 2081 1193 2114 Fabr.
1219 2080 1251 2114 1.
1289 2081 1409 2114 Guelt'.
1433 2079 1468 2113 3.
1500 2090 1542 2114 ac

145 2143 283 2178 duabus
315 2142 391 2175 edd.
425 2142 557 2176 Venett.
585 2145 665 2176 ante
691 2148 888 2187 praeventa
913 2141 1059 2186 legitur,
1093 2141 1238 2185 expulit.
1295 2141 1397 2184 Quod
1433 2151 1542 2184 quum

146 2203 355 2238 Gerlachius
377 2202 485 2237 etiam
509 2203 545 2237 in
568 2203 680 2238 Vatic.
703 2203 738 2237 5.
764 2205 972 2248 invenisset,
999 2201 1058 2245 qui
1085 2201 1175 2235 liber
1198 2207 1376 2245 praeterea
1402 2203 1542 2237 dicebat

146 2278 209 2310 pro
233 2266 317 2300 dicit
351 2264 518 2306 exhibet,
556 2275 597 2297 eo
631 2265 740 2298 Cottii
775 2265 993 2310 ingeniosam
1025 2262 1253 2297 mutationem
1282 2268 1379 2297 extra
1403 2275 1542 2298 omnem

146 2327 397 2361 dubitationem
433 2325 582 2369 positam
616 2337 689 2359 esse
721 2327 918 2360 confirmat.
967 2325 1114 2366 Credat,
1147 2325 1207 2368 qui
1244 2324 1346 2358 velit!
1389 2324 1478 2358 Nam
1510 2323 1541 2358 si

146 2389 303 2422 tantillae
325 2386 578 2431 discrepantiae
602 2386 909 2431 interpolationem
934 2391 995 2421 ant
1018 2387 1251 2429 corruptelam
1277 2386 1437 2429 probant,
1461 2385 1539 2418 nnl-

147 2449 201 2483 lus
224 2460 334 2493 paene
358 2460 478 2482 versus
501 2448 661 2482 Sallustii
685 2452 755 2489 est,
780 2448 862 2491 quin
886 2447 1070 2492 coi-'ruptus
1094 2448 1266 2491 putandus
1289 2447 1346 2481 sit.
1393 2446 1461 2481 Sed
1485 2450 1539 2480 tn-

147 2509 196 2544 lia
222 2509 352 2544 iudicia
382 2509 481 2555 aegri
514 2509 646 2554 ingenii
679 2509 815 2544 somnia
847 2521 921 2544 esse
954 2521 995 2543 cx
1020 2521 1061 2543 eo
1086 2519 1297 2553 cognoscas,
1331 2508 1421 2551 quod
1443 2506 1536 2540 idem

148 2570 355 2603 Gerlacliius
388 2570 423 2603 in
455 2571 508 2603 ed.
542 2570 677 2604 minore
709 2576 896 2614 utrumque
932 2572 1143 2605 vocabulum
1178 2569 1331 2604 retinuit.
1355 2588 1399 2593 —-
1426 2569 1537 2611 Super

148 2642 211 2675 pro
236 2632 278 2664 dc
302 2642 410 2665 aurea
434 2635 547 2665 aetate
571 2631 701 2665 dictum
725 2632 865 2675 quidem
890 2632 970 2673 fuit,
995 2632 1052 2665 scd
1078 2632 1192 2665 multo
1212 2628 1421 2674 frequomius
1443 2630 1535 2673 apud

148 2691 296 2725 seriores
327 2691 362 2725 in
394 2703 458 2725 usu
492 2696 589 2733 erat3
622 2694 667 2726 cs.
696 2693 831 2736 Zumpt.
868 2693 1025 2729 Granum,
1064 2694 1138 2726 Lat.
1165 2694 1199 2734 §.
1224 2691 1280 2725 ⁴55.
1319 2704 1352 2735 p.
1375 2690 1455 2723 261.
1481 2691 1533 2724 ed.

148 2752 206 2787 lv.
231 2752 445 2786 Boctticheri
471 2754 553 2787 Lex.
585 2753 699 2789 Tacit.
736 2754 772 2787 li.
798 2765 827 2786 v.
854 2766 890 2798 p.
915 2753 994 2788 ⁴⁴9.
1032 2755 1174 2799 Gry-ar.
1199 2754 1270 2787 Art.
1302 2752 1422 2786 Latine
1446 2752 1532 2786 scri-

147 2812 248 2848 bendi
274 2825 307 2857 p.
332 2812 410 2848 ⁴162.
437 2816 468 2855 θ’.
493 2813 526 2847 8.
