1630 3034
411 172 753 218 GA'r1L1NA.
806 172 942 217 cAP.
971 173 1065 218 ΧΠ.
1369 175 1427 216 63

36 293 309 338 iuventutem
344 290 518 335 luxuria
563 297 699 349 atque
733 291 916 336 avaritia
960 305 1064 335 cum
1099 288 1311 348 superbia
1355 289 1427 333 in-

39 398 216 437 vasere3
248 397 424 441 rapere,
460 397 738 438 consumere,
773 397 851 428 sua
885 380 1013 441 parvi
1039 379 1256 441 pendere,
1279 381 1426 424 aliena

38 489 235 534 cupere,
268 473 511 534 pudorem,
545 472 839 532 pudicitiam,
874 474 1024 518 divina
1059 478 1194 530 atque
1228 471 1428 515 humana

35 565 316 625 promiscua,
383 564 497 609 nihil
553 565 684 624 pensi
753 580 900 623 neque
957 564 1181 609 moderati
1239 562 1425 607 habere.

37 735 90 766 est
112 731 265 775 vertius,
287 741 394 775 quam
416 729 486 764 hoc
509 731 724 765 vocabulum
747 741 790 765 eo
813 739 918 774 quem
939 729 1214 776 significavimus
1237 740 1338 763 sensu
1363 740 1427 773 po-

35 789 144 824 situm
168 800 254 824 esse.
282 804 329 813 -—
349 800 412 832 pro
435 789 681 821 malevolentia
705 788 785 821 duci
814 788 837 821 i.
865 800 895 822 e.
917 789 1134 822 malevolum
1157 787 1315 820 animum
1343 798 1428 830 pro-

35 846 141 891 dere,
171 846 246 880 sive
267 844 312 879 ad
335 846 508 879 invidiam
533 845 700 879 divitibus
723 845 943 879 conflandam
965 846 1086 879 valere
1108 845 1310 889 putabatur.

130 940 162 980 §.
186 938 221 972 2.
270 950 310 972 m·
334 935 490 981 divitiis]
526 935 744 979 Praepositio
769 946 929 970 caussam
964 935 1069 969 simul
1101 939 1135 969 et
1159 936 1291 968 fontem
1317 934 1428 979 origi-

37 1007 187 1039 nemque
221 994 414 1040 significat‚
445 999 484 1027 ut
508 994 646 1026 Cottius
668 997 763 1027 recte
786 983 997 1026 observavit.
1052 994 1186 1026 Tamen
1218 1004 1286 1026 non
1309 993 1428 1037 nein-

36 1053 192 1097 gendum
210 1058 272 1094 est,
291 1053 383 1096 quod
406 1051 606 1095 Herzogius
629 1052 672 1084 ad
697 1063 725 1084 c.
743 1051 802 1092 VI,
820 1049 854 1082 6.
879 1050 1066 1093 prudenter
1083 1050 1227 1091 monuit,
1245 1050 1280 1082 in
1304 1061 1428 1083 caussa

38 1110 273 1155 significanda
296 1122 364 1143 non
390 1111 494 1153 plane
516 1108 659 1151 perinde
689 1119 783 1149 esse,
816 1111 937 1140 utrum
971 1107 1064 1139 solus
1088 1107 1282 1148 ablativus,
1316 1118 1359 1140 an
1386 1119 1427 1140 cr

35 1167 248 1211 praepositio
281 1178 361 1200 cum
391 1166 458 1199 isto
492 1177 575 1198 casu
609 1168 768 1208 ponatur.
823 1163 983 1206 Simplici
1008 1164 1100 1197 enim
1124 1165 1279 1198 ablativo
1303 1175 1430 1198 caussa

37 1225 194 1258 efficiens
224 1225 382 1268 proxima
414 1222 608 1262 indicatur3
645 1233 685 1255 cs
709 1221 967 1264 praepositione
991 1221 1109 1254 addita
1133 1222 1356 1267 significatur
1378 1222 1429 1264 id,

37 1283 132 1326 quod
167 1293 208 1315 ex
242 1283 354 1315 altera
385 1292 424 1314 re
456 1280 622 1323 temporis
656 1289 844 1322 progressu
876 1277 1030 1311 efficitur
1063 1283 1097 1312 et
1130 1291 1340 1323 consequens
1362 1283 1427 1320 est,

37 1350 151 1383 neque
175 1339 337 1373 continuo
360 1338 461 1371 illam
486 1336 623 1379 excipit.
649 1335 700 1368 cf.
726 1335 873 1367 eundem
897 1336 941 1368 ad
963 1337 1060 1370 Caes.
1084 1337 1125 1370 B.
1151 1338 1193 1372 G.
1217 1337 1312 1378 1‚30‚
1338 1341 1426 1371 extr.

38 1400 74 1429 et
97 1397 142 1429 ad
164 1397 209 1435 ll,
231 1395 290 1429 27.
336 1396 411 1429 Cat.
440 1394 532 1434 XIV,
563 1393 598 1427 6.
640 1393 693 1425 uti
717 1393 878 1436 cuiusque
903 1393 1054 1426 studium
1082 1406 1122 1426 er
1147 1399 1265 1428 aetate
1281 1396 1427 1438 flagra-

37 1453 107 1486 bat.
143 1453 286 1493 XXXV,
304 1453 337 1486 2.
374 1464 414 1485 cs
438 1452 535 1484 milla
561 1451 771 1484 conscicntia
795 1451 838 1484 dc
863 1452 976 1494 culpa.
1016 1453 1184 1496 1=2g.v11‚
1209 1451 1242 1485 5.
1277 1452 1427 1484 alterum

37 1521 78 1542 cx
98 1510 321 1554 providentia
346 1511 520 1552 timorem,
547 1508 694 1542 alterum
721 1520 761 1542 ex
786 1509 939 1542 audacia
962 1509 1190 1541 temeritatem
1217 1511 1344 1553 afferre
1368 1521 1428 1541 so-

37 1566 96 1600 let.
131 1566 274 1609 XXXII,
300 1565 333 1600 5.
366 1567 487 1600 timido
523 1571 556 1599 et
581 1577 620 1598 ex
645 1568 852 1600 conscientia
876 1566 1060 1609 diffidenti.
1101 1568 1267 1608 xxxix,
1287 1568 1321 1600 2.
1364 1568 1428 1600 Al-

37 1623 136 1657 binus
158 1635 199 1657 ex
218 1624 341 1658 delicto
358 1626 488 1668 fratris
513 1624 680 1656 invidiam
707 1626 841 1657 timens.
873 1624 970 1657 Adde
989 1624 1186 1664 XLVIII&
1200 1627 1239 1669 L,
1255 1627 1288 1660 1.
1309 1626 1425 1667 Lv‚1.

33 1681 142 1722 LXII,
163 1681 196 1714 8.
222 1681 450 1715 Substantiva
473 1681 509 1714 in
533 1681 655 1714 eadem
680 1681 920 1715 enunciatione
943 1693 1022 1714 cum
1046 1681 1226 1716 infinitivis
1244 1684 1427 1718 coniuncta

33 1740 186 1787 ‘miratur
222 1738 453 1779 Gerlachius3
487 1749 594 1781 quam
618 1742 814 1772 structurae
836 1739 1009 1772 rationem
1032 1751 1102 1772 non
1137 1740 1187 1774 ita
1210 1752 1330 1775 raram
1353 1753 1428 1774 esse

35 1796 248 1830 ostendimus
273 1796 316 1830 ad
342 1808 371 1829 c.
391 1797 485 1836 XVI,
506 1795 538 1828 2.
577 1795 645 1828 Sed
668 1796 704 1828 h.
731 1796 754 1829 l.
780 1808 919 1840 rapere.
943 1808 1139 1830 consumere
1164 1803 1228 1831 etc.
1253 1809 1321 1831 non
1346 1799 1429 1831 sub-

35 1852 268 1886 stantivorum
290 1853 364 1887 Vim
388 1854 539 1893 habent,
565 1853 625 1885 sed
649 1852 794 1889 infinitt„
814 1853 974 1887 historici
998 1860 1094 1897 sunt,
1120 1860 1159 1888 ut
1182 1868 1208 1888 c.
1223 1856 1319 1896 XIII,
1335 1855 1429 1888 3.-ἠ

37 1909 269 1950 Ριιάἱεὶΐὶαηις
305 1911 397 1945 idem
431 1910 633 1955 significare
665 1910 823 1952 videtur,
856 1913 946 1954 quod
979 1912 1073 1945 haud
1115 1914 1262 1945 obscure
1297 1912 1429 1946 indIcat

37 1967 130 2011 XIV,
149 1968 183 2001 7.
209 1968 270 2001 ubi
292 1980 325 2002 v.
351 1968 428 2001 coll.
453 1967 548 2007 xm,
566 1968 598 2000 3.
624 1968 700 2001 Non
724 1969 807 2002 satis
831 1975 927 2002 recte
951 1969 1062 2013 igitur
1085 1970 1279 2002 Miillerus:
1300 1971 1428 2013 pudor,

34 2024 166 2068 inquit,
201 2030 252 2058 est
276 2026 404 2066 animi,
438 2025 611 2069 pudicitia
636 2026 794 2070 corporis
818 2026 972 2060 castitas.
1038 2027 1117 2060 Hoc
1141 2028 1216 2060 loco
1242 2026 1336 2059 enim
1358 2038 1428 2060 non

35 2082 198 2116 libidines
231 2082 265 2115 iu
290 2083 512 2124 universum,
537 2082 597 2116 sed
620 2083 792 2116 nefandae
814 2083 975 2117 libidines
999 2087 1033 2117 et
1056 2088 1203 2117 naturae
1226 2095 1428 2128 repugnan-

35 2146 88 2176 tes
110 2141 365 2186 intelliguntur.

129 2224 218 2257 nihil
238 2222 338 2267 pensi
359 2232 468 2266 neque
492 2219 688 2263 moderati]
729 2218 872 2263 Neque,
895 2219 987 2263 quod
1010 2231 1090 2253 cum
1117 2220 1308 2256 Gerlachio
1330 2233 1427 2256 rece-

35 2280 167 2325 pimus,
191 2282 357 2325 praebent
378 2280 462 2313 Bas.
486 2279 520 2312 1.
545 2279 579 2312 2.
604 2278 637 2311 3.
663 2278 697 2311 4.
718 2278 830 2312 Paris.
861 2277 905 2311 B.
925 2278 1044 2311 Leidd.
1070 2279 1115 2312 B.
1139 2279 1178 2314 C.
1200 2280 1243 2312 Ε.
1271 2280 1313 2314 G.
1331 2281 1360 2314 Ι.
1380 2280 1429 2315 Κ.

36 2338 79 2373 Ia.
103 2339 153 2372 M.
179 2339 222 2373 N.
256 2338 349 2383 Teg.
372 2338 478 2371 Bern.
502 2336 536 2369 1.
562 2336 595 2369 2.
645 2335 733 2369 Eius
757 2335 836 2368 loco
861 2333 998 2368 Cottius
1022 2340 1126 2379 atque
1149 2335 1309 2380 scripsit3
1334 2338 1428 2380 quod

37 2407 252 2440 quamquam
276 2396 313 2429 in
337 2395 472 2428 duobus
496 2393 596 2427 Rivii
620 2393 738 2433 codd.,
768 2393 871 2426 Rem.
892 2393 926 2426 1.
960 2393 1030 2426 luc.
1050 2393 1083 2426 1.
1119 2394 1236 2427 Guelf.
1269 2393 1303 2428 5.
1330 2394 1364 2427 6.
1389 2394 1423 2428 9.

37 2453 95 2486 11.
120 2453 176 2486 12.
207 2458 243 2487 et
265 2453 348 2486 Par.
369 2453 412 2486 A.
435 2451 588 2496 legitur,
621 2454 654 2483 et
676 2455 772 2483 recto
797 2449 931 2482 dicendi
957 2450 1036 2483 usui
1057 2462 1126 2483 non
1150 2456 1344 2496 repugnat,
1364 2456 1425 2486 ta-

37 2519 119 2544 men
151 2511 319 2555 exiguam
350 2511 388 2543 h.
412 2510 437 2542 l.
470 2508 726 2553 probabilitatis
751 2507 902 2550 speciem
924 2507 1042 2541 habet.
1097 2508 1308 2553 Negativam
1332 2509 1427 2542 enim

37 2568 249 2612 particulam
288 2567 453 2612 primitus
482 2566 646 2605 affuisse,
680 2576 748 2598 non
779 2565 893 2598 solum
924 2575 1075 2609 magnus
1105 2565 1205 2600 docet
1237 2566 1336 2601 codd.
1360 2578 1426 2600 nu-

31 2635 178 2668 merus,
211 2626 249 2659 in
283 2626 409 2668 quibus
441 2636 551 2669 neque
574 2628 644 2664 est,
677 2624 738 2656 sed
768 2626 862 2666 patet
885 2622 991 2656 etiam
1015 2633 1057 2655 ex
1089 2623 1196 2656 variis
1227 2625 1326 2658 lectt.
1350 2636 1426 2661 nec,

37 2693 148 2727 neque
171 2683 375 2728 quicquam,
397 2693 460 2716 nec
482 2682 685 2727 quicquam,
708 2680 817 2724 nihil,
840 2680 1015 2723 nihilque,
1039 2690 1131 2723 quae
1153 2691 1273 2715 omnes
1296 2681 1340 2714 ad
1363 2693 1425 2715 nc-
