1630 3034
407 133 794 181 ‘IUGURTHA.
853 134 980 178 GAP.
1010 134 1225 179 XXXVI.
1445 140 1529 183 211

151 257 306 297 senatu
340 251 465 297 Italia
499 251 732 298 decedere.
802 250 898 296 Sed
925 256 1165 312 postquam
1192 251 1342 296 Roma
1372 267 1528 314 egres-
1544 261 1595 301 10

151 356 225 395 sus
261 356 351 405 est,
398 350 538 393 fertur
573 364 709 409 saepe
745 364 799 392 eo
833 348 989 392 tacitus
1024 349 1262 409 respiciens
1297 328 1528 409 postremo

153 446 328 502 dixisse,
363 446 524 490 urbem
551 446 753 490 venalem
789 451 834 490 et
868 450 1039 489 mature
1069 445 1328 505 perituram,
1363 446 1398 491 si
1432 462 1529 493 em-

151 549 329 603 ptorem
361 543 587 589 invenerit.

288 639 494 684 XXXVI.
563 638 745 682 Interim
777 637 963 682 Albinus
998 644 1210 682 renovato
1244 637 1365 682 bello
1402 653 1529 691 com-

150 740 369 793 meatum,
422 734 718 795 stipendium,
776 735 973 794 aliaque,
1022 749 1138 793 quae
1179 735 1388 780 militibus
1434 737 1531 781 usui

149 909 353 952 referenda3
375 913 453 945 tum
475 910 618 945 videbat
640 910 750 945 aliam
774 909 861 944 oriri
883 910 1132 945 obscuritatem
1154 909 1183 944 si
1201 910 1432 945 Bomilcarem
1451 913 1532 946 ante

151 981 360 1015 quamquam
393 971 585 1016 posuisset,
620 970 791 1014 siquidem
824 972 933 1004 verba
965 982 1074 1016 regno
1107 971 1224 1016 magis
1251 981 1354 1014 quam
1384 972 1532 1007 vadibus

150 1025 344 1074 tamazem,
377 1042 467 1075 quae
489 1032 532 1065 ad
557 1032 701 1066 dimittit
724 1031 894 1066 trahenda
917 1035 1014 1074 sunt,
1051 1031 1095 1065 ad
1121 1032 1266 1066 dederat
1289 1036 1444 1075 spectare
1473 1032 1532 1067 vi-

151 1090 226 1124 deri
251 1094 400 1134 possent.
448 1092 518 1125 Sed
550 1096 682 1126 veteres
703 1103 772 1126 non
794 1091 923 1136 ubique
946 1091 1080 1126 cavisse
1101 1092 1168 1126 sibi
1191 1093 1237 1126 ab
1261 1092 1430 1127 eiusmodi
1456 1105 1534 1129 am-

149 1150 323 1196 biguitate
351 1156 544 1187 structurae
574 1152 646 1186 iam
678 1152 877 1186 monuimus
908 1151 953 1186 ad
985 1163 1015 1185 c.
1038 1151 1074 1194 Ι,
1097 1152 1132 1187 4.
1163 1164 1267 1196 supra
1288 1165 1318 1188 c.
1338 1154 1476 1199 XXIX,
1496 1156 1531 1190 1.

158 1212 223 1245 Ubi
245 1212 480 1256 Iugurtha
501 1224 564 1257 per
587 1214 725 1258 legatos
742 1215 892 1258 pecunia
919 1217 1124 1254 tentare,
1148 1212 1317 1259 bellique,
1341 1216 1433 1260 quod
1453 1217 1533 1251 ad-

151 1272 447 1308 ministrabat
471 1274 538 1318 (sc.
564 1274 791 1319 Calpurnius)
822 1275 1048 1318 asperitatem
1072 1274 1316 1310 ostendere
1338 1277 1462 1321 coepit.
1484 1277 1533 1313 cf.

150 1331 411 1374 Liv.xxxw‚
435 1333 501 1376 31,
523 1327 565 1368 7.
592 1335 793 1378 Diophanes
814 1335 970 1377 Quinctio
996 1334 1161 1375 occurrit,
1198 1338 1233 1368 et
1260 1347 1364 1379 quum
1392 1348 1532 1372 caussas

150 1393 420 1438 oppugnationis
440 1406 582 1439 espen
595 1400 688 1429 eret
712 1395 778 1439 (sc.
789 1395 1021 1439 Diophanes),
1046 1395 1258 1440 castigatum
1276 1397 1399 1431 leniter
1414 1397 1533 1433 dimit-

150 1458 225 1488 tere
247 1455 431 1488 exercitum
455 1456 593 1490 iussit
624 1456 691 1499 (sc.
709 1455 929 1500 Quinctius),
962 1454 1024 1489 ubi
1048 1466 1084 1488 v.
1108 1455 1371 1491 Drakenborch.
1404 1477 1450 1484 -
1480 1458 1534 1492 De

151 1514 281 1549 omissa
304 1520 421 1549 tamen
443 1515 619 1560 particula
641 1515 702 1549 ubi
726 1527 936 1561 quamquam
959 1515 1145 1560 praecessit
1167 1526 1202 1550 V.
1212 1516 1257 1550 ad
1280 1527 1311 1551 c.
1327 1518 1489 1561 XXXIII,
1498 1518 1533 1553 2.

151 1594 198 1601 —
222 1576 402 1620 Popularis
428 1577 579 1610 formam
601 1576 756 1611 servavit
773 1577 894 1610 Guelf.
918 1575 974 1619 1.,
1005 1576 1155 1610 fortasse
1177 1575 1261 1619 quia
1282 1577 1398 1612 scriba
1421 1579 1536 1623 inepte

151 1635 386 1681 coniungebat
405 1637 584 1681 popularis
602 1642 738 1677 metus,·
763 1647 798 1670 v.
823 1636 868 1670 ad
893 1637 969 1670 Cat.
994 1637 1030 1679 Ι,
1053 1637 1087 1670 1.
1110 1655 1157 1663 —-
1179 1637 1250 1671 Pro
1269 1639 1391 1682 paucis
1415 1640 1535 1675 diebus

150 1697 286 1746 aliqu9t
307 1697 406 1734 codd.
431 1699 562 1732 habent
582 1708 618 1742 p.
636 1702 735 1742 post
759 1697 848 1731 dieb.
862 1708 875 1737 ,·
898 1696 958 1731 sed
982 1708 1018 1730 v.
1043 1697 1088 1731 ad
1111 1708 1141 1730 c.
1166 1697 1238 1738 XI,
1262 1696 1296 1731 2.
1319 1717 1367 1725 -
1389 1699 1534 1742 Eodem,

150 1759 244 1803 quod
267 1759 362 1793 deest
382 1758 418 1792 in
441 1758 539 1793 Leid.
557 1759 606 1792 Μ.
630 1758 674 1793 N.
697 1761 732 1792 et
753 1757 790 1791 in
813 1757 919 1792 Fabr.
939 1757 972 1791 l.
995 1757 1085 1792 inter
1108 1768 1229 1792 versus
1252 1757 1394 1803 legitur,
1418 1759 1537 1795 omisit

151 1819 301 1854 eortius.
323 1839 369 1845 —
395 1820 521 1854 Urbem
540 1819 699 1854 venalem
722 1822 787 1854 etc.
806 1818 852 1853 cf.
868 1817 948 1853 Liv.
969 1818 1066 1864 Epit.
1082 1818 1201 1854 Lxlv.
1226 1818 1320 1853 Flor.
1338 1819 1400 1862 111,
1420 1819 1455 1862 1,
1479 1819 1535 1857 18.

153 1879 253 1914 Oros.
276 1880 318 1923 V,
343 1879 402 1915 15.

243 1940 400 1975 XXXVI.
442 1941 476 1982 ἓ.
494 1939 529 1975 1.
550 1943 585 1974 et
606 1940 642 1974 2.
681 1939 842 1983 aliaque,
865 1939 969 1983 quae]
1000 1939 1138 1973 Cottius
1163 1949 1231 1973 non
1254 1938 1387 1974 monito
1408 1939 1538 1975 lectore

151 2011 217 2045 que
240 1999 353 2041 eiecit,
376 2000 468 2043 quod
491 1999 650 2043 plerique
673 2010 804 2042 omnes,
829 2003 867 2033 ut
885 2000 1038 2041 videtur,
1059 1998 1159 2033 codd.
1182 1999 1324 2036 habent.
1370 1999 1534 2036 Gerlach.

153 2060 214 2103 qui
238 2060 274 2094 in
297 2063 392 2094 textu
413 2060 597 2104 vulgatam
624 2064 762 2093 secutus
786 2062 855 2100 est,
889 2058 924 2092 in
950 2059 1158 2092 Commentt.
1181 2069 1215 2101 p.
1233 2057 1313 2094 268.
1328 2085 1338 2102 ,
1369 2070 1474 2102 quum
1499 2059 1536 2095 in

153 2121 237 2154 Ven.
261 2120 295 2154 4.
329 2120 495 2164 copulam
519 2130 566 2152 m.
590 2130 643 2162 pr.
668 2119 788 2152 abesse
810 2117 975 2159 vidisset,
1011 2117 1122 2152 Curtii
1145 2117 1374 2152 temeritatem
1397 2119 1535 2163 probat,

153 2179 271 2224 „quia
284 2180 390 2213 etiam
414 2179 495 2213 aliis
517 2179 604 2212 locis
627 2179 753 2222 copula
777 2179 905 2213 omissa
927 2179 1013 2212 sit.“
1046 2177 1114 2211 Sed
1137 2188 1250 2222 nugas
1274 2188 1311 2211 se
1329 2178 1442 2222 egisse
1458 2179 1534 2224 ipse

152 2240 190 2275 in
212 2240 266 2276 ed.
289 2239 424 2274 minore
446 2239 549 2274 tacite
571 2239 754 2284 profitetur
775 2239 921 2284 vulgata
943 2242 1088 2272 retenta.
1111 2237 1152 2271 V.
1175 2238 1219 2272 ad
1243 2249 1274 2271 c.
1298 2238 1476 2282 xxxvn,
1496 2239 1531 2276 4.

154 2300 230 2334 Cat.
251 2299 322 2342 111,
343 2298 376 2334 5.
401 2311 434 2343 p.
452 2299 508 2334 21.
548 2299 808 2334 Drakenborch.
840 2299 896 2333 ad.
921 2299 996 2333 Liv.
1017 2298 1118 2339 xm,
1141 2297 1184 2340 2,
1210 2297 1268 2331 11.
1297 2315 1343 2324 -—
1371 2299 1533 2335 Maturat

150 2364 295 2406 portare
313 2359 564 2394 illustravimus
580 2360 624 2394 ad
641 2358 746 2394 Catil.
769 2371 799 2393 e.
818 2359 978 2400 XXXVI,
995 2358 1029 2392 3.
1052 2357 1213 2393 Plurima
1233 2357 1333 2391 verbi
1354 2364 1534 2394 maturare

154 2431 234 2455 cum
247 2419 417 2455 infinitivo
431 2420 542 2454 iuncti
561 2420 721 2464 exempla
734 2419 878 2453 contulit
894 2418 1091 2460 Gronovius
1109 2419 1151 2452 ad
1169 2417 1244 2452 Liv.
1256 2419 1417 2463 XXXIX,
1430 2420 1487 2463 45,
1499 2421 1533 2455 6.

155 2481 200 2515 cf.
223 2480 317 2515 infra
348 2492 377 2515 c.
393 2481 561 2523 LXXIX,
584 2481 617 2515 5.
651 2481 798 2515 Portare
826 2484 942 2514 autem
974 2478 1112 2523 proprie
1143 2477 1271 2512 dicitur
1300 2479 1343 2513 de
1374 2481 1534 2516 omnibus

155 2542 271 2584 rebus,
293 2553 441 2584 quarum
465 2541 501 2574 in
526 2541 618 2574 bello
642 2551 723 2575 usus
746 2544 810 2582 est,
833 2540 869 2574 in
891 2540 1008 2574 sedem
1031 2538 1116 2573 belli
1140 2539 1404 2581 transferendis5
1434 2552 1469 2576 v.
1489 2541 1534 2576 ad

156 2602 231 2637 Cat.
248 2602 314 2643 Vl,
339 2602 373 2636 5.
397 2614 430 2646 p.
449 2600 506 2636 35.
529 2601 607 2646 Iug-
627 2601 711 2643 clv,
734 2600 769 2636 3.
793 2601 905 2635 Plaut.
930 2598 1115 2643 Epid.111‚
1138 2599 1184 2641 2,
1206 2598 1240 2633 ⁷.
1268 2618 1314 2625 —
1341 2602 1452 2643 Alias,
1474 2602 1533 2636 de-

156 2662 238 2696 inde
257 2662 348 2696 alias
367 2662 545 2708 tetigimus
571 2662 615 2696 ad
640 2673 671 2696 c.
692 2661 826 2703 XVIII,
852 2660 886 2695 7.
915 2680 957 2686 —
981 2660 1052 2694 Pro
1069 2660 1238 2694 cumulem
1256 2659 1430 2703 ludificari
1444 2659 1534 2694 Aru-

155 2720 273 2757 sianus
288 2722 391 2758 Mese.
415 2733 450 2757 v.
468 2724 623 2766 ludificor
641 2722 696 2767 (in
713 2722 864 2766 Corpore
876 2720 1184 2757 Grammatt.Latt.
1204 2719 1257 2753 ed.
1278 2719 1431 2756 Lindem.
1450 2720 1496 2757 T.
1509 2720 1536 2754 1.

1150 2790 1264 2834 Η*
