1630 3034
165 190 224 216 xn
584 169 1121 213 PRAEFATIO.

165 283 394 334 cresceret.
464 286 584 330 Tum
623 286 791 344 aliquid
835 286 1029 330 dandum
1075 292 1169 331 erat
1217 288 1424 348 precibus
1458 288 1529 332 bi-

165 390 390 450 bllopolae
423 387 744 441 honestissimi3
787 389 863 446 qui
907 403 1044 446 quum
1078 388 1210 433 valde
1252 387 1362 434 mihi
1393 389 1532 433 insta—

162 500 251 547 ret,
294 498 343 535 ut
385 505 518 549 quam
561 491 754 550 primum
788 491 885 534 fleri
930 496 1081 550 posset
1113 491 1338 551 inceptam
1373 491 1532 535 editio-

161 609 263 639 nem
293 594 583 651 absolverem,
614 593 749 636 malui
777 591 949 636 interim
984 599 1104 636 certe
1132 593 1280 651 aliqua
1314 608 1369 638 ex
1402 598 1533 653 parte

161 697 254 741 elus
299 694 518 739 desiderio
565 694 841 751 satisfacere,
884 709 1019 753 quam
1055 695 1332 754 Fragmentis
1368 695 1533 755 Iugur—

161 797 265 842 thae
300 795 555 847 adiiciendis
589 811 761 840 moram
795 797 944 840 facere
978 798 1207 842 maiorem.
1277 796 1371 842 Sed
1396 797 1534 856 longe

158 899 417 960 gravissima
457 913 591 942 causa
630 899 746 942 haec
778 898 880 955 fuit,
924 899 1048 956 quod
1080 900 1127 942 in
1157 899 1442 943 emendandis
1476 898 1532 940 il-

155 1000 478 1058 lustrandisque
538 999 833 1043 Historiarum
887 1000 1078 1058 reliquiis
1133 1002 1204 1044 vix
1260 1015 1532 1059 quemquam
1589 1035 1593 1038 .

154 1102 447 1161 probabiliter
480 1101 645 1145 versari
678 1116 811 1161 posse
836 1117 1100 1161 persuasum
1129 1102 1303 1157 habeo,
1338 1103 1420 1146 nisi
1448 1118 1530 1146 an-

152 1212 226 1247 tea
262 1203 440 1263 Corpus
477 1203 882 1248 Grammaticorum
917 1204 1201 1259 Latinorum,
1236 1204 1531 1249 Lindemanni

154 1320 379 1364 nunquam
426 1307 527 1350 satis
586 1306 856 1352 celebranda
901 1307 1114 1351 industria
1168 1306 1239 1350 edi
1295 1311 1530 1366 coeptum,

152 1407 390 1450 maximam
432 1413 608 1468 partem
653 1408 906 1453 absolutum
959 1418 1003 1452 et
1049 1409 1093 1452 in
1140 1409 1287 1453 lucem
1322 1407 1530 1451 emissum

150 1508 294 1553 fuerit.
367 1509 505 1565 Quod
543 1525 678 1567 quam
722 1511 907 1570 egregia
949 1509 1173 1569 praesidia
1217 1515 1311 1554 tum
1352 1509 1411 1553 ad
1445 1523 1529 1552 au-

148 1610 348 1670 gendum
393 1610 769 1671 Fragmentorum
812 1626 1045 1656 numerum
1066 1644 1077 1664 ,
1125 1617 1221 1655 tum
1268 1611 1327 1654 ad
1371 1625 1528 1655 emen-

148 1712 299 1756 danda
334 1729 410 1770 ea,
457 1727 573 1771 quae
607 1714 697 1756 iam
732 1713 920 1758 collecta
954 1719 1077 1770 sunt,
1111 1707 1356 1769 contineat,
1391 1727 1530 1770 quum

147 1815 370 1858 volumine
416 1815 565 1874 primo
621 1815 868 1859 luculenter
915 1815 1145 1875 cognitum
1190 1814 1280 1871 sit,
1326 1814 1528 1858 iniuriam

148 1915 297 1959 facere
343 1916 453 1960 mihi
500 1917 676 1961 viderer
719 1916 907 1977 egregio
950 1917 1155 1975 scriptori
1189 1932 1243 1961 ac
1278 1916 1405 1960 simul
1439 1931 1527 1976 pa-

145 2032 243 2060 rum
289 2033 469 2074 curare,
515 2018 623 2077 quid
667 2019 759 2063 eius
803 2018 1040 2062 lectoribus
1088 2017 1331 2076 debeatur,
1372 2019 1407 2062 si
1435 2032 1525 2061 non

145 2121 410 2179 exspectatis
439 2120 643 2165 Charisio
687 2135 740 2164 30
778 2121 928 2164 Nonio
963 2118 1206 2175 Marcello,
1243 2119 1321 2177 qui
1355 2133 1411 2162 ex
1445 2134 1522 2162 an-

143 2221 393 2278 tiquissimis
425 2222 652 2266 codicibus
686 2222 828 2266 reficti
860 2223 994 2282 plane
1032 2236 1149 2266 nova
1184 2221 1329 2264 forma
1362 2219 1520 2280 prodi—

144 2323 228 2364 turi
265 2329 387 2379 sunt,
428 2325 471 2367 in
507 2324 688 2385 vulgata
731 2325 949 2384 scriptura
980 2323 1227 2383 repetenda
1261 2323 1519 2381 acquiesce-

143 2438 250 2466 rem.
321 2424 415 2467 Scd
455 2431 504 2469 ut
537 2426 650 2470 haec
685 2441 834 2477 mora,
880 2426 988 2469 dum
1032 2440 1169 2470 novas
1212 2425 1364 2485 copias
1397 2425 1518 2468 criti-

143 2539 216 2567 cas
257 2532 493 2584 exspecto,
537 2526 817 2588 Fragmentis
851 2528 955 2587 ipsis
991 2543 1080 2571 non
1108 2532 1257 2587 potest
1289 2527 1367 2570 nisi
1403 2526 1517 2569 salu-

144 2626 244 2669 naris
271 2627 380 2684 fleri,
407 2628 467 2670 ita
491 2627 580 2671 hoc
616 2629 886 2673 incommodi
916 2629 1019 2674 inde
1048 2630 1155 2673 mihi
1184 2629 1356 2682 exstitit,
1392 2627 1513 2685 quod

144 2728 360 2781 indicem,
405 2745 537 2788 quem
584 2730 732 2774 1131100
776 2731 1170 2791 locupletissimmn
1209 2731 1250 2773 in
1288 2743 1514 2773 commen-
