1630 3034
146 194 205 235 58
521 191 568 237 G.
599 193 920 237 SALLUSTI
949 194 1174 240 GRISPI

146 314 276 352 terno
318 321 488 367 genere
534 309 684 369 impar
732 316 848 367 erat,
895 311 1147 372 despiciens
1161 347 1175 370 ,
1223 313 1406 361 dextera
1441 318 1575 380 Ad-·

146 403 381 448 herbalem
417 405 607 461 assedit,
655 421 713 451 ne
742 407 917 452 medius
960 424 1016 453 ex
1054 410 1219 468 tribus,
1257 412 1382 470 quod
1415 415 1542 474 apud

108 501 136 543 4
150 501 366 546 Numidas
404 502 566 546 honori
600 502 800 564 ducitur,
834 505 1056 566 Iugurtha
1083 506 1224 562 foret3
1255 507 1359 552 dein
1387 515 1539 556 tamen

143 598 207 642 uti
235 599 368 643 aetati
399 599 673 644 concederet
703 601 918 662 fatigatus
945 618 973 647 a
997 603 1161 660 fratre,
1197 604 1270 649 vix
1298 605 1344 649 in
1361 613 1540 666 partem

104 693 327 740 5altera1n
362 696 646 742 transductus
685 704 765 742 est.
836 695 905 742 Ibi
945 713 1083 757 quum
1112 702 1255 745 multa
1293 690 1352 745 de
1387 703 1536 748 admi-

154 851 212 874 am
230 839 368 875 disertis
384 840 500 874 verbis
524 839 684 886 tetigisse
706 841 842 876 sentiet.
889 841 1040 876 Omnino
1064 843 1154 877 haec
1169 847 1204 878 et
1217 843 1349 879 similia
1363 844 1536 881 eiusmodi

133 904 237 943 sunt,
264 907 305 936 ut
328 901 388 946 qui
408 901 612 946 incorrupto
635 906 669 936 ct
693 913 779 938 sano
801 902 930 938 iudicio
960 905 1140 948 praeditus
1168 904 1235 949 sit,
1266 904 1336 939 nisi
1362 905 1456 941 aliae
1477 918 1535 942 res

132 958 366 1007 suspicionem
390 967 579 1005 moveant,
610 963 646 996 in
676 962 765 1008 ipsis
788 963 905 998 verbis
936 965 1033 999 nullo
1060 966 1166 1000 modo
1199 965 1378 1000 offendere
1410 967 1533 1011 possit.

132 1035 168 1057 v.
191 1024 239 1059 ad
261 1025 337 1059 Cat.
353 1024 473 1066 XLVI,
491 1024 524 1058 2.
549 1035 584 1068 p.
602 1023 683 1058 208.

224 1088 258 1129 ἓ.
280 1085 315 1120 4.
363 1085 467 1130 Dein]
493 1086 547 1119 Ita
573 1086 648 1119 fere
673 1096 795 1119 omnes
826 1085 948 1127 codd-3
980 1088 1112 1130 septem
1138 1089 1257 1121 tamen
1283 1087 1409 1121 dehinc
1431 1087 1533 1123 exhi-

129 1146 284 1181 bent.—
311 1147 520 1182 Concederet
543 1147 679 1181 maiore
702 1147 738 1181 vi
765 1147 897 1181 dictum
925 1149 977 1180 est
999 1157 1108 1190 quam
1126 1146 1274 1191 simplex
1299 1149 1462 1189 cederet3
1483 1149 1529 1184 cf.

127 1207 280 1253 Fragm.
304 1207 458 1243 Historr.
480 1208 510 1250 I,
530 1206 586 1242 17.
612 1209 709 1242 Gerl.
757 1209 941 1243 Curionem
970 1208 1164 1252 quaesivit,
1194 1208 1248 1242 uti
1277 1208 1531 1243 adolescentior

128 1268 286 1301 aetati
308 1269 582 1303 concederet
609 1270 788 1303 Mamerci.
812 1270 892 1315 lug.
910 1269 985 1312 ΟΠ,
1002 1268 1038 1303 4.
1087 1270 1206 1303 Sullae
1223 1269 1432 1312 facundiae,
1456 1280 1527 1304 mm

127 1328 242 1362 aetati
261 1340 287 1362 a
306 1328 441 1364 Manlio
462 1342 669 1367 concessum.
689 1332 783 1374 XIV,
800 1332 858 1368 24.
906 1332 947 1365 Si
965 1330 1116 1364 iniuriae
1138 1330 1389 1366 concessissem.
1411 1329 1527 1366 Tacit.

123 1388 213 1422 Ann.
237 1389 283 1431 ΙΙ,
304 1389 363 1425 74.
417 1390 559 1424 Marsus
584 1392 711 1426 seniori
745 1398 779 1428 et
802 1394 917 1427 acrius
946 1392 1103 1426 tendenti
1128 1392 1246 1425 Sentio
1269 1391 1491 1424 concessi
1500 1395 1527 1426 t.

122 1448 203 1484 Liv.
223 1449 271 1491 11,
287 1448 346 1491 45,
363 1450 419 1484 12.
469 1451 601 1485 Fabius
624 1453 770 1496 deinde,
798 1455 846 1488 ad
870 1458 1075 1487 crescentem
1096 1457 1226 1486 metum
1253 1452 1432 1485 seditionis
1457 1453 1527 1485 col-

123 1511 209 1556 lega
236 1513 545 1554 concedente,
581 1525 683 1556 qaum
712 1515 889 1549 silentium
917 1514 1058 1548 classico
1079 1513 1234 1556 fecisset.
1255 1532 1302 1538 --
1336 1513 1527 1557 Fatigatae

122 1572 149 1606 i.
166 1583 197 1607 e.
221 1572 392 1606 continuis
408 1576 441 1605 et
458 1571 667 1607 instantibus
683 1586 724 1609 ac
746 1576 904 1609 molestis
924 1574 1088 1619 precibus
1110 1573 1162 1606 ita
1177 1573 1347 1607 exercitus
1360 1599 1369 1616 ,
1395 1579 1435 1607 ut
1456 1585 1526 1607 nou

122 1633 275 1676 amplius
306 1633 503 1675 resisteret,
550 1646 619 1678 quo
654 1647 756 1670 sensu
799 1637 930 1670 nudum
955 1636 1123 1679 fatigare
1154 1635 1304 1667 verbum
1336 1633 1526 1677 aliquoties

120 1699 332 1738 usurpatur,
357 1695 402 1730 cf.
419 1707 449 1729 c.
467 1696 559 1738 XIV,
575 1696 631 1730 2⁰.
684 1697 775 1739 Quos
799 1708 866 1741 ego
885 1696 990 1730 audio
1009 1696 1236 1740 fatigare
1262 1705 1320 1727 vos
1354 1695 1523 1739 singulos,

121 1765 167 1788 ne
193 1755 277 1799 quid
304 1755 347 1790 de
374 1756 515 1790 absente
542 1757 723 1790 statuatis.
748 1757 914 1799 Lxxln,
940 1757 975 1790 2.
1027 1756 1192 1789 Metellus
1223 1755 1376 1788 Marium
1395 1755 1522 1797 sati-

120 1821 312 1860 gantem
341 1816 384 1850 (le
402 1818 618 1860 profectione
643 1818 781 1850 domum
801 1818 956 1851 dimittit.
980 1816 1071 1857 cxi,
1093 1815 1128 1849 3.
1153 1815 1270 1850 Tacit.
1295 1814 1387 1850 nist.
1413 1815 1441 1856 Ι,
1463 1815 1522 1856 29,

116 1876 167 1912 in.
200 1878 315 1911 Galba
342 1878 604 1923 fatigabat
632 1879 741 1912 alieni
766 1879 837 1912 iam
866 1877 1004 1922 imperii
1028 1877 1122 1912 deos.
1169 1877 1382 1919 Plerumque
1404 1880 1522 1910 tamen

113 1938 296 1982 precibus,
330 1938 388 1970 vel
421 1937 547 1972 similis
572 1939 737 1972 vocabuli
772 1939 948 1973 ablativus
971 1937 1130 1978 additur,
1161 1941 1201 1970 ut
1223 1937 1346 1970 multis
1369 1937 1522 1971 ostendit

115 1999 380 2033 Drakenborch.
406 1999 451 2032 ad
479 1998 556 2033 Liv.
586 1999 732 2042 xxvn,
757 1998 816 2041 45,
839 1999 918 2040 1⁰.;
953 1999 1013 2033 sed
1029 2010 1118 2033 cave
1141 2002 1242 2042 putes
1264 1996 1519 2031 substantivum

113 2059 346 2104 supplendum
370 2071 465 2102 esse,
490 2061 550 2093 ubi
575 2072 641 2093 non
658 2061 767 2095 adest.

208 2123 241 2163 §-
264 2121 300 2155 5.
347 2122 440 2156 inter
460 2124 552 2156 alias
568 2135 624 2156 res
641 2122 740 2166 iacit]
766 2121 932 2164 Plerique
956 2120 1041 2154 libri
1058 2120 1134 2160 ait3
1158 2120 1217 2153 sed
1235 2119 1320 2152 iacit
1344 2121 1456 2152 exstat
1479 2116 1516 2151 in

112 2181 320 2224 Mennim,
344 2183 429 2217 Bas.
448 2184 481 2217 1.
507 2182 592 2218 Naz.
616 2194 663 2215 m.
690 2194 743 2225 pr.
767 2182 863 2215 Leid.
889 2182 927 2216 Ia.
955 2183 1059 2215 Rem.
1083 2181 1117 2214 l.
1146 2181 1267 2214 Guelf.
1285 2181 1318 2213 l.
1343 2180 1377 2214 2.
1402 2179 1516 2213 Paris.

113 2255 146 2277 x·
171 2255 203 2277 z.
228 2243 413 2278 Einsiedel.
450 2244 553 2287 idque
586 2243 671 2277 huie
703 2244 779 2276 loco
804 2243 916 2276 multo
945 2241 1243 2277 accommodatius
1279 2253 1355 2275 esse
1386 2240 1515 2284 intppr.

111 2310 206 2338 recte
227 2305 399 2340 viderunt.
448 2306 567 2339 Iacere
595 2305 688 2338 enim
719 2304 862 2348 proprie
886 2304 929 2337 de
959 2303 1002 2337 iis
1026 2303 1176 2345 dicitur,
1221 2313 1312 2346 quae
1335 2301 1452 2346 magis
1478 2301 1514 2335 in

111 2372 312 2400 transcursu
329 2367 556 2410 proferuntur
570 2393 578 2407 ‚
603 2367 659 2400 vel
676 2365 788 2398 obiter
812 2370 1052 2398 memorantur
1064 2389 1074 2405 ,
1099 2375 1207 2407 quam
1224 2364 1266 2396 de
1290 2362 1417 2405 quibus
1433 2362 1516 2396 data

111 2438 219 2470 opera
250 2427 456 2471 disputatur.
489 2428 606 2461 Tacit.
641 2427 779 2461 Annali.
808 2426 866 2467 lv,
897 2425 956 2466 68,
980 2426 1072 2459 med.
1121 2426 1236 2469 Igitur
1265 2423 1422 2457 Latiaris
1450 2423 1513 2455 ia-

112 2498 214 2520 cere
232 2488 470 2530 fortuitos
492 2490 643 2532 primum
666 2498 912 2523 sermones,
937 2486 985 2521 ib.
1011 2487 1074 2528 III,
1093 2486 1128 2527 8,
1149 2486 1239 2520 nied.
1289 2486 1421 2518 Drums
1452 2484 1512 2517 Pi-

112 2548 209 2589 soni,
241 2549 271 2582 si
300 2560 385 2582 vcra
403 2553 523 2593 forent
548 2561 638 2595 quae
669 2551 960 2591 iacerentur,
999 2548 1178 2592 respondit
1209 2552 1276 2580 etc.
1306 2545 1370 2586 111,
1388 2545 1448 2585 66,
1465 2544 1510 2577 in.

114 2610 310 2644 Mamercus
336 2612 482 2655 antiqua
513 2612 670 2655 eterupla
704 2611 894 2644 iaciens.
920 2610 948 2649 1,
966 2610 1022 2649 10,
1047 2614 1134 2644 extr.
1150 2607 1222 2641 Cic.
1239 2619 1273 2650 p.
1299 2607 1404 2639 Rosc.
1421 2615 1511 2638 com.

114 2683 145 2703 c.
171 2670 205 2711 9,
229 2671 286 2706 25.
315 2672 391 2706 biv.
418 2671 465 2713 11,
491 2670 548 2714 12,
582 2671 638 2704 12.
672 2672 847 2705 Drakenh.
885 2671 930 2704 ad
969 2670 1076 2709 xm}
1105 2670 1139 2709 4,
1162 2664 1196 2703 7‘.
1223 2673 1258 2702 ct
1281 2668 1437 2700 Gronov.
1465 2665 1510 2698 ad

114 2732 310 2774 xxxvnt,
343 2733 402 2772 25,
427 2731 462 2768 5.
497 2732 619 2766 unni
645 2733 689 2765 ad
714 2733 808 2765 Suet.
836 2733 916 2765 Ner.
941 2743 974 2765 e.
1000 2729 1180 2764 xxxvu.
1204 2747 1247 2752 —
1285 2727 1449 2761 consulta
1475 2730 1510 2760 et

116 2789 257 2830 decr-§a
278 2795 395 2828 οπιιὲο
418 2794 485 2828 boc
505 2793 627 2828 ordine
649 2793 685 2827 iu
707 2792 883 2837 plurisque
901 2791 1063 2827 unibus
1085 2789 1183 2825 codd.
1201 2788 1352 2834 legitur3
1370 2786 1511 2823 Cor-tiu!
