1630 3034
130 155 217 196 280
501 147 547 190 C.
578 146 900 191 SALLUSTI
929 146 1151 190 GRISPI

133 269 250 312 inter
285 265 477 324 virgulta
517 263 621 322 equi
661 262 976 322 Numidaeque
1020 261 1335 320 consederant,
1376 277 1523 322 neque

136 364 271 424 plane
307 360 516 405 occultati
550 359 799 404 humilitate
827 359 1055 415 arborum,
1091 365 1137 403 et
1172 366 1321 404 tamen
1354 359 1525 417 incerti,

138 458 351 518 quidnam
387 463 526 513 esset,
565 472 699 516 quum
737 462 893 500 natura
927 456 1037 510 loci,
1072 461 1167 500 tum
1199 454 1305 500 dolo
1339 456 1423 516 ipsi
1459 462 1528 500 at-

73 527 77 533 -
141 570 231 615 que
265 556 390 615 signa
425 555 629 599 militaria
674 554 952 613 obscurati);
1001 552 1130 609 dein,
1176 552 1304 597 brevi
1339 554 1529 614 cognitis

105 651 322 707 einsidiis,
357 652 606 712 paullisper
640 665 805 712 agmen
841 650 1079 695 constituit.
1149 649 1217 693 lbi
1254 650 1531 695 commutatis

146 748 378 795 ordinibus
406 749 452 792 in
488 748 677 793 dextero
712 748 880 806 latere,
925 746 1050 806 quod
1088 760 1359 806 proxumum
1394 746 1534 791 hostis

147 871 224 895 cum
259 860 411 894 exercitu
443 860 488 894 ad
520 859 729 905 degrediens
761 857 966 902 pertineant.
1023 857 1171 892 Possunt
1203 861 1321 892 tamen
1352 857 1460 891 etiam
1492 857 1538 891 ad

147 921 364 967 conspicatur
385 920 532 960 referri,
556 920 608 955 ita
630 925 669 955 ut
690 930 812 955 sensus
833 918 903 953 sit:
929 918 1094 953 Metellus
1116 918 1191 963 ipse
1216 922 1322 963 atque
1343 917 1417 953 eius
1440 929 1539 953 exer-

149 983 239 1017 citus
261 983 380 1016 hostes
401 980 627 1025 conspiciunt.

243 1043 277 1085 S.
302 1040 336 1075 5.
381 1042 492 1087 primo
517 1039 640 1073 dubius
660 1057 705 1064 ·——
729 1039 949 1085 ostenderet]
974 1041 1073 1074 Haec
1095 1040 1203 1074 verba
1227 1039 1264 1074 in
1287 1039 1448 1074 omnibus
1464 1039 1540 1074 edd.

151 1103 287 1139 maiore
317 1100 594 1146 interpunctione
627 1111 739 1143 aeque
771 1111 793 1135 a
829 1101 1115 1144 praecedentibus
1145 1105 1249 1144 atquo
1278 1111 1300 1134 a
1323 1100 1545 1144 sequentibus

153 1163 350 1205 disiuncta,
374 1162 426 1198 ita
448 1166 488 1196 ut
513 1161 688 1206 integram
711 1161 989 1196 enunciationem
1012 1149 1201 1203 efficerent,
1225 1172 1289 1206 pro
1314 1166 1414 1205 parte
1437 1173 1541 1206 prae-

153 1235 298 1271 gressae
329 1224 519 1258 sentcntiae
551 1222 743 1265 habemus,
774 1227 814 1256 ut
845 1222 976 1257 indicat
1005 1222 1238 1266 interpunctio
1269 1226 1410 1266 nostra,
1441 1234 1548 1266 quam

155 1286 263 1320 etiam
288 1285 517 1319 Gerlachium
541 1283 577 1317 in
601 1284 655 1318 ed.
672 1284 756 1317 min.
779 1283 898 1318 iniisse
921 1287 1042 1329 postea
1063 1283 1225 1317 vidimus.
1241 1302 1288 1308 —
1309 1284 1398 1328 Equi
1425 1283 1549 1318 Numi-

157 1345 291 1391 daeque
315 1345 353 1380 h.
378 1356 407 1380 e.
435 1345 565 1390 equites
586 1345 787 1390 peditesque
813 1345 1003 1379 Numidici.
1052 1344 1111 1378 Sic
1133 1343 1335 1388 saepissime
1358 1345 1438 1389 equi
1465 1346 1551 1379 viri-—

157 1416 222 1451 que
257 1405 441 1449 dicuntur,
472 1409 511 1440 ut
542 1406 581 1439 hi
613 1405 771 1450 pedites,
815 1406 871 1439 illi
904 1407 1034 1451 equites
1069 1406 1242 1439 denotent.
1273 1406 1319 1439 ci'.
1351 1417 1382 1439 c.
1417 1406 1480 1450 LI,
1514 1406 1550 1441 1.

158 1466 276 1511 Equi
308 1468 423 1510 oiri,
462 1468 576 1501 hostes
600 1467 693 1500 cives
725 1467 904 1512 permixti.
930 1467 1029 1501 Caes.
1052 1467 1096 1502 B.
1124 1466 1168 1501 G.
1193 1465 1284 1508 wll,
1307 1465 1366 1508 36,
1390 1465 1424 1499 3.
1451 1467 1552 1501 Ger-

159 1538 313 1562 manos
343 1530 621 1573 equitesque
654 1528 698 1562 de
735 1529 918 1572 improviso
942 1528 1147 1570 advolasse,
1182 1526 1245 1561 ubi
1269 1537 1302 1561 ν.
1326 1526 1448 1570 intprr.
1495 1526 1554 1561 Si-

161 1587 297 1622 militer
326 1588 492 1622 liberiore
522 1589 627 1622 modo
653 1587 721 1622 sibi
755 1593 978 1632 opponuntur
1001 1590 1128 1623 milites
1149 1593 1184 1622 et
1207 1588 1352 1633 equites,
1386 1589 1556 1623 exercitus

163 1652 199 1683 et
222 1649 408 1693 equitatus.
435 1649 479 1683 cs.
504 1650 602 1682 Voss.
625 1649 668 1682 ad
694 1649 791 1682 Caes.
810 1649 852 1682 B.
871 1649 914 1682 G.
932 1649 972 1691 V,
998 1648 1055 1693 10,
1074 1650 1107 1684 1.
1131 1649 1250 1684 Daris.
1274 1652 1309 1682 et
1333 1648 1554 1692 Oudendorp.

163 1709 210 1744 ad
233 1711 314 1751 Vll,
339 1711 397 1752 61,
429 1709 463 1744 2.
487 1713 522 1744 et
543 1710 588 1743 ad
612 1710 655 1745 Β.
678 1709 782 1750 c.11‚
805 1708 862 1745 39.
898 1710 1054 1744 Gronov,
1087 1709 1130 1744 ad
1163 1710 1242 1745 Liv.
1266 1709 1432 1750 XXVlll,
1457 1709 1494 1750 1,
1520 1707 1556 1743 5.

163 1771 297 1806 Duker.
319 1771 362 1805 ad
395 1771 492 1805 Flor.
516 1770 545 1810 1,
572 1768 629 1812 18,
652 1770 686 1803 6.
712 1770 824 1804 Conr.
850 1787 896 1794 —
929 1770 999 1803 Pro
1023 1770 1188 1804 occultati
1221 1769 1458 1812 Gerhchius,
1488 1781 1557 1804 non

164 1835 302 1866 constat
320 1831 422 1872 unde,
445 1831 481 1864 in
505 1834 600 1865 textu
624 1830 763 1874 scripsit
785 1831 952 1864 occultari
959 1841 972 1871 ‚·
996 1829 1031 1864 in
1054 1831 1264 1864 Commentt.
1287 1832 1402 1863 tamen
1426 1841 1459 1874 Ρ.
1477 1829 1559 1864 290.

166 1892 212 1928 ad
234 1893 419 1938 vulgatam
441 1891 557 1925 rediit.
585 1910 630 1916 —
654 1891 784 1925 Incerti
804 1891 943 1935 passivo
974 1903 1074 1925 sensu
1104 1891 1201 1925 valet
1223 1891 1265 1924 de
1288 1889 1354 1932 iis,
1388 1890 1449 1934 qui
1474 1902 1560 1935 qua-

166 1955 218 1989 les
252 1954 320 1988 sint
351 1965 422 1988 non
453 1951 618 1998 cognosci
652 1956 714 1986 aut
754 1957 917 1987 accurate
947 1950 1116 1997 distingui
1149 1954 1312 1994 possunt3
1353 1961 1386 1983 V.
1419 1951 1560 1986 Walch.

167 2014 334 2050 Emendd.
360 2015 439 2049 Liv.
459 2025 492 2058 p.
520 2012 602 2047 207.
625 2011 686 2057 qui
710 2017 868 2046 nostrum
893 2014 1010 2047 locum
1047 2012 1194 2047 contulit
1217 2021 1297 2045 cum
1321 2010 1422 2045 Livio
1447 2013 1561 2054 XXX,

166 2074 224 2118 35,
248 2076 282 2111 9.
318 2076 458 2110 Italicos
482 2074 687 2107 incertos
711 2074 794 2108 socii
814 2085 860 2108 an
884 2074 1000 2110 hostes
1025 2078 1147 2114 essent,
1171 2073 1207 2106 in
1226 2077 1436 2117 postremam
1452 2073 1563 2107 aciem

168 2137 360 2177 submotos,
394 2135 454 2170 ubi
485 2145 520 2169 v.
545 2135 725 2169 Drakenb.
761 2135 947 2170 Praeterea
988 2134 1128 2169 Curtius
1150 2132 1310 2168 laudavit
1332 2133 1450 2168 Tacit.
1473 2134 1564 2167 Anu.

168 2197 230 2238 lu,
254 2196 320 2238 42,
342 2195 376 2233 3.
428 2197 552 2230 Florus
581 2197 780 2230 incertis
813 2197 956 2231 latebris
989 2197 1136 2230 victores
1165 2197 1372 2239 frustratus.
1421 2193 1566 2228 Similia

169 2261 251 2293 sunt
275 2258 438 2302 exempla
463 2256 579 2291 Tacit.
605 2257 692 2291 Anu.
711 2257 738 2299 1,
754 2258 811 2299 50,
826 2257 859 2291 l.
903 2258 975 2292 lter
997 2256 1150 2291 hostibus
1174 2257 1420 2290 incautum.
1447 2256 1565 2290 Plane.

172 2318 267 2353 Rud.
299 2319 336 2363 1,
371 2318 415 2360 5,
449 2318 505 2352 17.
562 2319 660 2361 Quae
691 2319 728 2352 in
759 2319 842 2353 locis
869 2318 1039 2353 nesciis
1071 2317 1189 2350 nescia
1224 2328 1285 2361 spe
1314 2325 1441 2350 sumus.
1487 2315 1568 2350 Ana

173 2379 327 2413 eiusdem
352 2379 492 2423 generis
514 2379 725 2425 collegimus
749 2380 794 2413 ad
819 2380 893 2414 cat.
923 2381 976 2421 X,
1002 2378 1034 2414 5.
1054 2383 1089 2412 ct
1111 2372 1242 2420 XY,‘4.
1290 2376 1343 2410 Ad
1367 2376 1490 2411 incerti
1506 2387 1568 2411 vo—

175 2452 251 2474 cem
277 2441 518 2484 praedicatum
553 2445 675 2473 neutro
703 2451 831 2485 genere
862 2441 1030 2481 retertur,
1065 2438 1148 2483 qnia
1171 2442 1313 2482 propter
1332 2437 1477 2471 dubium
1501 2437 1567 2470 ho-

176 2502 281 2535 stium
309 2502 434 2535 faciem
463 2512 529 2534 nou
556 2501 751 2541 constabat,
777 2512 901 2534 verene
929 2502 997 2534 viri
1020 2503 1154 2540 essent3
1180 2499 1297 2542 itaquo
1319 2498 1431 2531 solent
1455 2495 1568 2530 [antini

177 2561 296 2605 loqui,
330 2561 390 2595 ubi
420 2573 605 2607 personam
640 2573 707 2595 non
741 2547 897 2605 respectu
932 2560 1142 2595 condicionis
1169 2563 1350 2599 externae,
1382 2556 1442 2591 sed
1465 2568 1570 2591 verae

178 2623 305 2657 indolis
333 2634 417 2656 suno
450 2623 484 2656 in
520 2622 720 2655 universum
753 2621 990 2662 consi1lerunt3
1024 2633 1058 2656 v.
1092 2622 1188 2655 Cort.
1222 2620 1265 2655 ad
1301 2618 1373 2654 Cic.
1406 2619 1494 2662 Epp.
1526 2618 1570 2651 ml

179 2683 317 2717 Famm.
344 2683 389 2721 V,
415 2683 480 2724 12,
513 2683 570 2718 21.
620 2684 742 2727 Neque
779 2683 869 2716 enim
904 2688 941 2717 tu
976 2684 1006 2716 is
1039 2693 1092 2723 es,
1127 2682 1186 2727 qui
1212 2680 1328 2726 quid
1359 2679 1407 2713 sis
1429 2679 1573 2713 nescias.

180 2744 315 2779 Duker.
340 2744 382 2778 ml
408 2745 503 2777 Flor.
530 2744 587 2787 Π,
615 2743 650 2785 2,
673 2743 729 2778 w.
781 2744 912 2777 Cacsar
937 2744 1059 2778 cadem
1083 2744 1229 2782 timeus,
1249 2744 1432 2788 postquam
1455 2739 1573 2774 idem
