1630 3034
387 160 745 205 IUGURTHA.
805 161 930 205 (ΒΔΓ.
960 162 1166 205 LXXIX.
1390 168 1474 207 413

229 278 436 324 LXXIX.
517 277 612 323 Sed
669 277 880 336 quoniam
929 279 974 321 in
1018 277 1100 322 has
1145 279 1351 338 regiones
1387 295 1472 340 per

94 375 435 436 Leptitanorum
471 374 653 435 negotia
686 373 910 427 venimus,
943 389 1040 417 -non
1074 374 1309 434 indignum
1343 376 1471 420 vide-

90 479 162 516 tur
192 472 426 532 egregium
454 477 586 529 atque
614 469 814 513 mirabile
850 469 1017 514 facinus
1054 470 1244 515 duorum
1280 470 1471 516 Cartha-

90 568 354 629 giniensium
390 582 660 620 memorare3
696 581 794 610 eam
831 581 926 609 rem
961 581 1041 610 nos
1074 567 1198 610 locus
1229 566 1468 613 admonuit.

89 665 193 720 Qua
227 655 491 724 tempestate
528 662 916 722 Carthaginienses
946 662 1165 721 pleraque
1199 664 1352 721 Africa
1379 664 1502 708 im—2

90 761 368 821 peritabant,
419 759 701 819 Cyrenenses
749 773 929 816 quoque
972 760 1124 819 magni
1169 766 1304 818 atque
1349 776 1466 821 opu-

86 858 192 902 lenti
233 857 372 901 fuere.
443 857 571 916 Ager
614 856 659 898 in
704 854 855 899 medio
891 869 1127 912 arenosus,
1172 871 1259 900 una
1294 859 1506 917 specie33

83 1003 172 1036 gum
200 992 415 1036 patriarum,
447 991 506 1026 sed
529 992 625 1036 leges
647 990 787 1024 omnino
810 989 1013 1031 retinuisse,
1043 1001 1152 1034 quum
1183 990 1297 1025 alieno
1321 991 1469 1036 imperio

83 1064 261 1096 nunquam
293 1055 470 1096 parerent3
509 1050 612 1094 idque
645 1051 852 1085 Sallustium
876 1050 992 1083 dicere
1028 1051 1182 1084 voluisse
1205 1052 1384 1094 sequentia
1407 1054 1466 1086 de-

83 1113 226 1148 clarant.
276 1114 412 1147 Cultum
444 1115 564 1146 autem
594 1111 618 1146 i.
642 1122 672 1145 e.
696 1111 896 1145 universam
920 1114 1081 1144 externae
1115 1110 1207 1144 vitae
1228 1111 1400 1146 rationem
1424 1124 1467 1147 ex

83 1173 203 1216 aliqua
226 1177 325 1217 parte
355 1173 581 1207 immutatum
604 1172 712 1206 fuisse
734 1184 802 1206 non
828 1175 878 1206 est
900 1171 1056 1213 mirum,
1090 1183 1200 1215 quum
1227 1173 1296 1206 hae
1318 1185 1374 1207 res
1396 1186 1466 1208 non

83 1233 186 1268 unice
215 1245 259 1268 ex
282 1233 440 1268 moribus
465 1236 499 1267 et
532 1232 716 1275 institutis,
757 1232 816 1266 sed
847 1232 954 1267 etiam
987 1244 1030 1266 ex
1063 1233 1140 1267 loco
1174 1236 1279 1276 atque
1311 1237 1466 1278 temporo

84 1295 266 1339 pendeant.
285 1314 328 1320 —-
353 1294 516 1329 Procul
545 1295 588 1328 ab
614 1293 757 1337 imperio
781 1293 878 1338 regis
903 1292 926 1325 i.
962 1303 992 1326 e.
1015 1292 1158 1337 regibus
1183 1305 1360 1337 nunquam
1383 1296 1466 1329 sub-

81 1354 175 1389 iecti.
221 1356 301 1390 Hoc
324 1359 440 1390 autem
463 1353 638 1398 significat
668 1352 869 1394 Sallustius,
894 1364 1013 1397 reges,
1039 1352 1099 1397 qui
1123 1365 1163 1386 ex
1189 1354 1336 1403 arbitrio
1360 1358 1395 1389 et
1418 1355 1464 1389 li-

82 1415 199 1450 bidine
222 1427 327 1461 agere
349 1415 504 1455 soleant,
527 1413 704 1457 proclives
727 1425 801 1447 esse
823 1415 867 1447 ad
892 1417 1025 1447 veteres
1048 1415 1314 1449 consuetudines
1337 1416 1463 1450 tollen-

83 1476 145 1510 das
163 1477 330 1521 novisque
361 1475 518 1509 moribus
543 1474 741 1507 inducendis
766 1475 857 1508 vitae
880 1474 1163 1517 aequabilitatem
1187 1476 1464 1510 turbandam.—

86 1537 335 1581 Frequentem,
359 1548 408 1570 se.
434 1535 567 1580 oppidis
598 1538 633 1568 et
663 1534 876 1575 cultoribus3
908 1536 954 1568 cf.
986 1547 1017 1568 c.
1041 1536 1192 1578 xmnl,
1216 1535 1251 1569 4.
1285 1537 1380 1571 Curt.
1403 1538 1462 1579 ΠΙ,

83 1597 116 1641 1,
141 1598 197 1634 11.
246 1598 401 1643 Phrygia
421 1597 575 1641 pluribus
599 1595 694 1636 vicis,
719 1605 823 1639 quam
848 1596 988 1630 urbibus
1004 1598 1181 1641 frequens.
1201 1614 1245 1623 —
1261 1598 1312 1631 De
1336 1599 1464 1642 copula

81 1658 174 1692 vasti
194 1659 366 1691 vocabulo
390 1658 509 1692 addita
532 1668 565 1689 v.
591 1656 634 1689 ad
658 1667 688 1689 c.
714 1656 785 1696 ΟΠ,
811 1654 868 1689 10.

171 1718 328 1752 LXXIX.
352 1721 383 1761 5.
409 1720 442 1752 1.
489 1717 671 1762 quoniam]
705 1725 738 1748 v.
764 1715 809 1749 ad
832 1727 861 1749 c.
888 1717 953 1758 ΙΙΙ,
975 1718 1009 1751 1.
1036 1738 1079 1744 -
1111 1719 1164 1752 De
1190 1729 1255 1762 per
1284 1718 1462 1763 praeposi-

81 1777 174 1812 tione
196 1789 230 1813 ν.
255 1783 422 1814 annotata
452 1780 496 1813 ad
520 1790 549 1811 c.
573 1777 707 1816 xeni,
733 1775 765 1809 1.
791 1795 834 1800 —
868 1777 1019 1811 Facinus
1040 1777 1075 1812 in
1100 1778 1298 1812 universum
1333 1783 1385 1813 est
1408 1780 1461 1813 fa-

80 1843 172 1873 ctum
197 1840 288 1882 quod
309 1851 379 1873 non
403 1839 476 1874 siue
498 1848 628 1883 magna
650 1835 768 1880 aliqua
792 1837 944 1871 audacia
967 1842 1192 1882 perpetratur.
1231 1839 1331 1882 Quae
1353 1851 1462 1883 quum

80 1898 227 1942 duplicis
249 1898 295 1934 sit
314 1900 471 1944 generis,
496 1904 558 1933 aut
580 1896 708 1931 nobilis
732 1897 818 1937 illa,
851 1909 940 1940 quae
962 1899 997 1932 in
1019 1899 1273 1933 contemnendis
1298 1898 1463 1942 periculis

81 1960 251 1999 cernitur,
287 1964 347 1994 aut
375 1970 486 2003 prava
516 1963 551 1992 et
581 1957 683 1991 malis
713 1957 847 1991 artibus
871 1958 1075 2002 conspicua,
1109 1959 1215 1994 facile
1238 1959 1459 2004 intelligitur,

82 2030 143 2053 cur
173 2018 240 2052 ista
271 2030 338 2052 vox
370 2020 472 2053 modo
494 2018 695 2063 egregium,
730 2017 835 2051 modo
868 2018 1070 2052 detestabile
1103 2019 1238 2053 factum
1271 2019 1459 2063 significet.

83 2080 136 2112 De
160 2079 272 2114 altera
295 2083 464 2123 potestate
486 2078 637 2112 diximus
662 2077 706 2110 ad
731 2077 804 2111 Cat.
829 2077 874 2121 11,
898 2078 945 2121 9.,
971 2079 1012 2112 de
1035 2080 1146 2113 altera
1170 2080 1213 2113 ad
1236 2079 1326 2121 XIV,
1351 2079 1384 2113 l.
1410 2080 1457 2113 cr.

80 2138 275 2172 Doederlin.
307 2139 500 2183 Synonym.
533 2139 622 2172 Latt.
653 2138 729 2172 Vol.
752 2138 797 2170 11.
830 2150 863 2181 p.
898 2139 965 2173 145
988 2151 1060 2183 sqq.
1085 2159 1130 2164 ——-
1162 2140 1235 2173 Nos
1268 2150 1458 2183 pronomen

80 2203 160 2233 ante
183 2200 274 2232 locus
297 2210 377 2233 cum
402 2199 592 2233 Gerlachio
616 2198 840 2242 retinuimus,
873 2199 1011 2242 optimis
1033 2199 1259 2243 plurimisque
1286 2198 1385 2234 libris
1407 2200 1458 2234 ita

79 2259 313 2294 suadentibus.
361 2258 498 2294 Tamen
517 2258 638 2304 negari
660 2258 779 2302 nequit
802 2259 982 2302 Cortium,
1016 2259 1075 2303 qui
1098 2260 1187 2294 illud
1210 2259 1358 2303 delevit,
1386 2271 1456 2294 non

80 2320 153 2355 sine
183 2320 307 2354 idonea.
337 2330 456 2355 caussa
479 2320 590 2354 xideri
613 2319 648 2353 id
673 2320 816 2361 fecisse3
849 2331 930 2354 nam
953 2320 989 2354 in
1011 2320 1150 2355 Fabric.
1174 2319 1206 2353 1.
1231 2320 1266 2354 2.
1289 2319 1393 2354 Misn.
1420 2323 1455 2354 et

82 2381 228 2416 Goerlit.
259 2392 447 2424 pronomen
479 2381 608 2426 legitur
639 2385 719 2414 ante
742 2381 940 2422 admonuit,
971 2381 1008 2415 in
1044 2382 1161 2415 Guelf.
1184 2381 1240 2415 12.
1265 2384 1347 2415 ante
1369 2392 1453 2422 rem,

81 2451 123 2473 ac
145 2441 238 2474 deest
261 2441 363 2484 plane
386 2441 421 2475 in
446 2442 522 2476 tin.
547 2442 579 2476 2.
606 2441 686 2475 Sen.
710 2441 743 2475 2.
767 2443 892 2477 llcuss.
918 2443 1033 2477 Guelf.
1060 2442 1116 2476 10.
1143 2442 1236 2475 Med.
1259 2440 1293 2475 4.
1318 2446 1353 2476 et
1374 2442 1452 2479 Vat.

80 2500 128 2542 5„
150 2502 239 2535 unde
262 2501 427 2535 coniicias
450 2513 492 2536 ex
514 2502 631 2546 glossa
654 2501 689 2535 in
713 2501 864 2536 auctoris
886 2503 994 2537 verba
1016 2513 1089 2536 esse
1110 2502 1258 2536 illatum.

171 2564 201 2603 ἕ.
226 2560 259 2594 2.
305 2562 469 2607 pleraque
496 2563 620 2605 Africa
652 2561 920 2607 imperitabant]
950 2562 1078 2596 Omnes
1101 2561 1239 2595 omnino
1261 2561 1359 2596 codd.
1383 2561 1447 2595 ha-

81 2622 162 2656 bent
181 2623 366 2668 pleraeque
391 2623 533 2667 Africae
558 2623 664 2666 imp.‚·
686 2623 745 2656 sed
777 2623 971 2657 ablativum
1000 2622 1173 2666 antiquius
1201 2623 1326 2658 nostris
1349 2623 1448 2657 codd.

81 2682 316 2716 testimonium
339 2686 456 2717 tuetur
478 2683 638 2717 Arusiani
659 2683 788 2725 Messi,
819 2683 879 2726 qui
908 2682 945 2715 in
968 2683 1125 2727 Exempl.
1147 2683 1299 2718 Elocutt.
1321 2683 1447 2727 (Corp.

83 2742 289 2779 Grammatt.
311 2743 439 2787 antiqq.
464 2743 540 2777 Lat.
567 2743 639 2777 Vol.
662 2743 690 2777 1.
721 2754 755 2786 p.
779 2741 860 2777 237.
885 2743 938 2776 ed.
961 2742 1203 2787 Lindemann.)
1225 2747 1263 2778 ut
1285 2743 1446 2778 defende-
