1630 3034
454 157 820 202 IUGURTHA.
880 158 1010 204 CAP.
1041 160 1086 201 L.
1390 165 1476 206 283

96 275 201 319 inde
235 275 334 335 ipse
377 289 470 334 pro,
509 290 560 318 re
601 280 736 333 atque
772 274 900 329 loco,
949 275 1077 319 sicuti
1109 283 1259 320 monte
1288 276 1477 322 descen—

96 370 247 427 derat,
292 348 525 431 paullatim
568 370 837 432 procedere,
883 369 1082 415 Marium
1116 380 1222 431 post
1255 369 1479 433 principia

83 466 287 522 habere,
324 468 426 528 ipse
469 482 571 512 cum
608 468 808 511 sinistrae
844 468 943 511 alae
980 467 1200 525 equitibus
1235 484 1354 527 esse,
1400 471 1477 528 qui

95 564 141 606 in
183 564 364 623 agmine
406 564 631 623 principes
666 563 770 607 facti
815 569 949 610 erant.
1022 565 1082 608 At
1117 564 1356 624 Iugurtha,
1401 567 1515 611 ubis

97 665 342 703 extremum
384 675 551 721 agmen
602 659 776 703 Metelli
819 660 987 719 primos
1029 675 1134 704 suos
1168 667 1478 722 praetergres—

96 770 194 799 sum
240 756 386 816 videt,
438 755 660 816 praesidio
707 756 832 814 quasi
875 756 1013 800 duum
1059 757 1479 817 millium'peditum

95 858 293 896 montem
329 860 536 913 occupat,
571 868 660 912 qua
697 852 907 897 Metellus
931 852 1238 909 descenderat,
1272 870 1330 898 ne
1363 855 1480 900 forte

95 993 212 1023 nostro
230 990 306 1024 loco
329 1003 447 1025 sensus
470 991 608 1036 proprie
629 995 699 1025 est:
722 991 871 1036 experiri
888 1002 970 1025 num
988 991 1155 1025 lassitudo
1171 995 1204 1025 et
1220 990 1293 1024 sitis
1309 991 1482 1028 militibus

95 1050 240 1085 emitari
264 1056 397 1095 posset,
428 1063 476 1086 ec.
500 1063 570 1095 quo
591 1052 788 1086 deficerent.
835 1051 964 1086 Melius
985 1064 1067 1086 cum
1090 1053 1159 1086 hoc
1181 1053 1343 1087 convenit
1364 1065 1481 1088 exem-

96 1110 196 1153 plum
221 1122 243 1145 a
269 1112 388 1145 Cortio
412 1113 560 1146 allatum
584 1123 625 1146 ex
649 1111 783 1146 velleio
807 1113 859 1154 11,
882 1111 950 1157 71,
975 1111 1008 1146 5.
1057 1113 1114 1147 Ne
1138 1116 1321 1148 tentata
1343 1115 1481 1159 quidem

97 1170 204 1204 hostis
227 1172 562 1207 misericordia.

191 1233 224 1273 §-
248 1231 280 1265 2.
300 1237 333 1265 et
351 1232 385 1267 3.
435 1233 589 1278 Deinde]
622 1233 783 1275 Certim,
817 1236 857 1266 ut
879 1232 966 1266 solet
989 1231 1025 1265 in
1052 1232 1123 1266 hac
1154 1242 1254 1274 voce,
1286 1233 1359 1267 sine
1383 1236 1480 1270 codd.

96 1291 237 1334 scripsit
261 1293 351 1326 dein.
374 1314 420 1320 -
445 1294 600 1328 Marium
629 1299 707 1338 post
738 1294 912 1338 principia
946 1294 1073 1327 habere
1106 1305 1156 1328 sc.
1186 1299 1224 1328 ut
1248 1299 1388 1330 curaret
1409 1297 1484 1340 pri·

97 1361 193 1385 mam
218 1352 340 1387 aciem.
374 1354 488 1388 Coar.
512 1373 558 1380 ·--
594 1355 635 1388 In
662 1355 806 1399 agmine
837 1354 1009 1398 principes
1033 1353 1192 1387 W‘assius
1215 1366 1400 1398 perperam
1424 1369 1483 1391 ex-

97 1412 222 1456 plicat:
255 1414 368 1447 vicem
392 1414 584 1448 obtinentes
608 1414 827 1458 principum,
860 1418 1017 1458 respectu
1040 1414 1209 1449 hostium.
1258 1416 1370 1450 Recte
1394 1418 1484 1453 Ger-

97 1473 232 1507 lachius
254 1475 361 1508 verba
381 1474 495 1519 cepit,
519 1475 608 1509 haec
631 1481 817 1510 annotans:
843 1475 1019 1521 „Agmine
1039 1476 1247 1518 procedente
1270 1477 1407 1512 initium
1427 1480 1484 1514 iti-

99 1535 192 1568 neris
216 1546 237 1568 a
252 1535 412 1569 sinistrae
438 1537 516 1569 ulae
539 1535 713 1580 equitibus
737 1537 909 1570 factum.“
933 1552 980 1561 --
1008 1535 1117 1577 Quasi
1133 1534 1155 1569 i.
1172 1546 1202 1569 e.
1220 1536 1370 1579 circiter,
1387 1550 1419 1575 v,
1440 1541 1484 1574 ad

98 1605 128 1631 c.
148 1595 311 1635 xum,
341 1595 373 1630 3.
398 1595 539 1630 Sueten.
577 1597 690 1642 Calig.
723 1608 753 1633 c.
778 1596 836 1631 58.
890 1596 991 1630 Hora
1024 1595 1125 1639 quasi
1154 1596 1312 1639 septima.
1336 1616 1383 1624 —-
1414 1601 1484 1636 Pro

98 1667 168 1700 qua
192 1656 227 1689 in
252 1657 372 1693 Guelf.
394 1657 451 1692 10.
473 1661 508 1691 et
531 1655 566 1691 4.
589 1668 636 1690 m.
662 1669 715 1701 pr.
739 1661 790 1691 est
812 1668 899 1702 quo3
922 1667 957 1692 v,
981 1656 1025 1689 ad
1049 1667 1080 1690 c.
1105 1657 1300 1700 xxxvm,
1324 1657 1358 1695 6.

188 1716 221 1759 S.
246 1715 277 1750 4.
330 1718 506 1752 Numidae
531 1718 595 1752 alii
615 1737 655 1743 —
672 1717 785 1762 pars]
807 1719 861 1751 De
884 1717 1116 1763 grammatica
1140 1718 1270 1751 horum
1293 1720 1483 1756 verborum

97 1775 232 1811 ratione
265 1787 298 1812 v,
323 1783 445 1812 notata
471 1778 514 1812 ad
539 1789 568 1811 c.
596 1778 697 1820 xlx,
721 1779 755 1812 1.
781 1767 825 1804 ss-
858 1779 988 1812 Adesse
1018 1777 1192 1812 interdum
1216 1778 1336 1822 iniquo
1361 1786 1397 1815 et
1418 1783 1483 1817 ho-

97 1837 169 1871 stili
200 1849 302 1871 sensu
333 1837 422 1880 dici,
455 1839 608 1872 maxime
631 1838 693 1872 ubi
717 1837 890 1872 adiectivo
915 1839 1035 1873 addito
1069 1838 1136 1873 ista
1158 1842 1308 1883 potestas
1337 1841 1485 1877 adiuva-

97 1901 174 1939 tur,
210 1890 282 1931 iam
316 1897 466 1932 vidimus
488 1899 533 1932 ad
558 1899 631 1932 Cat.
656 1898 738 1940 Lu,
762 1898 819 1932 19.
867 1899 1045 1943 Exemplis
1078 1899 1126 1932 ibi
1152 1899 1303 1933 laudatis
1325 1902 1486 1937 addimus

99 1967 189 2000 quae
211 1958 350 1992 eortius
375 1959 418 1992 ad
443 1959 519 1992 h.1.
543 1959 782 2001 comparavit,
807 1958 883 1993 niv.
909 1958 1017 2001 XXV,
1042 1957 1101 2000 31,
1123 1957 1157 1992 3.
1207 1959 1398 1995 Masinissa
1422 1974 1486 1997 as-

100 2017 198 2050 uidae
230 2019 305 2052 dieo
336 2023 517 2063 noctesque
558 2019 760 2061 infestus
796 2018 972 2053 aderat.
1008 2019 1105 2052 Flor.
1130 2019 1190 2060 111,
1212 2017 1247 2053 5.
1295 2021 1485 2065 Aderat,

100 2074 276 2118 instuffizt,
312 2079 461 2111 saevitia
493 2079 594 2122 quasi
616 2079 744 2112 virtute
766 2080 942 2114 utebatur.
965 2097 1011 2104 —
1043 2079 1238 2122 Ludificari
1260 2079 1287 2113 ii
1313 2081 1486 2127 dicuntur,

100 2136 161 2180 qui
187 2137 300 2171 vexati
324 2143 359 2171 et
381 2138 534 2171 ludibrio
558 2138 672 2172 habiti
696 2138 730 2171 id
754 2139 845 2181 quod
869 2139 992 2173 volunt
1022 2139 1187 2182 perficere
1211 2147 1403 2184 nequeunt3
1437 2143 1488 2178 ita

103 2198 247 2231 verbum
282 2199 432 2232 hahetur
460 2198 569 2232 etiam
601 2199 693 2242 apud
718 2199 832 2234 Tacit.
857 2199 944 2235 Anu.
968 2199 1036 2238 ΙΙΙ,
1062 2198 1122 2240 21,
1144 2198 1178 2231 4.
1202 2200 1296 2235 Flor.
1321 2203 1365 2245 ll,
1391 2204 1424 2237 2.
1442 2223 1486 2230 —

103 2259 326 2292 Incertum
347 2259 513 2303 proelium
537 2262 587 2292 est
611 2270 679 2292 non
705 2259 829 2293 stabile
851 2265 885 2293 et
906 2258 1054 2292 varium.
1076 2258 1187 2294 Coar.
1202 2278 1247 2285 --
1269 2261 1342 2306 Ipsi
1364 2264 1486 2298 modo

102 2319 125 2352 i.
151 2319 271 2363 espa·
293 2330 336 2352 ,ο
351 2319 408 2359 12·,·
432 2319 476 2353 cf.
503 2330 533 2353 c.
559 2308 621 2361 xi,
645 2318 679 2353 8.
703 2320 857 2362 Lxxw,
882 2319 915 2353 5.
940 2320 1129 2362 mxxviii,
1153 2318 1188 2352 4.
1211 2339 1257 2345 -
1287 2322 1394 2367 eopia
1410 2329 1487 2358 erae

101 2379 175 2413 sine
199 2379 318 2412 dativo
342 2380 472 2412 dictum
487 2405 496 2422 ‚
531 2380 591 2423 qui
617 2390 718 2413 casus
747 2391 851 2423 saepe
873 2380 1085 2424 supplendus
1109 2383 1178 2421 θείς
1210 2391 1245 2415 V.
1272 2381 1316 2415 ad
1339 2394 1370 2419 c.
1393 2384 1486 2427 le,

103 2440 160 2474 19.
189 2458 234 2465 -—
258 2441 326 2474 Pro
351 2439 585 2474 Romanorum
612 2445 761 2474 turma
792 2440 955 2482 Cottius,
992 2440 1109 2485 aipp„
1133 2440 1287 2485 langius
1310 2446 1346 2477 et
1370 2444 1483 2477 Muel-

102 2500 194 2535 lerus
217 2499 429 2544 scripserunt
454 2500 553 2534 Rom.
579 2502 736 2542 turba,
761 2506 798 2535 ut
820 2502 913 2536 male
936 2506 1048 2535 exstat
1070 2501 1106 2535 in
1134 2501 1253 2536 Guell'.
1276 2501 1312 2536 7.
1338 2503 1426 2537 Tur.
1452 2503 1485 2537 1.

102 2561 286 2595 Einsiedel.
318 2561 411 2606 Reg.
438 2560 532 2594 Med.
559 2561 593 2595 2.
618 2559 652 2595 5.
687 2560 770 2594 Ven.
794 2561 830 2595 2.
876 2561 953 2596 Non
984 2561 1142 2595 solebant
1176 2561 1270 2596 enim
1302 2562 1409 2598 Rom.
1433 2564 1487 2598 in-

103 2621 282 2655 conditam·
303 2633 455 2667 pugnam
480 2632 578 2655 more
598 2622 828 2656 barbarorum
851 2622 960 2663 inire,
982 2621 1041 2655 sed
1059 2622 1196 2657 ordines
1217 2634 1357 2657 servare
1381 2635 1488 2667 quam

106 2681 376 2724 accuratissime,
403 2682 436 2715 in
461 2693 530 2726 qua
553 2693 591 2715 re
614 2693 680 2716 non
705 2682 850 2717 minima
874 2683 1080 2717 cernebatur
1108 2681 1258 2718 militiae
1282 2683 1387 2717 Rom.
1413 2683 1486 2718 vir-

106 2744 160 2776 tus
185 2751 227 2777 ac
248 2742 338 2777 laus.
387 2743 519 2777 Turma
542 2745 661 2777 autem
684 2742 857 2788 singulari
891 2753 1039 2778 numero
1063 2742 1216 2789 positum
1239 2754 1307 2778 non
1331 2744 1374 2777 de
1398 2754 1487 2777 ona
