1630 3034
391 147 755 192 IUGURTHA.
815 147 948 190 CAP.
982 147 1240 192 LXXXIX.
1413 156 1497 196 481

111 282 240 325 aqua,
275 271 424 311 cetera
457 266 610 326 pluvia
639 265 887 310 utebantur.
956 264 1013 309 Id
1044 265 1193 325 ibique
1224 273 1269 311 et
1298 267 1342 311 in
1378 269 1537 317 omni7

108 364 292 423 Africa,
330 379 446 422 quae
480 363 640 423 procul
675 378 702 406 a
736 363 847 406 mari
877 362 1082 407 incultius
1114 364 1304 424 agebat,
1341 380 1396 409 eo
1423 366 1496 409 fa-

108 460 235 505 cilius
279 460 582 516 tolerabatur,
637 459 741 517 quia
785 459 1008 503 Numidae
1061 461 1330 520 plerumque
1377 462 1494 507 lacte

107 563 152 601 et
188 557 330 601 ferina
375 572 507 600 carne
546 556 863 611 vescebantur,
909 562 954 599 et
988 572 1135 616 neque
1171 558 1308 602 salem
1345 574 1493 617 neque

105 655 190 698 alia
224 654 495 698 irritamenta
530 654 664 713 gulae
700 653 999 711 quaerebant3
1043 653 1166 697 cibus
1203 655 1285 698 illis
1321 655 1525 707 advor-8

105 767 204 796 sum
243 751 409 795 famem
460 756 593 809 atque
632 749 770 805 sitim,
814 765 903 794 non
946 750 1135 795 lubidini
1170 767 1318 811 neque
1356 753 1489 799 luxu-

102 849 193 893 riae
216 853 335 895 erat.

100 975 186 1010 bulo
219 986 312 1019 aqua
342 985 518 1022 nunquam
550 974 729 1018 deficiens,
764 976 860 1010 velut
890 976 1031 1010 lacuum
1066 979 1127 1011 aut
1157 976 1261 1011 etiam
1287 979 1488 1021 puteorum,

100 1037 170 1071 hoc
199 1049 333 1082 semper
359 1038 517 1080 fluens
549 1036 771 1081 designetur,
813 1048 882 1080 quo
922 1038 1020 1071 valde
1055 1041 1265 1074 sustentatur
1288 1037 1490 1071 Doederlini

101 1097 289 1140 sententia,
310 1098 472 1142 perennis
495 1108 563 1131 non
588 1108 610 1130 a
629 1108 692 1141 per
714 1102 748 1131 et
772 1109 904 1138 annus,
927 1098 986 1131 sed
1010 1109 1032 1132 a
1053 1109 1116 1142 per
1140 1102 1174 1133 et
1209 1098 1320 1132 amnis
1346 1098 1490 1131 ductum

98 1170 186 1193 esse.
209 1178 255 1184 —
280 1159 425 1199 Cetera,
460 1158 552 1202 quod
585 1157 742 1203 Langius
778 1158 813 1191 in
844 1158 975 1192 incerto
999 1158 1188 1202 relinquit,
1228 1162 1347 1192 utrum
1372 1169 1486 1192 accus.

97 1221 202 1265 plur„
226 1231 270 1254 an
291 1220 467 1254 ablativus
489 1218 618 1264 singul.
651 1218 718 1260 sit,
750 1230 818 1252 non
853 1230 953 1262 posse
984 1219 1054 1253 alio
1079 1223 1183 1262 atque
1206 1223 1303 1253 sexto
1329 1230 1412 1252 casu
1436 1217 1489 1252 di-

98 1285 194 1316 ctum
227 1293 302 1315 esse
333 1285 429 1325 patet
453 1291 494 1313 ex
518 1278 676 1323 opposito
699 1280 872 1313 vocabulo
897 1291 994 1320 una‚·
1035 1284 1128 1314 recte
1152 1280 1262 1325 igitur
1285 1279 1410 1312 relicui
1435 1279 1490 1312 in-

96 1345 264 1387 terpretes
287 1354 380 1387 aqua
411 1341 641 1385 supplendum
675 1344 823 1374 censent.
870 1341 922 1373 De
951 1341 1097 1385 propria
1121 1344 1289 1385 potestate
1311 1339 1407 1374 vocis
1431 1351 1488 1374 ce-

96 1409 175 1439 tera
197 1415 232 1437 v.
257 1405 300 1439 ad
325 1416 355 1438 c.
376 1403 467 1444 LXI,
490 1402 524 1435 2.
572 1400 753 1445 Singulari
775 1412 922 1434 numero
946 1401 1079 1447 legitur
1102 1402 1208 1436 etiam
1233 1401 1309 1435 Cat.
1334 1401 1428 1442 XIII,
1450 1400 1485 1435 3.

96 1466 257 1507 XXXVI,
280 1465 315 1498 2.
340 1463 465 1504 me,
490 1462 524 1498 1.
549 1461 623 1503 Lu,
645 1461 701 1495 31.
727 1463 818 1502 LIX,
842 1461 875 1496 5.
900 1462 978 1507 lug.
1006 1463 1114 1506 XCII,
1141 1461 1174 1497 5.

186 1526 219 1567 ἓ.
244 1524 280 1559 7.
303 1528 338 1559 et
359 1524 392 1558 8.
440 1534 584 1568 quae—
604 1522 760 1567 agebat]
786 1523 921 1556 Terrae
943 1533 1068 1555 nornen
1090 1522 1221 1568 agebat
1245 1520 1484 1566 praedicatum

93 1585 248 1627 habere,
272 1585 364 1630 quod
387 1584 508 1618 incolis
532 1578 636 1617 modo
661 1583 841 1624 convenit,
875 1584 993 1626 paullo
1018 1583 1137 1617 durius
1164 1582 1304 1627 quidem
1328 1586 1400 1624 est,
1424 1581 1484 1615 sed

94 1650 211 1681 tamen
243 1645 281 1680 in
308 1645 466 1691 generali
496 1643 667 1678 sententia
697 1643 783 1677 ferri
817 1647 940 1687 potest.
988 1643 1158 1677 Similiter
1190 1643 1313 1677 Cicero
1338 1642 1426 1676 dixit
1449 1641 1484 1675 in

35 1702 38 1711 ’
93 1707 221 1745 Tusce.
243 1708 272 1749 1,
298 1708 333 1748 1,
355 1707 389 1740 2.
437 1707 524 1748 Illa,
547 1716 638 1750 quae
660 1705 771 1738 nostri
793 1705 942 1738 maiores
961 1709 1111 1747 natura,
1144 1715 1212 1737 non
1236 1704 1361 1738 litteris
1386 1714 1483 1736 asse-

93 1769 165 1803 cuti
186 1774 282 1811 sunt,
305 1779 416 1812 ‘neque
439 1779 516 1801 cum
543 1765 738 1800 Graecia
754 1791 766 1808 ‚
797 1777 907 1810 neque
931 1776 1007 1798 cum
1030 1765 1104 1798 ulla
1129 1769 1236 1809 gente
1261 1769 1342 1798 sunt
1368 1766 1484 1807 conse-

92 1831 213 1865 renda.
260 1829 330 1864 Sed
352 1829 519 1873 vulgatae
551 1826 773 1861 insolentiam
802 1838 872 1860 non
897 1837 1112 1870 concoquens
1135 1826 1272 1860 Cor-tius
1296 1825 1407 1859 multo
1431 1824 1485 1857 in-

91 1889 325 1925 solentissima
348 1888 547 1922 coniectura
568 1889 685 1922 locum
709 1887 938 1931 depravavit,
971 1885 1152 1920 scribendo
1176 1887 1235 1930 qui
1252 1904 1296 1910 ——
1316 1885 1483 1930 agebant,

91 1963 198 1995 quam
221 1949 454 1984 temeritatem
477 1961 545 1983 non
568 1960 656 1992 opus
679 1951 731 1981 est
753 1947 949 1980 rationibus
972 1947 1144 1981 refellere.
1160 1965 1205 1970 —
1227 1947 1352 1985 Carne,
1377 1955 1484 1988 quam

91 2023 216 2045 vocem
240 2022 359 2049 omnes
382 2008 524 2042 omnino
548 2009 646 2041 codd.
666 2008 834 2049 retinent,
868 2006 1045 2047 Weisius‚
1069 2005 1127 2039 cui
1151 2005 1351 2049 inquinatae
1374 2005 1484 2038 inter-

91 2070 328 2116 polationibus
365 2072 399 2104 et
429 2068 636 2112 corruptelis
667 2067 835 2102 editiones
866 2067 979 2110 pluris
1002 2070 1099 2108 sunt,
1124 2077 1229 2109 quam
1254 2077 1373 2100 omnes
1398 2065 1482 2099 libri

92 2144 199 2167 mauu
230 2130 372 2175 scripti,
404 2129 544 2163 delevit.
569 2147 613 2154 —
649 2129 696 2163 Et
730 2132 810 2162 ante
839 2139 971 2172 neque,
1005 2138 1110 2171 quam
1144 2127 1308 2160 voculam
1344 2125 1483 2160 eortius

91 2205 160 2228 non
183 2193 314 2234 habet,
341 2190 548 2225 Gerlachius
570 2201 655 2223 vero
680 2189 715 2222 in
738 2189 793 2222 ed.
819 2188 953 2222 maiore
985 2187 1177 2232 expressit,
1212 2188 1246 2221 in
1272 2188 1482 2223 Commentt.

91 2267 128 2299 p.
152 2253 231 2288 320.
255 2265 292 2287 se
315 2252 425 2286 invito
449 2262 469 2285 a
494 2249 725 2296 typographis
749 2249 885 2283 illatam
910 2249 1014 2293 dicit,
1041 2261 1082 2283 ac
1105 2248 1353 2288 nihilominus,
1391 2258 1482 2290 quae

92 2318 144 2348 est
166 2313 397 2348 inconstantia
420 2312 493 2346 eius
509 2338 519 2354 ‚
548 2312 585 2345 in
609 2312 744 2345 minore
766 2312 818 2345 ed.
842 2311 878 2344 in
905 2314 1100 2344 contextum
1124 2309 1274 2353 recepit,
1307 2312 1420 2342 exstat
1444 2308 1481 2342 in

90 2375 176 2409 Bas.
203 2374 236 2408 1.
273 2374 361 2408 Tur.
386 2374 419 2407 1.
457 2373 547 2418 Teg.
581 2372 676 2408 Leid.
709 2373 756 2408 H.
795 2375 830 2406 et
860 2373 900 2406 L.
937 2372 1042 2405 Bern.
1069 2370 1102 2406 1.
1127 2370 1160 2403 3.
1192 2369 1305 2404 Paris.
1332 2382 1363 2403 c.
1389 2380 1425 2404 x.
1449 2381 1480 2404 z.

90 2435 209 2469 Berol.
234 2435 266 2469 1.
290 2434 324 2468 2.
349 2433 452 2468 Misn.
478 2437 513 2468 et
538 2434 678 2474 Goer1.;
711 2432 770 2476 qui
806 2432 906 2465 codd.
932 2443 1039 2476 quum
1064 2432 1138 2465 fere
1161 2442 1281 2464 omnes
1305 2442 1347 2463 ex
1370 2429 1480 2473 potio-

90 2496 189 2530 ribus
218 2495 310 2538 sint,
343 2506 455 2538 neque
487 2494 523 2528 in
555 2494 729 2528 editorum
752 2492 891 2526 silentio
916 2496 1068 2534 constet,
1098 2491 1223 2525 relicui
1246 2491 1329 2524 libri
1353 2491 1482 2534 copula.

91 2560 255 2595 careant,
292 2567 421 2597 necne,
454 2566 527 2589 eam
561 2555 638 2589 iure
666 2553 900 2597 recipiendam
933 2552 1064 2596 putavi.
1111 2552 1275 2585 Fortasse
1298 2551 1422 2584 scribis
1446 2555 1481 2584 et

91 2627 200 2661 neque
231 2616 329 2650 iuxta
360 2616 511 2660 positum
546 2614 728 2650 offensioni
762 2613 841 2648 fuit.
888 2613 1051 2648 Ceterum
1083 2612 1187 2647 etiam
1213 2611 1286 2646 sine
1309 2617 1342 2646 et
1367 2611 1480 2645 oratio

92 2680 185 2711 recte
214 2677 378 2718 haberet,
412 2689 454 2711 eo
488 2677 616 2721 quippe
646 2676 752 2710 modo
775 2667 884 2716 nexa,
919 2685 1022 2718 quem
1057 2673 1312 2707 illustravimus
1335 2673 1378 2707 ad
1403 2672 1481 2706 Cat.

92 2737 213 2779 tvm,
233 2738 268 2773 l.
291 2750 326 2782 p.
349 2738 429 2773 303.
455 2757 500 2762 —
525 2739 626 2772 Cibus
651 2737 686 2772 in
709 2737 909 2772 universum
931 2735 973 2768 de
997 2733 1171 2768 alimentis
1194 2733 1352 2778 corporis
1367 2733 1481 2767 dictus

159 2809 214 2854 ΙΙ.
1137 2804 1167 2848 3
1176 2805 1200 2848 1
