1630 3034
476 101 834 147 IUGURTHA.
876 104 1003 147 CAP.
1036 104 1189 148 XLIII.
1447 110 1530 150 247

146 221 367 282 designati
404 220 658 281 provincias
693 219 806 263 inter
842 235 890 264 se
919 222 1214 280 partiverant,
1249 219 1528 288 Metelloque

146 317 359 364 Numidia
407 323 638 372 evenerat,
686 316 777 359 acri
821 316 914 360 xiro
951 323 995 362 et
1031 333 1302 378 quamquam
1338 319 1528 363 advorso

144 415 303 475 populi
349 414 543 475 partium
598 414 717 456 fama
761 419 911 456 tamen
938 392 1175 473 >aequabili
1221 422 1264 459 et
1307 416 1525 459 inviolata.

145 513 183 556 ls
220 512 295 556 ubi
325 511 520 571 primum
551 509 856 570 magistratum
888 510 1112 570 ingressus
1145 518 1224 565 est,
1260 513 1344 556 alia
1375 513 1558 556 omnia2

143 609 224 653 sibi
260 623 360 652 cum
406 607 583 666 collega
628 611 772 660 ratus,
817 606 874 649 ad
918 607 1109 664 bellum,
1153 602 1277 667 quod
1319 614 1524 669 gesturus

139 740 192 775 Ad
216 741 285 774 1100
301 739 440 774 Cottius
464 750 532 774 000
556 738 670 773 solum
690 739 886 783 prouincias
910 740 1120 774 vocabulum
1144 742 1310 784 tanquam
1335 739 1524 774 insiticium

140 800 273 835 uncinis
295 800 454 843 inclusit,
488 800 586 834 cuius
608 799 660 834 rei
689 811 733 833 ne
756 799 938 834 minimam
964 800 1103 845 quidem
1127 800 1232 834 fidem
1257 802 1355 834 codd.
1380 801 1525 842 faciunt,

138 862 196 895 sed
220 861 327 895 etiam
352 860 450 895 verbi
474 866 607 904 tempus
630 860 803 905 mutavit,
834 865 1072 905 paraverunt
1104 872 1169 904 pro
1191 864 1438 905 partiverant
1469 862 1524 896 in-

137 910 290 964 vehens,
325 922 418 966 quod
452 933 514 955 cur
547 921 669 955 fecerit
699 932 741 954 ne
775 922 911 955 monuit
942 921 1083 966 quidem
1113 921 1271 959 lectores.
1295 942 1339 948 -—
1368 923 1524 956 Partium

136 984 242 1028 longe
271 982 417 1027 plurimi
449 986 484 1016 et
519 982 554 1016 in
590 982 633 1015 iis
665 981 789 1025 optimi
823 981 904 1015 libri
939 982 1121 1023 exhibent,
1154 986 1192 1016 ut
1215 983 1296 1017 Bas.
1323 984 1356 1017 1.
1383 983 1464 1017 Sen.
1490 984 1522 1018 1.

136 1043 278 1077 Fabric.
307 1043 337 1076 1.
363 1043 459 1078 Leid.
483 1043 522 1077 L.
559 1043 728 1076 commel.
752 1043 837 1076 Naz.
864 1043 975 1079 Paris.
999 1044 1034 1078 b.
1057 1055 1089 1078 c.
1113 1054 1146 1076 x.
1174 1055 1203 1077 z.
1228 1055 1377 1087 quorum
1401 1048 1523 1078 aucto-

136 1103 276 1137 ritatem
300 1103 406 1137 etiam
431 1104 613 1137 confirmat
636 1103 740 1136 Arus.
765 1103 868 1136 Mees.
894 1103 928 1137 in
954 1104 1148 1137 Grammat.
1173 1105 1249 1138 Lat.
1275 1109 1342 1138 vet.
1365 1105 1469 1138 Tom.
1488 1104 1520 1138 1.

138 1159 265 1208 pjzll.
287 1156 342 1197 011.
370 1164 526 1197 Lindem.
551 1174 584 1197 v.
613 1164 780 1197 adversus
803 1164 907 1197 illins.
956 1164 1097 1198 Relicni
1119 1166 1278 1208 partibus
1301 1165 1443 1205 habent,
1469 1164 1522 1198 id-

136 1217 331 1268 quaBipp.
356 1227 579 1268 receperunt,
611 1223 770 1257 Cortinm
796 1224 991 1269 genitivum
1016 1225 1219 1268 praetulisse
1241 1225 1457 1266 incusantes,
1482 1230 1522 1259 ut

133 1284 339 1319 incredibile
372 1285 480 1318 daret.
527 1284 595 1317 Sed
617 1283 706 1317 nihil
729 1284 933 1318 incredibile
956 1285 991 1318 in
1015 1288 1188 1319 structura
1211 1285 1319 1328 inest,
1363 1285 1391 1319 si
1418 1285 1523 1319 modo

135 1350 272 1388 teneas,
295 1345 389 1389 quod
415 1344 487 1378 iam
511 1343 666 1389 Longius
690 1349 724 1378 et
747 1345 955 1379 Gerlachius
982 1346 1162 1388 viderunt,
1187 1347 1352 1379 advorsus
1375 1346 1412 1380 vi
1437 1346 1520 1380 sub-

133 1406 276 1441 stantivi
307 1409 511 1449 usurpatum
543 1416 637 1447 esse3
669 1415 737 1439 non
770 1406 840 1440 alia
871 1406 981 1451 igitur
1012 1405 1118 1440 huius
1141 1406 1406 1440 constructionis
1427 1406 1519 1441 ratio

134 1471 206 1509 est,
238 1466 345 1511 quam
367 1465 403 1500 in
426 1465 571 1500 vocibus
594 1466 834 1508 adversarius,
860 1468 1071 1509 contrarius,
1095 1467 1274 1510 inimicus,
1300 1468 1450 1509 amicus,
1475 1478 1519 1502 ac

133 1527 329 1571 similibus,
362 1537 577 1570 quamquam
613 1528 753 1561 concedi
788 1528 889 1562 debet
912 1527 1118 1562 Sallustium
1140 1528 1258 1572 magis
1280 1531 1410 1560 rectam
1434 1537 1519 1560 ana-

134 1588 270 1634 logiam
293 1599 400 1632 quam
423 1587 546 1621 tritum
567 1598 666 1620 usum
684 1593 841 1622 secutum
865 1599 949 1622 esse.
973 1606 1020 1614 —-
1045 1589 1159 1622 Fama
1180 1589 1356 1633 aequabili
1372 1588 1518 1628 Cottius,

133 1649 288 1693 Langius
312 1651 346 1681 et
363 1647 553 1682 Muellerus
574 1648 843 1692 interpretantur
867 1650 1008 1693 aequali
1032 1650 1126 1693 apud
1148 1651 1361 1684 nobilitatem
1388 1655 1423 1684 et
1443 1650 1518 1693 ple-

132 1711 228 1752 bem,
262 1709 352 1753 quod
378 1708 587 1743 Gerlachius
621 1709 746 1743 merito
777 1708 972 1752 vituperat3
1005 1721 1087 1743 nam
1116 1711 1271 1754 partium
1294 1709 1516 1754 significatio,

132 1772 226 1816 apud
260 1782 346 1814 quas
374 1781 498 1814 parem
530 1770 694 1803 Metellus
729 1770 865 1803 famam
900 1770 1086 1813 habuerit,
1130 1781 1271 1814 prorsus
1301 1770 1416 1804 aliena
1452 1773 1514 1803 est.

137 1833 248 1866 Fama
281 1831 472 1875 aequabilis
506 1829 621 1874 potius
654 1830 881 1877 intelligentia
915 1834 1016 1874 ests.
1042 1837 1222 1872 constans,
1257 1831 1391 1874 semper
1415 1831 1515 1872 bona,

131 1904 242 1937 neque
263 1892 371 1926 nimia
394 1891 514 1936 gratia
537 1902 642 1934 supra
665 1890 807 1924 modum
832 1894 954 1931 aucta,
978 1902 1088 1934 neque
1111 1892 1244 1925 invidia
1266 1891 1432 1935 flagrans,
1457 1890 1515 1922 secl

132 1950 266 1997 placide
303 1956 337 1986 et
369 1952 491 1999 00110111
516 1955 635 1984 tenore
658 1950 756 1994 quasi
782 1951 914 1990 nuens,
950 1962 1054 1994 quam
1088 1951 1292 1984 sententiam
1316 1953 1404 1984 bene
1428 1950 1517 1983 vidit

133 2012 338 2047 Gerlachius
377 2012 494 2044 addito
526 2011 697 2044 vocabulo
728 2011 895 2042 inviolata
928 2010 1096 2053 explicari
1138 2021 1180 2044 ac
1223 2011 1433 2044 confirmari.
1468 2011 1512 2043 cf.

134 2073 210 2108 Cat.
228 2073 273 2115 11,
297 2072 331 2106 3.
365 2071 672 2116 Aeqnabilius
697 2075 737 2103 et
762 2071 1052 2104 constantius
1074 2082 1147 2104 sese
1172 2082 1227 2104 res
1249 2072 1424 2104 humanae
1449 2071 1514 2104 ha-

134 2134 264 2168 berent.
286 2132 401 2166 Tacit.
424 2132 512 2165 Ann.
537 2132 603 2172 vl,
626 2130 684 2172 31,
713 2131 742 2163 1.
771 2130 970 2164 Artabanus
992 2136 1085 2165 metu
1114 2132 1311 2165 Germanici
1324 2132 1422 2180 fidus
1442 2131 1515 2164 Ro-

135 2194 266 2234 manis,
303 2191 569 2236 aequabilis
593 2192 630 2224 in
658 2202 757 2231 suos,
784 2190 807 2223 i.
834 2202 863 2224 e.
889 2190 1010 2224 eodem
1034 2203 1172 2234 semper
1196 2192 1300 2224 modo
1322 2202 1359 2224 se
1379 2201 1513 2235 gerens.

136 2257 184 2290 ld.
210 2253 360 2288 Biston.
384 2253 441 2294 lv,
467 2251 501 2286 5.
529 2251 667 2287 Cunctis
689 2254 784 2286 vitae
808 2253 929 2295 officiis
953 2253 1226 2296 aequabilis.

227 2315 261 2358 §.
284 2313 319 2347 2.
367 2313 441 2346 alia
473 2313 588 2345 omnia
616 2313 681 2346 sibi
705 2324 778 2345 cum
810 2314 945 2356 collega
969 2313 1080 2356 ratus]
1113 2312 1164 2345 Ad
1199 2312 1287 2345 haec
1314 2311 1516 2345 illustranda

135 2375 274 2410 con-tius
296 2374 380 2408 satis
404 2374 492 2406 benc
514 2372 715 2406 annotavit:
739 2372 890 2413 „Sensus
914 2376 985 2406 est:
1009 2372 1080 2405 alia
1102 2371 1230 2411 omnia,
1256 2383 1361 2416 quarn
1385 2372 1515 2405 bellum

136 2431 214 2470 cum
239 2435 432 2481 Iugurtha,
468 2445 504 2467 se
526 2433 632 2467 simul
657 2444 736 2466 00111
762 2433 899 2476 collega
924 2443 1047 2475 agere.
1080 2444 1142 2466 nec
1170 2433 1258 2465 adeo
1288 2431 1517 2465 intentissima

137 2509 222 2531 cura
251 2507 339 2540 01108
373 2507 468 2536 essc;
509 2497 546 2529 at
579 2494 709 2527 bellum
744 2493 779 2526 in
811 2492 976 2527 Numidia
1009 2492 1075 2526 sibi
1107 2493 1171 2536 soli
1206 2493 1398 2526 curandum
1431 2503 1516 2526 esse.

137 2559 249 2592 Erant
279 2567 404 2600 nempe
436 2554 594 2599 auspicia
624 2553 786 2587 habenula
811 2553 949 2596 aliaque
973 2552 1090 2586 divina
1113 2556 1148 2586 et
1172 2553 1327 2586 humana
1349 2553 1518 2593 obeunda,

138 2629 227 2661 quae
249 2617 404 2651 consules
428 2615 603 2648 cmumuni
627 2614 771 2647 consilio
795 2614 957 2659 agebunt,
980 2623 1129 2656 quorum
1151 2613 1321 2656 quaedam
1341 2616 1522 2645 enumerat

139 2677 215 2712 biv.
241 2678 346 2720 xxi,
368 2675 424 2712 63.
465 2676 533 2710 Sed
567 2674 765 2718 provincia,
798 2679 835 2707 ut
868 2674 992 2715 cuique
1014 2678 1196 2714 evenerat,
1227 2671 1286 2705 uni
1311 2670 1521 2717 0101111111ιί-
