1630 3034
418 166 775 210 IUGURTHA.
835 167 968 210 CAP.
997 168 1155 211 XCIV.
1392 174 1472 215 501

97 286 189 329 vius
236 290 495 344 streperent.
567 285 708 345 Igitur
749 284 1069 344 praegrediens
1109 259 1251 346 Ligus
1296 303 1402 331 saxa
1437 295 1517 335 ete

93 382 127 424 si
169 396 284 440 quae
329 387 546 425 vetustate
590 381 761 425 radices
805 381 1057 425 eminebant
1103 382 1271 440 laqueis
1308 385 1474 428 §incie—

91 478 190 535 bat,
232 478 390 536 quibus
437 479 611 522 allevati
646 478 804 521 milites
846 478 1016 522 facilius
1058 479 1368 537 escenderent,
1405 481 1484 524 in-<

91 575 266 618 terdum
307 575 483 619 timidos
523 575 754 618 insolentia
798 574 960 618 itineris
1008 575 1157 619 levare
1199 591 1359 635 manu,
1396 578 1473 621 ubi

89 671 240 730 paullo
271 672 470 732 asperior
505 685 709 714 ascensus
747 677 853 727 erat,
891 671 1087 731 singulos
1123 687 1235 731 prae
1271 688 1320 716 se
1354 674 1472 717 iner-

87 767 170 812 mis
213 769 414 826 mittere,
461 767 623 811 deinde
667 767 763 827 ipse
810 782 910 811 cum
949 768 1125 812 illorum
1164 769 1293 812 armis
1334 770 1472 828 sequi,

88 880 204 923 quae
240 863 377 908 dubia
410 865 506 909 nisu
545 863 828 921 videbantur,
870 864 1141 923 potissumus
1171 871 1368 923 tentare,
1419 882 1471 910 ac

86 1001 213 1036 certius
236 1004 306 1043 est,
341 1001 486 1035 voculas
511 1004 544 1034 et
574 1004 677 1044 atque
701 1011 766 1042 ex,
799 1011 888 1044 quae
920 1000 956 1034 in
978 1001 1096 1035 multis
1121 1002 1221 1036 codd.
1246 1004 1325 1035 ante
1349 1007 1471 1036 centu-

84 1063 148 1096 riis
169 1063 356 1108 leguntur,
387 1072 428 1094 ex
459 1072 500 1094 as
530 1061 687 1104 syllaba,
722 1072 805 1095 casu
837 1061 978 1103 avulsa,
1010 1074 1082 1095 esse
1106 1065 1227 1104 ortas,
1260 1074 1301 1096 ex
1336 1063 1473 1097 censuri

84 1128 202 1157 autem
239 1134 298 1157 eas
330 1121 626 1166 depravationes,
659 1133 745 1166 quas
780 1122 979 1164 attulimus,
1012 1122 1165 1156 fluxisse.
1214 1122 1254 1156 Si
1282 1123 1358 1167 quis
1389 1135 1473 1158 vero

84 1183 244 1219 Carrioni
269 1183 384 1228 magis
416 1181 646 1224 assentiatur,
681 1183 717 1216 in
747 1183 945 1216 Emendatt.
969 1183 997 1225 Ι,
1022 1181 1054 1216 5.
1081 1182 1278 1217 coniicienti
1303 1184 1470 1228 scriptum

83 1245 190 1280 fnisse
213 1245 273 1290 qui
298 1244 469 1278 escensuri
493 1247 612 1285 erant,
637 1255 705 1277 non
728 1254 942 1289 magnopere
965 1255 1140 1289 repugno3
1166 1255 1378 1287 quamquam
1404 1256 1471 1278 non

83 1318 170 1351 opus
202 1310 253 1340 est
288 1305 356 1340 ista
386 1303 611 1344 coniectura,
644 1316 752 1348 quum
784 1304 959 1338 ascensuri
991 1304 1026 1337 in
1058 1308 1189 1348 septem
1223 1306 1321 1340 codd.
1359 1310 1391 1339 et
1416 1307 1469 1339 ed.

83 1368 215 1402 Veneta
238 1378 270 1401 a.
294 1366 396 1400 1170.
425 1369 600 1398 servatum
625 1364 691 1406 sit,
725 1364 792 1398 nisi
822 1365 911 1398 forte
946 1368 1045 1408 putes
1068 1364 1202 1409 spurias
1226 1376 1327 1398 voces
1352 1377 1392 1398 ez·
1416 1369 1469 1399 at-

83 1441 151 1472 que
183 1433 216 1463 et
241 1427 380 1462 facilius
414 1426 458 1459 ad
491 1437 526 1458 es
549 1436 653 1468 quam
686 1426 729 1459 ad
765 1437 804 1459 as
835 1425 1008 1469 syllabam
1032 1425 1200 1459 revocari.
1225 1445 1269 1450 —
1303 1426 1469 1460 Ornatam

81 1501 150 1524 non
174 1493 225 1523 est
247 1491 504 1528 ornamentum,
539 1486 598 1518 sed
622 1486 808 1528 vestitum,
843 1486 993 1529 cultum,
1032 1490 1071 1519 ut
1106 1486 1178 1520 iam
1203 1487 1324 1520 Festus
1347 1487 1469 1531 (Corp.

83 1551 242 1584 Gramm.
275 1549 366 1582 Latt.
391 1546 437 1580 T.
461 1546 504 1581 11.
537 1558 568 1589 p.
594 1545 674 1581 189.
707 1548 760 1581 ed.
786 1546 961 1590 Lindem.)
994 1547 1083 1580 bene
1114 1546 1291 1590 explicuit.
1324 1547 1369 1582 cf.
1395 1548 1468 1581 Cic.

82 1612 125 1645 de
149 1610 221 1644 Off.
251 1610 289 1651 1,
312 1607 380 1650 18,
405 1607 461 1641 61.
509 1608 657 1641 Statuas
692 1619 824 1652 quoque
848 1607 1004 1640 videmus
1035 1612 1207 1641 ornatu
1233 1610 1312 1650 fere
1336 1610 1469 1642 milita-

80 1673 124 1706 ri.
148 1691 191 1697 —
218 1671 271 1704 De
294 1668 461 1703 adverbio
479 1668 625 1711 facilius
661 1679 693 1701 v.
728 1669 770 1702 ad
797 1668 871 1701 Cat.
896 1668 1029 1710 LVIII,
1055 1667 1088 1702 9.
1113 1679 1146 1710 p.
1172 1668 1254 1701 306.
1280 1670 1354 1714 lug.
1378 1671 1468 1711 xlv,

80 1733 138 1768 11.
177 1733 349 1774 Cor-rupte
372 1727 530 1763 nonnulli
556 1728 637 1762 libri
668 1730 802 1764 habent
818 1728 986 1773 facilior,
1022 1727 1084 1762 alii
1102 1729 1235 1771 facilis.
1259 1748 1306 1754 —
1333 1730 1468 1764 Ponde-

80 1796 149 1836 ris,
182 1805 228 1827 sc.
261 1791 351 1835 quod
387 1790 423 1824 in
457 1789 629 1823 eiusmodi
663 1791 768 1825 scutis
801 1791 909 1824 levius
941 1792 1004 1822 est.
1037 1809 1083 1814 -—-
1115 1789 1245 1830 Simul,
1280 1794 1314 1822 et
1345 1791 1466 1833 explic.

81 1855 122 1890 ad
149 1866 179 1889 c.
200 1852 351 1893 xm‘n,
376 1851 410 1887 2.
438 1869 482 1875 —
518 1850 570 1884 Aa
604 1852 735 1894 offensa
767 1850 925 1884 Wassius
957 1849 1102 1883 contulit
1136 1849 1212 1883 Liv.
1237 1850 1317 1891 VH,
1341 1849 1407 1892 36,
1432 1851 1465 1886 2.

81 1917 183 1950 Miles
208 1916 393 1957 offenso
419 1916 514 1945 scuto
537 1912 698 1955 praebuit
722 1912 881 1945 sonitum.

172 1977 205 2017 ἓ.
228 1974 264 2008 2.
311 1978 344 2007 et
368 1972 510 2016 siquae
533 1977 707 2006 vetustate
740 1972 876 2005 radices
909 1969 1131 2013 eminebant]
1169 1970 1339 2012 Radices,
1375 1983 1466 2015 quae

80 2047 148 2069 vox
178 2034 256 2078 pari
289 2044 373 2067 casu
405 2035 508 2075 atque
538 2043 624 2064 saxa
650 2031 729 2075 poni
762 2032 933 2071 debebat,
966 2030 1171 2063 attractione
1195 2031 1387 2065 subiectum
1411 2044 1464 2066 se-

80 2092 268 2127 cundariae
296 2091 546 2125 enunciationis
577 2092 708 2125 factum
740 2095 809 2132 est3
849 2090 987 2135 proprie
1027 2090 1118 2123 enim
1153 2090 1336 2126 dicendum
1372 2097 1463 2128 erat:

78 2155 188 2199 Ligus
212 2164 299 2187 saxa
325 2158 357 2187 et
381 2153 526 2194 radices,
551 2152 579 2186 si
603 2164 691 2196 quae
717 2156 887 2186 vetustate
910 2151 1122 2192 eminebant,
1146 2152 1214 2195 laq.
1233 2154 1463 2188 vinciebat.—

79 2216 149 2249 Pro
182 2218 378 2255 vetustate,
413 2213 505 2257 quod
540 2214 677 2247 Cottius
715 2213 829 2258 inepte
862 2224 941 2246 cum
975 2224 1061 2246 voce
1103 2213 1237 2246 radices
1271 2214 1463 2259 coniungit,

81 2275 200 2311 Guelf.
224 2274 258 2309 1.
282 2275 317 2310 3.
342 2275 488 2320 Berger.
516 2274 596 2308 Sen.
623 2275 657 2308 2.
693 2275 817 2308 nense.
844 2274 942 2308 Leid.
967 2274 1005 2307 C.
1041 2274 1129 2307 Tur.
1154 2273 1186 2307 1.
1212 2278 1246 2307 et
1269 2274 1372 2310 Misn.
1397 2275 1462 2308 ha-

79 2336 161 2369 bent
191 2341 347 2370 vetustae
368 2361 378 2379 ,
414 2346 522 2379 quam
552 2334 852 2378 interpolationem
884 2333 1036 2367 Weisius
1077 2334 1220 2377 recepit.
1254 2355 1298 2359 —
1333 2336 1463 2370 Milhes

80 2395 217 2429 Cottius
240 2407 377 2430 summa
399 2397 565 2439 libidine,
590 2408 633 2431 ne
657 2407 725 2430 uno
750 2396 889 2439 quidem
916 2394 1033 2428 codice
1056 2395 1280 2437 assentiente,
1313 2396 1462 2439 delevit3

80 2467 191 2499 neque
227 2456 447 2500 importunas
478 2469 602 2493 manus
634 2457 803 2491 abstinuit
839 2458 883 2491 ab
918 2459 995 2490 erat
1026 2455 1152 2496 verbO,
1192 2456 1282 2499 quod
1317 2456 1353 2490 in
1388 2457 1463 2491 solo

80 2517 198 2551 Guelf.
230 2517 264 2553 3.
297 2517 436 2552 excidit.
467 2539 514 2545 -
548 2519 693 2553 inermis
724 2528 834 2562 paene
875 2527 993 2551 omnes
1025 2517 1164 2549 tuentur
1194 2517 1293 2552 codd.
1324 2521 1463 2561 praeter

79 2576 199 2622 ljeidd.
223 2577 264 2611 A.
296 2578 340 2612 Β.
371 2579 411 2613 L.
445 2579 532 2612 Tur.
557 2579 591 2613 1.
622 2579 729 2613 Fabr.
755 2579 788 2615 1.
813 2589 859 2612 m.
894 2589 960 2621 pn,
998 2576 1035 2609 in
1066 2576 1191 2620 quibus
1222 2581 1274 2611 est
1304 2578 1463 2619 inermos,

81 2637 172 2686 quod
197 2648 316 2672 omnes
348 2637 497 2671 editores
528 2643 753 2683 receperunt;
788 2639 846 2672 sed
882 2649 916 2671 v·
940 2640 1063 2671 notata
1086 2637 1130 2671 ad
1162 2638 1237 2672 Cat.
1257 2638 1347 2681 mx,
1372 2636 1404 2672 5.
1429 2649 1463 2682 p.

81 2696 161 2732 318.
185 2716 231 2724 -
257 2698 346 2733 Nisa
379 2702 548 2733 testantur
578 2700 723 2734 necare.
761 2700 879 2734 Gueif.
903 2699 937 2732 3.
963 2688 998 2732 4'.
1023 2698 1047 2733 6
1092 2698 1188 2732 Leia.
1216 2699 1256 2735 E.
1281 2698 1368 2732 Tur.
1392 2699 1463 2732 Pa-

83 2755 142 2791 ris.
164 2770 193 2792 c.
223 2758 346 2801 Minu„
380 2770 488 2802 quam
520 2760 630 2794 dativi
660 2761 811 2794 formam
852 2759 1081 2802 Gerlachius‚
1109 2759 1146 2794 in
1176 2760 1228 2793 ed.
1254 2759 1338 2793 mai.
1371 2761 1406 2793 et
1429 2757 1464 2792 in
