1630 3034
431 165 790 209 IUGURTHA.
856 166 984 210 CAP.
1018 167 1121 211 CVI.
1384 171 1468 212 575

82 285 190 346 gilia
225 284 396 329 silentio
433 283 591 343 egredi
624 283 760 327 iubet.
833 282 1017 342 Iamque
1052 290 1269 328 nocturno
1310 285 1497 330 itinere5

79 382 206 426 fessis
250 381 452 425 omnibus
499 380 621 424 Sulla
667 379 835 439 pariter
885 380 987 423 cum
1030 387 1129 425 ortu
1175 382 1276 425 solis
1321 389 1464 426 castra

78 478 354 534 metabatur,
391 492 530 536 quum
567 477 734 534 equites
770 476 920 520 Mauri
955 478 1166 522 nunciant
1201 479 1463 540 Iugurtham

78 575 250 618 circiter
312 574 451 618 duum
511 574 694 617 millium
753 574 984 617 intervallo
1038 581 1139 618 ante
1197 576 1461 620 consedisse.

76 671 217 726 Quod
250 678 492 732 postquam
527 670 728 714 auditum
764 676 852 727 est,
889 677 984 715 tum
1029 687 1137 715 vero
1168 672 1325 731 ingens
1360 683 1495 721 ine—6

73 775 142 812 tus
172 774 346 812 nostros
377 767 568 820 invadit3
606 767 791 811 credere
823 784 870 812 se
903 768 1108 828 proditos
1145 785 1171 812 a
1207 768 1378 813 Voluce
1415 778 1459 814 et

72 879 352 916 dimissuros.
398 878 521 913 Facile
554 881 673 912 autem
709 878 806 912 vides
837 878 873 912 in
896 882 1044 923 utroque
1071 880 1231 922 exemplo
1256 891 1318 922 pro
1342 879 1458 914 infini-

71 939 163 981 tivo,
198 930 261 984 qui
283 939 498 974 antecedenti
525 940 685 974 membro
717 941 921 984 respondet,
956 941 1063 975 etiam
1093 940 1354 974 coniunctivum
1377 942 1459 986 poni

69 1000 234 1044 potuisse.

160 1064 193 1104 §.
218 1061 252 1096 4.
286 1066 445 1095 coenatos
468 1061 554 1104 esse]
602 1059 755 1094 Persecti
779 1072 821 1093 ex
845 1060 937 1095 iubet
962 1062 1068 1095 verbo
1092 1061 1164 1105 apti
1191 1072 1232 1096 ea
1256 1062 1309 1096 vis
1332 1067 1394 1104 est,
1419 1068 1458 1100 nt

68 1121 226 1156 maxima
250 1121 426 1156 celeritate
449 1122 660 1164 imperatum
684 1133 720 1155 se
743 1122 864 1165 perfici
882 1122 973 1156 velle
997 1123 1096 1156 Sulla
1121 1123 1285 1157 declaret.
1324 1125 1456 1159 Eodem

68 1183 185 1225 modo,
209 1184 268 1217 sed
291 1184 413 1226 paullo
437 1182 662 1226 frequentius,
686 1184 761 1216 volo
784 1195 864 1216 cum
888 1184 1075 1228 participio
1101 1189 1162 1218 aut
1183 1183 1358 1217 infinitivo
1382 1196 1456 1228 per-

66 1243 150 1278 fecti
173 1244 305 1288 passivi
330 1244 561 1284 construitur,
586 1244 628 1277 de
652 1255 720 1287 quo
743 1256 809 1278 usu
832 1256 865 1280 v,
888 1245 1025 1288 Zumpt.
1053 1246 1211 1279 Gramm.
1241 1246 1315 1279 Lat.
1340 1249 1372 1289 ἓ.
1397 1247 1457 1289 80,

66 1303 99 1339 9.
125 1309 196 1339 not.
221 1305 255 1339 1.
280 1317 313 1349 p.
338 1304 419 1338 140.
445 1305 499 1339 ed.
522 1305 579 1338 IV.
613 1306 827 1340 Ramshorn.
863 1307 1023 1340 Gramm.
1057 1307 1134 1340 Lat.
1170 1308 1202 1351 §.
1232 1307 1311 1341 111.
1344 1309 1388 1343 ΙΙ.
1414 1309 1456 1343 A.

66 1365 100 1399 2.
126 1377 160 1408 p.
180 1366 265 1400 460.
291 1369 325 1400 et
348 1377 438 1409 quae
464 1366 708 1400 annotavimus
733 1367 777 1401 ad
802 1378 830 1402 c.
857 1367 929 1408 CX,
953 1368 986 1402 6.
1014 1368 1094 1402 coll.
1119 1369 1260 1402 Walch.
1286 1370 1454 1403 Emendd.

65 1426 144 1461 Liv.
167 1438 198 1460 c.
223 1428 316 1461 vm.
340 1439 374 1471 p.
397 1427 477 1462 160.
525 1428 646 1471 Neque
676 1427 747 1462 alia
777 1427 912 1461 ratione
943 1428 1067 1462 nititur
1099 1430 1208 1463 futuri
1236 1431 1348 1465 exacti
1373 1442 1456 1465 usus

64 1499 128 1531 pro
151 1488 270 1522 futuro
295 1488 408 1532 primo
432 1488 560 1532 positi,
593 1500 662 1531 quo
685 1488 868 1522 celerrima
891 1488 942 1522 rei
965 1486 1296 1534 futurae‘pert'ectio
1321 1491 1452 1525 indica-

63 1553 142 1590 tur;
176 1560 210 1582 v.
243 1549 335 1593 Aug.
371 1548 575 1583 Grotcsendi
601 1550 760 1583 Gramm.
785 1549 862 1583 Lat.
887 1550 998 1583 schol.
1023 1551 1057 1594 ξ.
1082 1550 1162 1592 1ῖ6,
1187 1551 1221 1584 4.
1243 1563 1276 1594 p.
1301 1552 1382 1586 132.
1406 1571 1453 1578 —

64 1611 165 1655 Ignis
189 1611 503 1645 creberrumos
527 1610 649 1654 explic.
675 1610 719 1643 ad
744 1621 772 1643 c.
797 1610 902 1653 XLV,
927 1610 960 1644 2.
985 1629 1032 1635 -
1063 1611 1116 1644 De
1139 1614 1373 1656 grammatica
1396 1625 1454 1649 ra-

62 1670 158 1705 tione
195 1671 382 1705 verborum
416 1672 612 1706 silentio
647 1670 770 1715 cgredi
802 1669 939 1715 egimus
970 1671 1014 1705 ad
1038 1683 1068 1705 c.
1097 1673 1187 1714 Lm,
1211 1673 1244 1707 7.
1270 1675 1308 1707 In
1331 1675 1451 1709 Berol.

61 1731 96 1766 2.
120 1734 172 1765 est
188 1742 287 1765 cum
311 1733 365 1766 sil.
391 1753 437 1758 —
473 1734 611 1767 Pariter
644 1743 720 1765 cum
751 1730 1004 1775 explicavimus
1036 1733 1082 1766 ad
1116 1745 1145 1767 c.
1172 1734 1324 1777 LXVIII,
1348 1735 1381 1771 2.
1404 1755 1454 1764 —·

64 1793 202 1835 Quam
236 1794 366 1837 equites
400 1794 449 1827 M.
484 1793 712 1828 nunciant
745 1792 1001 1827 illustravimus
1034 1793 1077 1826 ad
1104 1805 1134 1826 c.
1159 1795 1233 1836 ΧΠ,
1259 1795 1292 1828 5.
1317 1814 1364 1820 -
1400 1797 1453 1830 De

60 1853 177 1887 verbis
203 1854 307 1888 duum
331 1855 477 1888 millium
502 1853 765 1889 intervallo
788 1863 823 1889 vg
849 1853 894 1886 ad
917 1865 947 1888 c.
973 1855 1113 1896 LXXV,
1137 1855 1170 1889 2.
1194 1875 1240 1880 —
1272 1856 1342 1889 Pro
1367 1864 1452 1892 ante

61 1915 252 1948 consedisse
277 1924 385 1957 paene
409 1926 527 1948 omnes
551 1914 650 1949 codd.
675 1914 805 1947 habeut
828 1918 910 1947 ante
934 1925 1008 1948 eos
1031 1926 1140 1958 cons.‚
1173 1916 1296 1950 scribis
1325 1917 1448 1951 adrer-

61 1975 113 2009 bii
133 1975 209 2009 vim
231 1986 299 2008 non
322 1975 548 2018 capientibus.
580 1975 763 2018 Scriptura
787 1979 903 2009 tamen
926 1974 1063 2020 integra
1086 1980 1224 2009 servata
1247 1981 1298 2010 cst
1321 1976 1356 2010 in
1380 1978 1450 2012 Pa-

6 2050 15 2054 ·
60 2037 120 2071 lat.
152 2035 186 2070 2.
220 2041 254 2070 et
286 2036 363 2070 rat.
395 2036 440 2076 1.,
472 2035 532 2079 qui
565 2036 768 2079 pronomine
799 2040 928 2071 carent.
987 2036 1089 2079 Quod
1120 2047 1227 2080 quum
1256 2037 1448 2073 orationem

59 2096 266 2141 languidam
292 2100 327 2130 et
351 2097 451 2130 valde
474 2096 679 2141 ambiguam
703 2097 838 2139 reddat,
861 2108 1043 2141 perperam
1075 2108 1097 2131 a
1121 2096 1310 2132 Gerlachib
1334 2104 1448 2133 reten-

60 2162 136 2192 tum
159 2161 222 2192 est.
271 2158 335 2192 Est
357 2160 435 2200 post
458 2157 617 2192 auditum
642 2158 778 2192 Cortius
809 2162 950 2202 propter
982 2169 1089 2191 unum
1115 2158 1234 2192 Guelf.
1259 2157 1292 2192 4.
1319 2160 1448 2196 omisit.

62 2237 105 2243 —
133 2219 223 2251 Tum
245 2223 325 2252 v'ero
349 2218 542 2261 particulae
564 2229 697 2263 magna
720 2219 755 2253 vi
778 2219 944 2263 apodosin
967 2219 1133 2263 inferunt,
1158 2219 1248 2262 quod
1273 2219 1346 2254 iam
1369 2232 1445 2255 mo-

59 2278 171 2312 nitum
194 2282 245 2312 est
268 2279 314 2313 ad
337 2279 443 2313 Catil.
468 2290 499 2312 c.
523 2279 625 2321 LXI,
649 2280 681 2313 1.
707 2291 740 2324 p.
765 2279 846 2314 323.
871 2281 916 2314 ct.
940 2281 1005 2322 LI,
1028 2280 1085 2314 40.
1108 2299 1155 2305 ·—
1185 2281 1383 2315 Pronomen
1409 2293 1447 2316 se

59 2343 140 2373 ante
172 2339 328 2382 proditos
362 2351 430 2373 non
462 2339 594 2373 habent
627 2341 728 2374 Rem.
753 2341 787 2374 1.
814 2340 847 2375 2.
874 2342 990 2375 Guelt’.
1015 2341 1050 2375 1.
1074 2340 1156 2374 Sen.
1181 2340 1216 2374 2.
1248 2346 1283 2375 et
1306 2342 1445 2384 Reuss„

59 2411 207 2443 quorum
242 2400 449 2435 auctoritate
482 2400 620 2434 eortius
651 2401 769 2445 eiecit,
803 2403 894 2445 quod
920 2413 988 2436 non
1013 2401 1194 2435 miramur.
1243 2401 1314 2436 Sed
1336 2402 1444 2437 mira-

59 2471 139 2494 mur
162 2461 367 2494 Walchium
390 2460 434 2494 ad
458 2460 576 2494 Taciti
600 2461 720 2506 Agric.
749 2474 780 2497 c.
811 2464 952 2497 xxvn.
984 2475 1020 2507 p.
1044 2463 1123 2496 320.
1147 2462 1183 2496 id
1206 2463 1339 2497 factum
1362 2475 1445 2508 pro-

57 2520 156 2561 bare,
180 2524 214 2554 et
235 2521 337 2563 plane
360 2525 494 2556 certum
518 2521 633 2556 dicere
655 2522 935 2566 optimorumque
968 2523 1066 2558 codd.
1095 2523 1302 2559 auctoritate
1323 2525 1445 2559 firma-

57 2585 156 2622 tum3
190 2581 282 2625 quod
315 2581 417 2625 plane
453 2585 574 2616 contra
603 2586 665 2616 est.
713 2582 803 2617 Nam
826 2583 957 2629 ellipsis
982 2583 1214 2628 pronominis,
1245 2596 1307 2629 per
1328 2597 1366 2619 se
1390 2589 1445 2619 to-

58 2642 213 2676 lerabilis
243 2642 306 2685 (v.
337 2643 381 2676 ad
415 2655 447 2676 c.
479 2643 570 2683 XIV,
601 2641 635 2676 3.
660 2655 694 2687 p.
718 2643 802 2687 73.)‚
826 2645 862 2680 h.
886 2645 909 2678 l.
931 2644 1084 2678 maxime
1107 2645 1214 2679 dubia
1238 2657 1278 2679 ac
1301 2656 1441 2690 prorsus

58 2702 254 2737 damnanda
287 2707 359 2744 est,
393 2702 476 2747 quia
509 2713 577 2737 non
610 2702 678 2737 nisi
708 2703 811 2748 pauci
844 2709 946 2748 atque
977 2705 1164 2739 deteriores
1190 2706 1288 2740 codd.
1313 2716 1335 2740 a
1360 2717 1440 2739 con-

57 2765 156 2798 sueta
176 2763 311 2798 dicendi
334 2763 471 2799 ratione
493 2763 683 2799 discedunt.
710 2784 756 2790 -
782 2764 895 2799 Manu
916 2765 1164 2801 vindicandum
1188 2766 1214 2803 i.
1237 2777 1266 2800 e.
1292 2765 1365 2799 vim
1388 2765 1440 2799 in-
