1630 3034
158 192 242 234 45⁰
530 186 576 229 C.
606 185 923 230 SALLUSTI
955 185 1172 230 GRISPl

158 307 310 366 legere
353 303 606 364 ooeperint3
645 303 926 364 praeposteri
969 303 1201 358 homines;
1245 319 1346 349 nam
1383 320 1543 366 gerere

159 417 292 462 quam
327 401 423 445 fieri
458 406 666 462 tempore
700 401 938 460 posterius,
968 417 1018 446 re
1049 407 1184 461 atque
1211 417 1291 446 usu
1317 402 1440 462 prius
1464 407 1540 447 est.

94 511 145 549 13
160 497 435 559 Comparate
465 514 603 555 nunc,
640 498 851 554 Quirites,
890 513 992 542 cum
1018 499 1195 543 illorum
1228 499 1437 559 superbia
1472 513 1544 541 me

154 594 383 641 hominem
411 611 589 641 novum.
662 595 793 650 Quae
829 596 890 640 illi
921 596 1076 641 audire
1118 603 1163 641 et
1197 597 1351 657 legere
1387 596 1543 649 solent,

154 793 197 827 ad
223 792 371 837 Quintil.
396 793 442 835 X,
465 792 502 834 7,
525 792 583 826 24.
609 803 642 835 p.
666 789 736 826 257
753 811 799 817 —
815 792 895 827 262.
921 793 968 826 cf.
992 792 1101 828 etiam
1124 793 1228 828 Ferd.
1251 791 1368 827 Hand.
1392 790 1436 825 de
1458 789 1546 825 Par-

152 852 232 887 ticc.
256 853 349 887 Latt.
372 853 450 887 Vol.
473 854 502 888 1.
533 865 569 897 p.
593 851 663 887 454
681 864 757 897 sqq.
783 857 819 888 et
850 864 884 887 v.
909 853 1003 888 insta
1026 865 1057 888 c.
1084 854 1124 895 C,
1147 855 1182 889 7.
1207 873 1253 880 —
1285 853 1464 897 Quosnam
1492 849 1546 884 in-

152 914 291 959 telligat
323 914 479 956 Marius,
512 913 574 959 qui
607 914 747 948 demum
781 915 938 949 consules
961 915 1047 950 facti
1070 919 1149 950 acta
1173 914 1348 949 maiorum
1372 916 1407 947 et
1431 912 1545 945 Grae·

153 985 276 1009 corum
300 974 468 1010 militaria
491 979 680 1019 praecepta
705 975 824 1020 legere
848 975 1035 1019 coeperint,
1059 987 1128 1010 non
1150 979 1263 1020 potest
1287 972 1368 1008 dici.
1415 972 1545 1007 Lucul-

151 1035 226 1070 lum
248 1036 398 1071 fortasse
419 1035 613 1081 significari
635 1035 779 1070 coniicit
799 1036 1023 1079 Ger-lachim,
1046 1038 1126 1073 coll.
1146 1037 1219 1071 Cic.
1238 1033 1369 1070 Acadd.
1388 1033 1434 1075 11,
1456 1033 1492 1074 1,
1509 1031 1545 1066 2.

150 1096 220 1130 Sed
244 1097 274 1132 si
306 1097 414 1142 ipsius
438 1097 548 1131 Marii
582 1095 702 1130 animo
736 1097 876 1132 Luculli
911 1098 1110 1142 exemplum
1134 1098 1359 1132 obversatum
1383 1105 1458 1128 esse
1480 1104 1545 1137 pu-

150 1162 224 1200 tat,
248 1158 376 1204 oppido
400 1158 537 1193 fallitur
560 1157 600 1191 V.
625 1158 683 1199 D„
706 1169 817 1201 quum
839 1158 1074 1204 quadraginta
1097 1158 1197 1194 annis
1231 1157 1330 1202 prior
1353 1158 1442 1190 esset
1464 1153 1544 1188 Ma-

149 1219 222 1254 rius
247 1220 405 1255 Lucullo.
452 1218 550 1253 Fieri
573 1222 689 1254 tamen
714 1219 827 1263 potuit
850 1223 889 1253 ut
910 1220 1121 1263 Sallustius,
1153 1216 1339 1254 clarissimi
1362 1214 1463 1250 ducis
1486 1226 1546 1248 co-

149 1281 320 1326 gitatione
343 1285 478 1323 motus,
513 1280 596 1314 dum
629 1279 786 1314 Marium
819 1281 1018 1325 loquentem
1042 1281 1145 1323 facit,
1177 1280 1213 1315 in
1236 1276 1545 1316 anachronismum

149 1341 336 1385 incideret,
359 1343 417 1384 id,
444 1341 538 1386 quod
562 1342 633 1376 suis
656 1341 877 1385 temporibus
900 1345 994 1377 recte
1017 1341 1169 1376 iudicari
1191 1344 1345 1385 poterat,
1369 1337 1442 1373 iam
1465 1337 1545 1371 Ma-

149 1402 203 1437 rio
235 1403 410 1446 tribuens,
442 1401 541 1436 cuius
570 1413 756 1447 personam
787 1403 888 1447 quasi
920 1403 1042 1437 induit.
1091 1402 1161 1436 Sed
1195 1404 1272 1436 utut
1304 1404 1380 1443 est,
1410 1404 1545 1433 veteres

147 1474 362 1509 magnopere
395 1463 590 1509 probabant
623 1463 788 1498 militiam
812 1475 899 1508 usu,
934 1475 1004 1499 non
1026 1462 1152 1498 litteris
1175 1461 1276 1496 disci.
1311 1460 1358 1495 cf.
1383 1459 1488 1495 Catil.
1512 1471 1543 1493 e.

149 1524 225 1568 Vll,
251 1524 285 1559 4.
318 1525 390 1559 Cic.
421 1536 454 1569 p.
479 1525 579 1559 Font.
609 1536 640 1561 c.
667 1523 725 1567 15,
748 1524 807 1562 33.
861 1525 900 1560 0.
924 1525 1062 1559 Marius
1078 1550 1089 1567 ,
1124 1523 1162 1557 P.
1191 1522 1339 1565 Didius,
1367 1521 1409 1565 Q.
1434 1521 1544 1555 catu-

149 1585 201 1618 lus
220 1604 265 1609 —
288 1596 356 1618 non
382 1585 508 1619 litteris
530 1585 683 1620 homines
706 1586 755 1620 ad
778 1586 831 1620 rei
853 1586 1020 1621 militaris
1041 1584 1242 1627 scientiam,
1270 1583 1332 1618 aed
1354 1583 1455 1617 rebus
1478 1593 1543 1627 ge-

147 1645 209 1679 ntis
233 1657 275 1679 ac
299 1645 453 1679 victoriis
477 1645 615 1680 eruditi.
639 1645 731 1681 Plin.
755 1646 934 1692 Panegyr.
960 1659 992 1682 c.
1017 1646 1114 1681 xm.
1149 1645 1339 1690 Postquam
1362 1655 1444 1678 vero
1470 1648 1544 1677 stn-

147 1705 244 1739 dium
278 1716 457 1740 armorum
488 1717 512 1740 a
546 1707 706 1742 manibus
737 1708 786 1742 ad
811 1710 948 1752 oculos,
986 1707 1035 1741 ad
1069 1708 1285 1751 voluptatem
1316 1717 1340 1739 a
1372 1704 1545 1739 laboribus

148 1767 359 1801 translatum
385 1771 448 1801 est.
474 1785 517 1792 -
553 1766 776 1814 Praeposteri
803 1769 961 1803 homines
997 1766 1210 1802 Gerlachius
1242 1770 1336 1801 recte
1366 1777 1409 1800 ex
1442 1763 1543 1798 bonis

148 1826 248 1861 codd.
281 1826 443 1871 scripsit,
477 1839 587 1871 quum
624 1820 732 1875 vulgo
769 1829 908 1864 inverso
941 1829 1061 1864 ordine
1093 1828 1271 1873 legeretur
1306 1826 1396 1860 hom.
1418 1835 1541 1870 praep.

149 1888 188 1922 ln
213 1887 387 1922 adiectivo
418 1887 512 1922 enim
543 1888 617 1923 vim
651 1890 841 1925 sententiae
873 1890 987 1925 inesse
1018 1889 1194 1924 neminem
1228 1886 1343 1934 fugit3
1373 1897 1408 1920 v.
1442 1885 1488 1920 ad
1512 1897 1542 1919 c.

150 1950 227 1992 XX,
254 1950 287 1985 1.
318 1961 351 1993 p.
378 1948 461 1984 125.
485 1967 530 1976 —
554 1950 668 1986 Verba
697 1962 863 1997 gerere
896 1962 1002 1997 quam
1029 1951 1156 1994 sieri
1191 1947 1295 1984 multi
1317 1958 1400 1981 cnm
1423 1945 1543 1981 Cottio

148 2011 200 2045 ita
230 2010 460 2056 intelligenda
501 2015 660 2054 censent,
693 2016 732 2047 ut
766 2013 812 2047 ad
849 2012 948 2058 prius
979 2013 1183 2058 suppleatur
1222 2010 1440 2044 consulatum
1457 2033 1468 2051 ,
1497 2008 1541 2043 ad

148 2071 320 2116 posterius
355 2073 547 2115 consulem,
582 2073 675 2116 quod
707 2085 833 2118 pamm
864 2073 1167 2109 accommodatum
1199 2076 1263 2107 est.
1317 2070 1542 2114 Quamquam

149 2132 241 2166 enim
266 2133 309 2166 de
339 2132 396 2166 his
428 2138 585 2177 proxime
617 2144 733 2169 sermo
756 2134 844 2178 fuit,
877 2139 996 2170 tamen
1029 2145 1177 2175 caussa,
1209 2142 1279 2177 qua
1302 2135 1543 2176 praeposteros

147 2205 221 2228 esse
255 2194 341 2228 tales
371 2194 530 2228 homines
564 2194 802 2241 intelligatur,
839 2196 1018 2242 generalis
1050 2206 1073 2230 a
1110 2193 1228 2229 Mario
1265 2191 1469 2233 subiicitur,
1503 2196 1542 2225 ut

146 2259 241 2299 patet
271 2265 314 2289 ex
348 2255 465 2290 verbis
499 2257 589 2290 nude
619 2255 754 2301 positis.
801 2256 1002 2292 Sententiae
1035 2260 1154 2290 autem
1178 2255 1249 2296 viu,
1273 2264 1364 2298 quae
1385 2253 1430 2289 ad
1453 2264 1541 2298 oxy·

147 2315 237 2350 mori
262 2319 426 2350 naturam
451 2317 605 2360 accedit,
629 2329 671 2352 co
696 2321 843 2360 constat,
866 2318 958 2362 quod
981 2328 1125 2362 gerere,
1149 2315 1193 2350 ad
1218 2314 1357 2349 diversa
1379 2314 1540 2355 relatum,

149 2383 316 2420 tanquam
340 2388 410 2411 una
433 2389 488 2413 res
506 2380 591 2423 fieri
623 2379 731 2413 verbo
754 2377 954 2422 oppositum
982 2381 1043 2414 est.
1090 2377 1240 2411 Diducta
1262 2375 1374 2422 igitur
1397 2374 1434 2410 in
1458 2385 1541 2419 par-

149 2443 200 2472 tes
222 2449 302 2473 suae
326 2439 497 2474 sententia
521 2440 588 2474 hoc
612 2439 697 2474 dicit
720 2438 873 2473 Marius:
909 2439 1157 2484 magistratum
1180 2448 1306 2484 gerere
1329 2441 1365 2472 et
1387 2435 1538 2470 admini-

149 2505 262 2533 strare
294 2503 453 2543 tempore
484 2500 624 2544 quidem
657 2500 828 2545 posterius
860 2505 934 2543 ast,
965 2511 1071 2544 quam
1104 2501 1241 2541 creari5
1269 2497 1331 2533 sed
1363 2497 1471 2532 talen
1505 2501 1538 2530 te

145 2559 342 2603 praebere,
386 2566 425 2594 ut
456 2561 766 2606 magistratui
799 2562 1002 2608 gerendo
1044 2561 1218 2608 dignus
1262 2563 1308 2593 et
1347 2557 1537 2592 idoneus

148 2621 365 2654 videaris
383 2644 393 2664 ,
418 2633 456 2655 rc
483 2625 518 2657 et
540 2633 605 2657 usu
628 2622 726 2666 prius
748 2627 814 2659 eat.

239 2723 270 2763 5.
304 2719 360 2756 13.
419 2721 626 2767 comparato
659 2723 768 2768 nune]
806 2723 906 2757 Nunc
948 2722 983 2756 in
1017 2721 1296 2768 argumentando
1324 2724 1359 2756 et
1391 2720 1534 2754 dmon-

145 2784 284 2817 strando
316 2783 365 2818 ita
406 2783 562 2828 ponitur,
599 2788 637 2819 ut
669 2788 770 2819 antea
802 2783 902 2819 dicti·
928 2783 982 2818 vel
1013 2783 1114 2820 tactis
1139 2783 1173 2817 in
1197 2793 1305 2818 uuum
1324 2781 1427 2826 quani
1449 2792 1531 2816 con-
