1630 3034
471 167 1025 213 PRAEFATIO.
1370 182 1439 210 ιιι

39 287 358 346 ‹vg-amenta,
399 282 567 345 quibas
600 299 769 330 earam
803 284 1136 330 auctoritatem
1169 284 1432 351 impugno-

36 372 147 410 runt
181 366 479 426 interpretes,
510 379 690 425 parum
707 364 870 427 firma
904 378 1011 410 esse.
1038 365 1270 412 videntur.
1336 364 1429 409 Ca-

36 445 232 490 vendum
268 451 347 502 est,
381 459 438 488 ne
464 443 779 489 Grammaticis
812 445 919 500 istis*‚
950 444 1210 504 quicunque
1230 445 1428 490 tandem

35 524 238 582 fuerunt,
283 525 472 569 nimium
523 526 814 569 tribuamus.“
902 523 1110 568 Eandem
1164 526 1427 570 sententiam

33 619 175 662 quum
194 606 239 648 in
272 606 420 650 Praef.
456 605 639 651 minoris
675 604 881 648 editionis
916 604 1177 663 repetiisset,
1206 606 1446 666 utilcaus-z-

32 699 128 728 sam
163 683 360 741 afferret,
396 700 477 731 cur
507 685 575 729 illi
609 699 792 744 quoque
815 683 1012 738 editioni,
1045 683 1090 727 in
1127 695 1255 728 usum
1284 684 1443 730 sollo-⁴

30 763 174 808 larum
221 771 426 822 curatae,
470 766 700 825 Epistulas
757 764 1027 821 addidisset,
1081 778 1135 808 ac
1186 765 1422 809 novissime

30 843 76 887 in
111 843 216 890 Vol.
237 845 297 890 11.
333 846 385 891 Ρ.
407 845 443 892 Ι.
478 845 629 905 psl-1.
663 845 734 890 his
766 854 883 894 usus,
905 849 1019 889 esset
1053 844 1225 888 verbis:
1271 845 1422 903 „Epi-

30 924 166 969 stolas
220 925 402 970 fuerunt
452 926 531 983 qui
575 926 791 971 Sallustio
818 924 1170 979 abjudicarent,
1217 925 1305 969 secl
1349 926 1421 969 illi

29 1006 328 1064 argumentis
355 1019 538 1065 parum
581 1006 764 1051 idoneis
800 1005 939 1061 usi‚“.
964 1003 1061 1061 quis
1099 1010 1165 1047 est
1208 1006 1316 1063 quin
1351 1005 1420 1048 his

28 1083 154 1129 lectis
189 1099 276 1143 pro
311 1091 437 1130 certo
468 1084 645 1141 credat,
680 1084 979 1142 Gerlachium
1015 1082 1421 1129 declamationibus

28 1163 142 1219 istis,
177 1164 401 1208 immerito
437 1163 609 1208 scilicet
644 1163 928 1222 contemptis,
965 1163 1249 1208 defensorem
1283 1170 1420 1221 atque

29 1249 269 1303 patronum
313 1242 603 1288 exstiturum?
637 1244 758 1288 ASed
803 1250 959 1293 contra
1007 1243 1266 1302 opinionem
1301 1258 1420 1301 quae

30 1330 273 1381 sequuntur
314 1323 377 1365 ita
423 1322 648 1381 disputata
693 1329 821 1380 sunt,
872 1331 924 1368 ut
968 1324 1258 1383 epistolarum
1305 1323 1420 1367 fides

26 1390 210 1460 prorsus
246 1401 646 1458 collabefactetur‚
684 1418 848 1461 easque
880 1404 1009 1448 nullo
1045 1404 1186 1448 modo
1221 1402 1420 1446 Sallustii

28 1496 121 1525 esse
155 1495 287 1540 posse
323 1482 595 1528 ostendatur.
675 1481 812 1527 Cuius
846 1484 916 1536 rei
946 1485 1047 1528 satis
1082 1484 1222 1527 mirae
1257 1497 1419 1540 quam-

26 1576 164 1619 quam
199 1575 354 1606 caussa
388 1576 478 1605 non
512 1562 557 1606 in
591 1569 810 1622 promptu
847 1569 925 1619 est,
962 1571 1111 1610 tamen
1147 1564 1207 1606 ita
1241 1563 1421 1606 videtur

27 1641 242 1700 explicari
288 1655 450 1700 posse,
497 1643 530 1686 si
579 1649 742 1687 statuas
796 1643 1094 1690 Gerlachium
1140 1649 1216 1687 aut
1259 1641 1419 1686 ludere

25 1721 216 1766 voluisse
250 1721 456 1777 lectores,
487 1723 701 1782 ambigue
736 1724 1029 1783 interpretum
1057 1737 1238 1783 parum
1254 1721 1418 1784 firma

26 1806 319 1862 argumenta
363 1802 685 1862 vituperando,
731 1805 798 1849 uti
842 1811 887 1849 et
921 1819 995 1848 me
1031 1803 1134 1848 lusit
1178 1810 1224 1847 et
1257 1816 1417 1847 censo-

24 1898 121 1928 rem
165 1881 368 1926 editionis
402 1882 584 1926 minoris
633 1884 677 1926 in
712 1883 959 1943 Ephe-mm.
994 1884 1099 1928 Litt.
1135 1881 1325 1927 lenenss.
1375 1897 1414 1924 a.

26 1961 174 2008 1827.
199 1962 527 2022 Supplementt.
563 1963 650 2007 No.
677 1962 754 2008 16.
783 1979 830 2023 p.
852 1961 982 2021 127„
1000 1968 1075 2006 aut
1108 1962 1257 2021 ipsum
1276 1975 1417 2019 quum

26 2043 128 2087 Vol.
174 2042 296 2102 prius
341 2042 495 2086 ederet
530 2043 790 2087 Sallustium
834 2058 922 2103 pro
965 2056 1074 2086 vero
1110 2049 1293 2087 auctore
1328 2039 1415 2090 has

26 2123 197 2176 buisse‚
257 2122 336 2167 sed
390 2130 550 2183 postea
606 2138 655 2167 re
709 2123 956 2168 accuratius
1010 2136 1234 2180 perpensa
1287 2120 1415 2164 aliter

24 2203 185 2248 sentire
220 2204 438 2262 coepisse,
466 2203 712 2260 mutatique
747 2202 901 2247 iudicii
937 2215 1139 2245 caussam
1173 2201 1415 2245 verbormn

26 2282 322 2343 ambiguitate
361 2290 518 2343 tegere
560 2283 765 2329 voluisse.
843 2280 939 2326 Sed
974 2286 1072 2324 utut
1115 2288 1205 2339 est,
1240 2288 1416 2326 strenue

26 2363 287 2407 Sallustium
321 2377 349 2405 a
389 2363 704 2408 declamatoris
738 2362 912 2420 ineptiis
947 2361 1172 2416 liberavit,
1217 2361 1416 2418 sciteque

25 2442 156 2488 simul
209 2441 401 2487 coniecit
452 2458 510 2487 ne
564 2443 767 2487 eiusdem
826 2441 1013 2500 quidem
1064 2442 1257 2485 auctoris
1318 2455 1418 2495 esse

26 2530 261 2579 utramque
297 2522 548 2580 epistolam,
575 2523 655 2567 sed
691 2523 806 2566 duos
839 2522 1145 2565 adolescentes
1180 2521 1224 2564 in
1259 2520 1416 2564 rheto-

25 2603 82 2645 ris·
118 2601 274 2646 schola
310 2608 535 2646 certamen
571 2603 740 2663 ingenii
775 2601 916 2646 videri
958 2600 1215 2655 instituisse,
1251 2600 1417 2643 eodem

31 2689 295 2742 argumento
341 2684 606 2742 proposito,
653 2683 696 2727 in
733 2697 826 2741 quo
861 2686 1075 2739 quantam
1114 2695 1167 2724 ex
1202 2679 1417 2725 Sallustio

1034 2761 1089 2791 ἡ*
1125 2754 1141 2781 ²
