1630 3034
429 194 795 238 IUGURTHA.
857 195 988 238 CAP.
1018 194 1216 238 LXXIII.
1437 197 1521 238 383

135 313 248 358 caris
288 319 333 357 et
361 311 522 356 indicio
553 311 781 372 patefacto
817 325 872 355 ex
905 311 1110 373 perfugis
1146 309 1382 372 cognovit,
1417 326 1516 354 rur-

133 426 207 456 sus
249 416 479 469 tamquam
517 408 577 452 ad
611 409 831 468 integrum
869 408 1037 453 bellum
1077 414 1237 453 cuncta
1278 412 1411 467 parat
1445 408 1516 451 fe-

132 508 366 566 stinatque.
437 505 658 563 Marium,
703 505 964 564 fatigantem
1002 505 1060 550 de
1107 505 1416 565 profectione,
1453 505 1549 554 si-2

130 605 224 648 mul
260 610 304 648 et
338 603 523 647 invisum
559 609 603 646 et
629 601 851 646 offensum
888 601 969 646 sibi
993 617 1154 662 parum
1189 602 1402 646 idoneum
1437 617 1512 645 ra—

132 781 332 815 Formidine
355 778 522 814 attonitus
544 789 655 824 neque
679 779 816 820 animo,
849 790 958 824 neque
981 779 1124 813 auribus
1148 783 1210 813 aut
1234 779 1358 824 lingna
1381 790 1514 824 compe—

126 848 211 877 tere.
260 842 370 875 Recte
400 843 517 874 autem
550 839 707 875 eortius:
741 840 777 874 in
805 842 1018 884 formidine,
1053 839 1187 884 inquit,
1224 840 1431 884 plerumque
1464 849 1515 875 est

126 901 298 946 quaedam
321 899 483 936 amentia.
532 899 672 945 Quippe
696 902 853 944 formido
877 905 929 936 est
951 913 1107 936 summus
1132 901 1258 944 timor,
1295 900 1355 934 ubi
1377 901 1514 934 animus

125 963 271 996 confusa
294 961 443 1006 quadam
469 961 595 995 infiniti
619 965 654 995 et
688 962 838 1007 ingentis
862 962 947 997 maIi
971 962 1182 1007 cogitatione
1205 962 1306 1005 plane
1330 963 1513 1005 perturba—

124 1027 180 1058 tua
203 1027 275 1065 est3
300 1034 333 1057 v.
359 1021 559 1056 Doederlini
592 1022 785 1068 Synonym.
820 1024 896 1060 Lat.
928 1024 1004 1058 Vol.
1027 1024 1071 1057 11.
1103 1035 1136 1067 p.
1160 1023 1241 1057 201.
1260 1025 1290 1065 §-
1312 1022 1371 1057 23.
1418 1023 1513 1067 Quid

125 1088 243 1118 autem
280 1083 371 1117 inter
392 1083 620 1126 formidinem
645 1087 678 1117 et
701 1085 857 1118 timorem
881 1095 922 1119 ac
947 1090 1076 1120 motum
1102 1083 1256 1124 intersit,
1282 1083 1388 1118 facile
1410 1083 1512 1118 intel-

123 1143 214 1189 liges
237 1144 318 1177 mn.
342 1143 566 1177 annotatione
589 1144 634 1177 ad
659 1155 689 1177 c.
715 1145 822 1186 LXX,
847 1144 880 1179 5.

215 1205 371 1239 LXXIII.
404 1207 436 1246 §-
470 1204 503 1237 1.
535 1204 578 1237 de
609 1207 716 1251 casu]
758 1207 885 1240 Casum
922 1205 1060 1240 Curtius
1091 1204 1129 1238 h.
1162 1204 1186 1237 l.
1221 1206 1314 1238 recte
1344 1203 1512 1249 iutelligit

120 1269 271 1299 mortem
305 1266 361 1299 vel
395 1265 631 1309 supplicium3
664 1266 708 1299 cf.
745 1277 775 1299 c.
812 1267 915 1308 xlv,
938 1266 994 1300 22.
1032 1269 1066 1300 et
1097 1276 1131 1300 v,
1164 1268 1330 1298 annotata
1365 1264 1409 1298 ad
1434 1265 1510 1299 Cat.

121 1328 265 1370 XXXV,
288 1328 323 1362 4.
371 1328 424 1360 De
447 1330 622 1360 structura
647 1337 853 1371 cognoscere
877 1327 976 1360 verbi
1005 1337 1084 1359 cum
1118 1326 1160 1359 de
1185 1324 1442 1369 praepositione
1464 1325 1508 1358 cf.

119 1388 214 1422 dicta
237 1389 281 1422 ad
305 1400 334 1423 c.
359 1387 557 1429 LXXXIV,
582 1387 616 1421 3.
651 1406 696 1411 —
736 1387 915 1429 Patefacto
948 1387 1102 1431 Langius
1134 1386 1266 1420 dictum
1298 1389 1414 1420 censet
1445 1396 1509 1429 pro

114 1452 237 1494 facto,
270 1449 361 1493 quod
394 1460 520 1492 parum
553 1448 678 1492 placet.
725 1447 793 1481 Sed
827 1459 934 1490 quum
959 1447 1098 1491 proprie
1121 1446 1303 1480 dicendum
1326 1450 1414 1480 esset
1444 1447 1507 1480 in-

119 1510 263 1543 sidiis
295 1510 421 1543 indicio
452 1508 735 1554 patefactis,
768 1507 873 1541 dictio
898 1519 920 1541 a
944 1508 1113 1542 Sallustio
1136 1509 1305 1550 usurpata
1330 1506 1373 1539 ad
1398 1506 1508 1550 quod-

118 1570 200 1604 dam
225 1570 417 1614 pleonasmi
441 1582 550 1616 genus
569 1568 749 1604 referenda
773 1568 920 1612 videtur,
945 1569 1039 1603 haud
1062 1568 1233 1602 dissimile
1256 1567 1309 1609 ei,
1332 1579 1403 1611 quo
1426 1578 1508 1601 usus

117 1635 170 1664 est
191 1630 330 1665 Terent.
355 1632 483 1666 fleant.
507 1632 547 1673 V,
571 1631 606 1671 4,
629 1630 687 1664 21.
737 1628 854 1672 Neque
878 1630 968 1673 quod
988 1631 1197 1675 principium
1220 1629 1386 1673 incipiam
1410 1630 1501 1669 scio;

116 1690 236 1724 Livius
262 1691 425 1733 XXXIX,
449 1693 506 1734 23,
530 1691 564 1726 5.
610 1689 829 1725 Inchoata
853 1689 994 1725 initia
1018 1702 1040 1724 a
1066 1691 1224 1734 Philippo
1247 1695 1349 1730 sant,·
1370 1694 1405 1724 et
1428 1690 1504 1724 Ta-

114 1751 205 1785 citus
231 1751 370 1785 Annall.
396 1752 496 1795 XIII,
520 1752 578 1794 10,
602 1751 636 1786 2.
687 1751 904 1794 Quamquam
928 1752 1136 1786 censuissent
1165 1755 1284 1795 patres
1306 1756 1347 1785 ut
1378 1751 1504 1795 prin-

114 1812 282 1856 cipium
306 1812 392 1846 anni
422 1813 662 1857 inciperet
694 1822 810 1845 mense
845 1812 1034 1846 Decembri.
1079 1811 1199 1855 Neque
1223 1811 1375 1846 alienum
1398 1811 1506 1845 fuerit

114 1883 320 1916 comparare
341 1873 531 1906 locutiones
557 1884 674 1906 rursus
698 1873 834 1915 redire,
865 1873 964 1917 prius
994 1874 1219 1917 praecipere,
1254 1878 1337 1906 ante
1357 1883 1504 1916 praeoc-

112 1944 261 1978 cupare,
297 1933 341 1967 de
363 1933 490 1976 quibus
514 1933 664 1967 diximus
688 1934 732 1967 ad
755 1933 873 1967 Catil.
898 1934 1021 1976 xvm,
1049 1933 1083 1969 6.
1107 1944 1141 1977 p.
1165 1931 1221 1967 88.
1269 1932 1411 1966 Scilicet
1434 1943 1503 1975 quo

113 1999 308 2038 apertae
345 1994 399 2027 rei
432 1994 526 2029 notio
565 1993 694 2027 clarior
724 1997 759 2027 et
792 1993 918 2027 fortior
940 1994 1056 2035 foret,
1081 1997 1205 2026 auctor
1227 1996 1261 2026 et
1283 1993 1502 2027 substantivo

114 2058 149 2088 et
183 2053 293 2086 verbo
326 2063 409 2087 usus
437 2058 509 2095 est,
542 2053 577 2087 in
611 2065 679 2097 quo
711 2058 858 2097 utroque
891 2054 982 2088 haec
1008 2053 1060 2087 vis
1084 2053 1228 2095 inesset,
1252 2052 1382 2096 pariter
1404 2057 1443 2087 ut
1465 2053 1502 2086 in

112 2113 185 2148 illis
207 2112 342 2147 dicendi
366 2114 478 2148 modis
502 2115 649 2148 alterum
675 2115 886 2148 vocabulum
909 2114 1002 2148 idem
1026 2113 1224 2159 siguificat,
1250 2112 1342 2156 quod
1365 2112 1437 2155 iam
1463 2113 1500 2147 in

112 2174 222 2208 verbo
263 2173 361 2207 inest.
403 2175 450 2209 cf.
482 2174 589 2209 etiam
622 2184 710 2218 quae
754 2173 904 2208 diximus
945 2174 989 2208 ad
1023 2185 1052 2208 c.
1092 2173 1290 2216 LXXXIII,
1322 2172 1356 2208 3.
1388 2177 1423 2208 et
1455 2174 1498 2208 ad

112 2234 293 2276 LXXXV,
316 2234 350 2268 4.
374 2254 419 2260 —
455 2236 635 2279 Tanquam
671 2234 719 2268 ad
750 2235 763 2268 ι’
774 2240 982 2280 ntegrum
1018 2235 1142 2268 bellum
1171 2233 1366 2280 significat:
1398 2235 1498 2280 quasi

111 2297 209 2342 nulla
239 2295 372 2329 bellum
405 2295 630 2340 componendi
661 2306 739 2340 spes
772 2295 950 2338 affuisset,
990 2294 1089 2339 quasi
1122 2295 1294 2341 flagrante
1325 2297 1419 2331 bello
1461 2301 1497 2330 et

111 2357 211 2391 nulla
234 2368 276 2390 ex
300 2360 398 2399 parte
420 2355 623 2397 imminuto;
646 2357 692 2391 ct'.
716 2356 831 2392 Tacit.
855 2356 949 2390 Hist.
968 2357 1012 2397 11,
1037 2355 1096 2400 57,
1120 2356 1154 2391 1.
1207 2356 1363 2391 Vitellius
1385 2361 1425 2391 ut
1447 2357 1496 2391 ad

112 2418 349 2463 integrum
382 2418 548 2451 bellum
579 2417 728 2451 relicuas
762 2417 960 2452 Germanici
994 2417 1161 2451 exercitus
1186 2417 1278 2451 vires
1316 2417 1491 2452 trahebat.

111 2479 210 2513 Curt.
234 2478 303 2519 IX,
326 2477 369 2519 4,
395 2476 451 2513 16.
499 2476 682 2522 Postquam
713 2478 947 2523 integrum
979 2477 1143 2511 bellum
1176 2488 1251 2511 cum
1267 2478 1494 2522 ferocissimis

114 2539 236 2573 Indiae
257 2539 419 2584 gentibus
441 2548 616 2581 superesse
639 2543 884 2583 cognoverunt.
910 2539 955 2572 cf.
980 2548 1087 2581 supra
1111 2548 1141 2573 c.
1166 2537 1274 2582 LXII,
1298 2537 1333 2574 9.

202 2602 234 2642 §.
257 2599 293 2634 2.
333 2597 575 2643 fatigantem]
608 2597 720 2632 Nihili
751 2602 822 2640 est,
852 2599 943 2643 quod
978 2596 1185 2632 Gerlachius
1215 2601 1248 2632 et
1282 2599 1494 2633 Iaumanuus

110 2663 249 2692 censent
267 2659 424 2703 precibus
447 2669 522 2692 esse
544 2659 796 2702 supplendum3
820 2669 854 2693 v.
878 2663 995 2693 notata
1025 2659 1068 2693 ad
1093 2670 1125 2693 c.
1149 2660 1211 2701 XI,
1234 2658 1267 2694 4.
1294 2679 1338 2685 -
1363 2658 1491 2693 Statim

110 2722 188 2761 post
219 2719 419 2763 scripsimus
450 2720 616 2762 invisum,
656 2719 708 2753 uti
740 2723 851 2753 exstat
882 2718 917 2753 in
950 2719 1121 2756 Palmerii
1155 2720 1230 2756 cod.
1263 2719 1431 2753 Thosuuo
1455 2722 1490 2753 et

111 2777 333 2820 Berliniano.
365 2779 482 2814 Coleri
515 2780 590 2814 cod.
624 2779 850 2821 Rittershus.,
883 2780 996 2814 Mark.
1023 2783 1075 2821 A,
1098 2784 1134 2814 et
1155 2781 1323 2820 fortasse,
1345 2782 1490 2822 excepto
