1630 3034
460 196 802 245 CATILINA.
859 196 997 248 GAP.
1024 197 1146 251 1⁴1„
1385 200 1474 244 245

91 313 358 374 appellatur.
427 314 655 372 Equidem
677 327 768 373 ego
804 312 866 359 sic
901 313 1131 370 existumo,
1164 312 1319 361 Patres
1352 327 1464 360 con-
1478 319 1531 363 15

91 406 269 464 scripti,
305 405 446 450 omnis
480 407 698 450 cruciatus
732 406 925 450 minores
959 420 1094 463 quam
1128 404 1329 451 facinora
1360 405 1469 451 illo-

89 511 189 540 rum
237 511 356 550 esse3
412 496 492 541 sed
534 497 740 556 plerique
783 497 991 540 mortales
1033 501 1262 555 postrema
1305 497 1467 541 memi-

87 602 220 644 nere,
263 593 308 632 et
350 587 397 632 in
429 587 685 632 hominibus
717 588 864 648 impiis
911 588 1089 633 sceleris
1135 602 1290 634 eorum
1335 587 1464 632 obliti

83 762 322 809 angustiorem
359 764 545 810 magisque
578 764 875 810 circumscriptam
916 763 1099 806 transitur,
1138 767 1177 798 ut
1211 766 1305 798 recte
1348 760 1466 798 docuit

82 821 295 855 Ramshorn.
331 822 356 855 l.
383 822 407 855 1.
443 834 478 866 p.
500 821 580 857 538.
622 823 724 866 Quod
754 835 862 866 quum
893 811 998 856 etiam
1030 822 1073 854 de
1103 821 1306 866 gradatione
1336 820 1463 860 valeat,

82 867 151 912 {ion
182 879 328 913 dubium
359 882 430 920 est,
472 879 555 922 quin
584 879 754 924 Herzogii
786 879 971 923 explicatio
1005 877 1091 912 ferri
1121 883 1277 922 nequeat.
1335 877 1463 910 Sensus

82 939 202 970 autem
225 935 418 980 simplicior
441 935 500 969 hic
523 939 592 970 est:
624 942 658 970 et
681 937 836 978 studere,
873 941 906 970 et
936 937 1045 970 odisse
1079 937 1238 976 dedecet3
1272 935 1332 968 sed
1354 935 1461 968 multo

80 994 195 1028 miuus
219 995 316 1028 decet
339 994 454 1036 irasci,
479 995 561 1038 quia
585 994 767 1027 iracundia
797 994 834 1027 in
865 995 1008 1038 imperio
1041 994 1226 1027 crudelitas
1251 992 1459 1036 appellatur.

173 1054 205 1094 §.
231 1051 287 1085 14.
333 1063 422 1096 quae
446 1052 541 1095 apud
565 1052 673 1095 alios]
705 1052 818 1085 Guelf.
839 1050 872 1085 5.
897 1052 987 1096 quod
1011 1062 1067 1095 ap.
1092 1052 1137 1084 al.
1164 1050 1232 1083 Sed
1255 1059 1457 1094 pronomen,

78 1107 174 1151 quod
195 1119 271 1142 rem
294 1109 454 1143 universe
475 1108 735 1152 complectitur,
758 1108 916 1153 legitime
938 1119 1000 1152 per
1024 1108 1263 1142 attractionem
1287 1104 1460 1149 sequentis

76 1164 286 1199 substantivi
330 1177 439 1210 genus
480 1166 658 1209 sequitui-3
691 1166 737 1201 cf.
760 1177 788 1199 c.
817 1167 895 1206 XX,
921 1166 955 1199 4.
989 1166 1080 1202 idem
1114 1166 1200 1198 velle
1233 1170 1336 1208 atquc
1369 1163 1460 1196 idem

78 1223 192 1264 nolle,
228 1234 271 1257 ea
303 1223 440 1256 demum
467 1225 578 1266 firma
614 1222 770 1256 amIcitia
802 1226 863 1256 est.
917 1224 995 1267 Ing.
1026 1223 1165 1262 XXXI,
1191 1222 1246 1256 15.
1283 1222 1343 1255 secl
1375 1221 1461 1254 haec

76 1279 168 1313 inter
192 1280 292 1314 bonos
316 1281 494 1322 amicitia,
525 1281 616 1314 inter
639 1281 749 1314 malos
766 1282 879 1324 factio
904 1285 965 1315 cst.
1004 1279 1050 1313 cf.
1077 1279 1309 1313 Ruddimann.
1334 1277 1459 1311 Institt.

77 1335 237 1370 Gramm.
262 1337 305 1370 T.
323 1338 366 1373 11.
388 1348 424 1381 p·
445 1338 492 1371 20
514 1350 564 1381 sq.
583 1357 625 1365 ψ-
661 1339 737 1379 Εα,
771 1338 864 1380 quod
894 1348 964 1370 non
987 1336 1061 1370 sine
1084 1336 1123 1370 vi
1147 1337 1302 1371 additum
1326 1339 1394 1376 est,
1419 1333 1456 1366 in

74 1393 180 1428 Rem.
200 1395 233 1428 1.
259 1398 293 1428 et
314 1395 420 1428 Fabr.
442 1395 475 1428 2.
510 1406 579 1429 non
601 1394 751 1439 legitur,
784 1405 933 1437 quorum
969 1393 1173 1429 auctoritato
1196 1393 1333 1427 Cottius
1365 1391 1455 1426 omi-2

74 1451 193 1486 sit.—-
227 1453 269 1485 In
292 1453 455 1495 imperio,
489 1452 580 1495 quod
603 1451 789 1495 opponitur
822 1451 1032 1494 antegressis
1064 1452 1160 1495 apud
1193 1452 1302 1491 alios,
1338 1447 1460 1483 Cortio

74 1507 206 1542 dictum
229 1509 367 1543 videtur
388 1520 451 1552 pro
474 1509 740 1552 imperantibus3
770 1508 959 1552 quominus
980 1512 1098 1542 tamen
1120 1508 1265 1555 propria
1288 1509 1460 1551 potestate

73 1563 312 1609 intelligatur,
335 1566 424 1600 nihil
449 1567 572 1607 obstat,
599 1578 706 1610 quum
730 1566 931 1611 saepissime
954 1577 1120 1609 personae
1145 1567 1249 1601 rebus
1271 1566 1328 1599 vel
1351 1575 1460 1608 oppo-

72 1626 220 1664 nantur,
244 1623 302 1657 vel
325 1635 404 1657 cum
427 1623 470 1657 iis
494 1628 758 1666 comparentur3
796 1624 841 1656 cf.
865 1623 944 1669 lug.
974 1625 1145 1665 LXXXV,
1170 1623 1226 1657 13.
1260 1626 1460 1666 comparate

71 1690 161 1713 nunc
184 1691 260 1713 cum
283 1682 418 1714 illorum
440 1682 601 1725 superbia
624 1692 678 1714 me
701 1681 872 1715 hominem
895 1692 1019 1714 novum
1033 1706 1043 1724 ,
1077 1681 1139 1714 ubi
1174 1693 1208 1715 v.
1240 1682 1334 1714 Cort.
1370 1679 1458 1713 Yeu.

70 1737 116 1778 11,
137 1737 172 1779 6,
196 1738 229 1771 1.
267 1739 326 1783 qui
361 1739 435 1772 Tib.
476 1738 691 1779 Gracchum,
734 1738 825 1771 idem
865 1739 984 1772 Caium
1020 1739 1199 1782 occupavit
1227 1741 1350 1781 furor,
1385 1742 1458 1771 tam

70 1794 254 1829 virtutibus
288 1796 360 1829 eius
395 1795 565 1839 (Tiberii)
601 1795 778 1835 omnibus,
819 1806 923 1839 qnam
956 1796 1033 1828 huic
1068 1797 1177 1829 errori
1209 1796 1364 1830 similem.
1407 1793 1457 1830 ib.

70 1851 117 1892 ll,
145 1851 180 1894 9,
206 1851 240 1885 2.
271 1852 349 1888 Liv.
379 1853 522 1894 XXVII,
553 1851 611 1893 ⁰35,
642 1851 675 1885 1.
706 1852 879 1896 plerisque
916 1854 1143 1901 aequantibus
1169 1852 1458 1886 Tarentinos

73 1908 328 1952 Campanorum
372 1921 520 1944 noxae
556 1921 836 1954 poenaeque.
892 1910 1053 1944 Plurima
1099 1910 1244 1944 contulit
1276 1910 1335 1943 Fr.
1358 1909 1457 1945 Heu-

71 1965 199 2011 singer.
225 1967 269 2000 ad
293 1966 362 2002 Off.
384 1967 412 2008 1,
431 1967 489 2010 22,
507 1967 541 2002 7.
578 1968 657 2000 licet
691 1967 812 1999 cadem
846 1967 888 1999 de
915 1967 1094 2000 Pausania
1127 1972 1160 2000 et
1189 1967 1368 2010 Lysandro
1403 1965 1458 1998 di-

71 2033 160 2063 cere,
183 2043 229 2048 —
253 2024 313 2068 qui
335 2025 479 2057 minima
502 2023 642 2067 quidem
668 2035 707 2056 cx
736 2029 839 2067 parte
864 2024 1016 2068 Lycurgi
1041 2025 1175 2068 legibus
1199 2029 1232 2057 et
1256 2023 1458 2066 disciplinae

71 2080 269 2122 conferendi
291 2086 392 2122 suut,
423 2080 485 2114 ubi
515 2092 549 2113 v.
576 2080 680 2114 etiam
706 2081 786 2116 Car.
819 2081 949 2123 Beier„
972 2082 1112 2114 Ruhnk.
1150 2081 1194 2114 ad
1227 2080 1314 2113 vell.
1340 2080 1374 2118 Ι,
1398 2078 1456 2112 12.

70 2135 234 2170 Bremius
257 2137 302 2170 ad
325 2136 410 2180 Nep.
434 2138 564 2170 Chabr.
591 2150 621 2170 c.
640 2138 674 2178 3,
694 2138 726 2171 4.
763 2142 797 2171 et
820 2137 960 2171 Miibius
991 2137 1033 2171 ad
1060 2138 1158 2172 Caes.
1182 2138 1224 2170 B.
1251 2137 1295 2169 G.
1317 2136 1377 2176 ln,
1398 2134 1454 2168 14.

164 2196 197 2235 §-
221 2192 277 2226 15.
326 2194 520 2237 existumo]
566 2195 619 2227 lta
649 2194 807 2237 plerique
848 2205 966 2227 omnes
997 2193 1100 2234 libri,
1137 2194 1243 2228 etiam
1276 2193 1388 2228 ratic.
1411 2192 1453 2225 A.

70 2253 106 2286 et
127 2250 295 2284 Priscian.
309 2251 402 2291 XVI,
418 2250 452 2283 2.
478 2262 512 2294 p.
529 2250 610 2287 645.
635 2251 720 2292 Kr.;
746 2239 805 2284 sed
827 2250 910 2287 Bas.
930 2250 962 2284 1.
979 2249 1011 2283 2.
1038 2251 1153 2285 Guelf.
1174 2252 1208 2285 2.
1228 2249 1261 2287 5.
1287 2255 1454 2293 aestumo,

70 2307 163 2350 quod
186 2306 305 2340 Cortio
328 2310 514 2349 praeeunte
536 2307 698 2350 plurimi,
731 2308 838 2341 etiam
864 2307 1089 2350 Gerlachius,
1126 2312 1338 2351 receperunt.
1385 2307 1458 2341 Noe

70 2375 134 2399 cur
158 2365 324 2398 existumo
355 2363 624 2406 praetulerimus
655 2368 751 2408 patet
781 2376 824 2398 ex
853 2363 984 2401 notatis
1015 2364 1057 2397 ad
1082 2375 1112 2400 c.
1138 2366 1235 2407 vlu,
1263 2365 1297 2398 2.
1323 2384 1368 2389 -
1415 2365 1457 2401 Ιπ

70 2421 261 2455 hominibus
292 2421 431 2464 impiis‚·
453 2431 488 2455 v„
513 2421 557 2454 ad
580 2422 618 2454 h.
643 2433 672 2455 c.
708 2424 739 2464 §.
757 2421 872 2456 35.-—
910 2422 1009 2456 certo
1032 2423 1101 2455 scio
1124 2434 1212 2457 unus
1236 2423 1309 2456 cod.
1337 2422 1456 2456 struv,

69 2479 231 2519 exhibet,
262 2476 386 2511 relicui
415 2488 535 2511 omnes
559 2483 649 2512 certe
678 2479 758 2515 scio.
806 2477 1042 2516 Nihilominus
1073 2490 1142 2512 non
1177 2479 1333 2514 dubitavi
1365 2484 1456 2513 certo

69 2537 239 2581 probare,
272 2545 487 2578 quamquam
526 2536 675 2580 vulgata
705 2535 846 2577 multis,
890 2535 996 2569 etiam
1028 2536 1190 2580 Zumptio
1222 2537 1259 2570 in
1295 2538 1453 2573 Gramm.

70 2594 152 2628 Lat.
174 2595 208 2635 §.
225 2591 283 2632 62,
299 2591 333 2632 4,
353 2591 386 2625 1.
419 2604 453 2636 p.
470 2592 574 2635 227„
609 2604 677 2627 non
707 2592 927 2626 sollicitanda
957 2592 1107 2627 videtur.
1164 2595 1246 2630 Alia
1276 2599 1329 2628 est
1362 2595 1455 2628 enim

70 2660 148 2692 ree,
178 2648 208 2683 si
230 2647 368 2693 integra
391 2650 609 2693 enunciatio,
644 2649 734 2690 alia,
767 2650 935 2684 sisoium
967 2650 1107 2684 verbum
1140 2650 1257 2685 addita
1286 2651 1458 2696 particula

69 2707 323 2751 contii-matun
355 2706 447 2743 inter
469 2711 657 2755 utrumque
679 2711 797 2744 autem
828 2707 964 2744 dicendi
993 2708 1138 2745 modum
1158 2707 1212 2747 ita
1232 2708 1460 2746 distinxerunt
