1630 3034
519 209 886 253 IUGURTHA.
950 210 1071 252 cAt’.
1106 210 1156 251 V.
1479 212 1536 253 33

144 327 367 372 niensibus
404 333 449 372 et
479 333 614 389 capto
642 325 882 388 Syphace.
921 327 1040 371 cuius
1070 327 1116 372 in
1137 326 1293 372 Africa
1319 341 1536 395 magnum

145 431 280 483 atque
314 425 402 469 late
437 424 673 485 imperium
710 423 866 476 valuit,
903 424 1101 483 populus
1130 424 1363 468 Romanus
1397 438 1533 482 quas-

144 544 335 580 auctoritas
369 556 436 579 non
468 549 604 580 tantum
636 545 749 585 valet,
785 549 821 579 ut
860 545 1026 590 vulgatae
1058 545 1295 588 praeferamus
1318 544 1352 577 in
1378 545 1535 578 amicitia

143 612 312 650 receptus,
336 617 426 650 quae
449 605 653 649 depravatio
676 617 716 638 ex
741 606 855 640 deleta
879 617 981 648 super
1006 618 1027 639 a
1052 606 1202 639 litteram
1225 605 1368 647 lineola,
1394 615 1537 639 accusa-

144 667 209 700 tivi
233 667 346 711 signo,
370 672 447 700 orta
470 671 531 700 est.
559 687 600 692 —
626 667 785 700 ceterum
810 667 853 698 de
890 667 1070 699 Masinissa
1095 678 1179 710 rege
1202 666 1274 699 iam
1301 665 1439 699 Curtius
1455 677 1536 698 con-

142 728 223 762 tnlit
248 728 328 771 [Sil.
354 727 432 761 ltal.
457 728 514 767 16,
534 727 614 761 117.
639 728 724 772 Fun]
747 728 824 761 biv.
851 728 976 767 xxm,
1002 727 1049 760 29
1061 739 1122 771 sqq
1155 727 1272 760 lustin.
1293 727 1486 766 ΧἊΧΠΠ,
1502 726 1536 758 6.

237 787 429 831 Africano]
467 788 572 821 Fabr.
599 788 633 822 2.
658 794 691 822 ct
717 789 834 822 Guelf.
859 789 916 821 10.
951 789 1158 831 Africanus,
1193 788 1283 831 quod
1310 786 1447 820 Curtius
1471 797 1539 819 non

143 847 259 881 dicere
291 849 440 882 debebat
470 852 591 882 contra
623 860 755 883 morem
788 849 1015 883 classicorum
1047 849 1259 893 scriptorum
1293 858 1386 888 esse,
1430 857 1540 890 quum

142 908 396 942 nominativum
431 919 543 951 aeque
577 919 619 942 ac
651 909 810 944 dativum
835 921 856 943 a
880 909 1107 953 scriptoribus
1135 907 1299 952 usurpari
1331 907 1452 952 ingens
1477 907 1539 940 do-

141 974 220 1003 ceat
250 970 491 1013 exemplorum
523 981 700 1005 numerus,
747 971 908 1018 ciffi-Gell.
934 971 1008 1011 XV,
1035 970 1092 1003 29.
1137 970 1314 1004 Drakenb.
1339 969 1382 1002 ad
1409 969 1485 1002 Liv.
1509 969 1540 1010 1,

141 1031 178 1072 l,
202 1029 236 1066 5.
265 1034 299 1065 et
328 1030 384 1064 11.
409 1029 510 1062 eund.
537 1030 580 1064 ad
606 1029 671 1063 Sil.
693 1031 752 1064 XI.
780 1030 825 1065 58
867 1030 1078 1064 Rnddiman.
1104 1029 1228 1063 lustitt.
1255 1030 1412 1063 Gramm.
1431 1029 1476 1063 T.
1494 1030 1537 1063 ll.

141 1102 178 1135 p.
195 1091 275 1125 125.
312 1091 475 1136 Krueger
500 1092 542 1124 de
568 1092 715 1126 Attract.
738 1092 839 1136 Ling.
865 1093 940 1125 Lat.
967 1092 987 1135 ἕ
1021 1091 1078 1124 20.
1103 1103 1136 1134 p.
1157 1090 1213 1124 43.
1240 1090 1359 1124 Bromi
1385 1091 1429 1124 ad
1454 1090 1540 1133 Nep.

143 1151 286 1186 Aristid.
311 1153 338 1192 l,
362 1151 394 1187 2.
426 1152 486 1196 qui
518 1153 602 1186 scite
634 1158 752 1186 monet
777 1152 996 1186 nominativo
1020 1151 1170 1184 nominis
1202 1151 1314 1194 posito
1340 1151 1540 1184 absolutam

144 1212 257 1245 videri
291 1212 366 1245 eius
398 1213 563 1246 vocabuli
587 1218 811 1247 structuram.
858 1213 969 1246 Plura
993 1213 1034 1246 (le
1056 1213 1178 1253 eadem
1204 1224 1242 1244 re
1266 1211 1411 1254 protulit
1436 1210 1538 1244 Hoff-

142 1283 291 1306 mannus
313 1273 347 1306 in
373 1273 487 1306 lahnii
511 1273 648 1307 Annall.
674 1273 806 1307 Philol.
829 1278 863 1306 et
888 1273 1042 1317 Paedag.
1069 1283 1102 1306 a.
1129 1271 1232 1305 1828.
1261 1273 1303 1306 T.
1325 1273 1368 1305 Π.
1392 1273 1482 1306 Fasc
1506 1271 1540 1304 1.

143 1345 175 1377 p.
203 1333 248 1366 13
286 1333 538 1367 nominativum
565 1345 606 1367 eo
631 1334 785 1367 maxime
809 1333 954 1366 consilio
980 1332 1060 1377 poni
1088 1333 1294 1373 observans,
1329 1338 1366 1365 ut
1392 1333 1540 1367 nominis

143 1394 258 1427 forma
291 1405 398 1437 quam
430 1394 690 1428 accuratissime
725 1401 977 1439 cognoscatur,
1021 1394 1124 1437 idque
1164 1393 1240 1426 fieri
1282 1398 1356 1427 tum
1387 1393 1448 1426 ubi
1487 1393 1541 1427 vis

141 1454 313 1497 quaedam
345 1453 513 1487 orationis
544 1455 761 1498 requiratur,
796 1461 871 1489 tum
908 1455 942 1488 in
982 1453 1176 1499 peregrinis
1201 1452 1398 1494 vocabulis,
1436 1453 1540 1487 tertio

143 1525 229 1548 casu
253 1514 425 1548 interdum
449 1514 564 1548 minus
587 1516 804 1560 conspicuis,
840 1527 1055 1559 quamquam
1089 1513 1299 1557 scriptorum
1332 1513 1480 1547 arbitrio
1505 1513 1541 1547 in

140 1575 198 1608 his
223 1575 373 1609 multum
396 1575 655 1609 concedendum
679 1577 734 1611 sit.
768 1578 870 1620 Quod
894 1576 1049 1621 Langius
1073 1579 1190 1608 autem
1214 1574 1322 1608 etiam
1345 1575 1540 1619 genitivum

141 1634 179 1668 in
210 1635 366 1669 formula
396 1636 482 1669 mihi
523 1642 591 1671 est
626 1649 749 1671 nomen
784 1638 866 1681 poni
900 1649 1000 1680 posse
1033 1641 1171 1676 censet,
1204 1635 1333 1668 falsum
1367 1638 1440 1675 est3
1472 1646 1541 1678 quo

141 1695 236 1728 enim
268 1695 370 1730 unico
403 1698 565 1740 exemplo
606 1699 651 1732 ad
681 1699 716 1732 id
749 1699 967 1742 probandum
1007 1702 1172 1738 utuntur,
1213 1696 1328 1730 Plaut.
1364 1696 1541 1738 Amphitr.

140 1755 237 1790 Prol.
262 1767 314 1790 vs.
339 1757 397 1791 19.
428 1769 551 1791 nomen
582 1759 812 1794 Mercurii
837 1765 887 1794 est
911 1760 1018 1799 mihi,
1046 1761 1252 1801 corruptum
1284 1762 1354 1798 cst,
1387 1757 1539 1790 scriben-

140 1815 294 1859 dumque
332 1817 520 1859 Mercurio,
567 1822 605 1853 ut
635 1820 747 1863 poscit
778 1821 941 1864 loquendi
974 1831 1079 1861 usuS‚
1126 1825 1221 1852 recta
1256 1818 1391 1852 ratione
1434 1819 1539 1852 uisus.

139 1876 232 1911 Nam
265 1889 374 1921 quum
404 1879 582 1923 genitivus
615 1878 800 1926 significet
822 1880 879 1924 id,
924 1882 1015 1915 unde
1055 1880 1189 1924 aliquid
1223 1879 1442 1922 desumptum
1476 1882 1538 1919 est,

139 1936 207 1972 isto
242 1949 324 1972 casu
355 1938 477 1983 nequit
509 1951 636 1975 nomen
667 1941 810 1984 efferri,
845 1942 937 1986 quod
961 1941 1040 1987 quis
1062 1951 1189 1975 revera
1212 1940 1332 1973 habet.
1380 1938 1460 1972 Alia
1485 1949 1538 1972 res

140 2001 214 2039 est,
237 1998 268 2032 si
292 1998 349 2032 cui
373 2011 415 2032 ex
438 1999 618 2035 abstracto
641 2003 816 2036 vocabulo
841 2014 966 2036 nomen
991 2003 1050 2043 fit;
1075 2001 1260 2045 quominus
1284 1999 1376 2032 enim
1401 1999 1538 2033 dicatur

142 2058 222 2092 huic
247 2071 288 2093 es
310 2060 440 2093 virtute
465 2060 586 2094 Iusti
609 2073 798 2106 cognomen
815 2064 902 2105 suit,
927 2063 1017 2095 nihil
1042 2061 1197 2105 impedit.
1222 2079 1266 2084 —-
1295 2060 1348 2092 De
1372 2071 1412 2092 ex
1437 2071 1538 2103 prae-

141 2118 313 2162 positione
343 2130 504 2153 causeam
533 2120 754 2165 significante
788 2134 821 2156 v.
856 2127 977 2156 notata
1009 2123 1052 2155 ad
1091 2123 1166 2156 Cat.
1192 2120 1270 2161 ΧΠ,
1295 2120 1327 2155 2,
1353 2131 1385 2163 p.
1410 2120 1467 2155 63.
1491 2140 1533 2145 —

141 2179 196 2212 De
225 2179 376 2223 copula,
409 2191 479 2223 qua
514 2182 660 2214 multum
694 2194 773 2215 cum
807 2183 980 2216 adiectivo
1011 2181 1083 2215 alio
1116 2179 1296 2224 iungitur,
1330 2191 1362 2213 V.
1390 2181 1432 2214 ad
1458 2181 1536 2226 lug.

141 2239 216 2280 cn,
247 2239 304 2273 10.
337 2258 385 2264 —
417 2240 502 2274 Rei
536 2242 776 2275 militaris
803 2243 970 2285 facinora
1008 2252 1071 2285 pro
1105 2241 1275 2274 militaria
1301 2243 1378 2283 fac.
1412 2243 1534 2276 eodem

140 2299 246 2333 modo
269 2299 401 2333 dictum
426 2304 497 2343 cst,
525 2305 562 2334 ut
586 2302 680 2345 apud
702 2302 776 2336 cic.
802 2314 835 2345 p.
862 2302 955 2336 Mur.
981 2315 1011 2336 c.
1038 2302 1091 2343 10,
1117 2302 1174 2336 22.
1199 2302 1252 2334 rei
1279 2302 1442 2336 militaris
1464 2304 1535 2336 vir-

141 2363 209 2393 tus.
241 2359 352 2394 Coma
401 2361 531 2402 Rectc;
564 2362 622 2395 sed
654 2362 690 2397 h.
723 2363 747 2396 l.
783 2362 970 2397 Sallustius
1001 2361 1322 2406 circumscriptione
1351 2368 1534 2408 propterca

140 2420 191 2454 uti
216 2421 361 2465 maluit,
385 2433 429 2455 nc
451 2422 626 2456 adiectiva
645 2423 749 2456 nimis
772 2425 1047 2457 cumularentur.
1072 2441 1115 2446 —
1141 2424 1194 2456 De
1221 2424 1379 2468 Syphace
1402 2437 1433 2458 v.
1458 2426 1534 2460 Liv.

139 2480 267 2522 xxw,
291 2481 337 2515 48
363 2494 437 2526 sqq.
476 2483 591 2526 XXX:
618 2483 662 2517 11
686 2495 759 2527 sqq.
797 2488 832 2517 et
863 2495 893 2516 c.
916 2484 961 2518 41-
985 2495 1057 2528 sqq.
1102 2483 1250 2528 Appiam.
1276 2486 1398 2519 Punic.
1422 2497 1454 2530 p.
1479 2486 1533 2520 14.

140 2542 196 2576 ed.
222 2542 270 2576 H.
295 2541 416 2586 Steph.

230 2614 400 2648 magnum
424 2609 528 2648 atque
552 2604 625 2639 late
647 2604 829 2648 imperium
857 2606 986 2650 valuit]
1021 2606 1139 2650 Quam
1173 2605 1312 2639 Curtius
1336 2606 1534 2649 praeiverat

139 2664 357 2705 sententiam,
384 2663 596 2697 adiectivum
621 2676 701 2698 cum
724 2665 890 2699 adverbio
914 2667 950 2703 h,
967 2667 989 2703 l.
1014 2668 1235 2700 coniunctum
1259 2667 1395 2703 hal-ori,
1423 2668 1533 2700 Harl-

139 2723 231 2757 lerus
255 2729 288 2758 et
312 2725 524 2758 Gerlachius
547 2725 696 2760 fideliter
725 2728 940 2770 rcpetiwre,
976 2729 1082 2762 verba
1116 2729 1330 2771 interpretati
1362 2740 1529 2772 magnum

136 2785 241 2825 fnit
275 2790 380 2830 atquc
405 2786 477 2819 late
498 2786 627 2829 patuit.
675 2786 743 2820 Sed
770 2787 814 2821 ad
840 2792 910 2822 tam
935 2800 1134 2831 perversam
1159 2789 1329 2822 rationem
1354 2788 1532 2822 stabilien-

207 2856 261 2899 11.
1226 2862 1255 2904 3
