1630 3034
109 177 195 222 sss
481 169 531 213 c.l
557 143 878 213 SALLUSTi
907 169 1130 213 cmsm

79 289 240 344 Sdiae,
272 285 502 332 hiemandi
536 284 681 346 gratia
717 285 920 332 collocat.
954 285 1199 345 Nequeffd
1232 291 1408 348 tempus
1445 303 1496 333 ex

112 386 300 431 aliorum
335 398 462 428 more
498 382 636 442 quieti
665 387 740 428 aut
768 382 969 432 luxuriae
997 383 1219 440 concedit,
1254 384 1334 429 sed
1359 399 1499 443 quon-

110 483 201 526 iam
243 480 375 525 armis
421 480 590 525 bellum
625 494 789 540 parum
834 479 1136 541 procedebat,
1185 480 1363 526 insidias
1405 481 1503 542 regi

111 593 196 640 per
230 577 398 622 amicos
433 576 621 622 tendere
661 583 706 622 et
740 591 894 622 eorum
928 577 1121 638 perfidia
1154 593 1244 639 pro
1275 578 1407 622 armis
1441 578 1505 623 uti

78 677 258 738 4parat.
328 674 471 735 Igitur
498 670 813 731 Bomilcarem,
847 673 925 734 qui
959 674 1136 719 Romae
1162 690 1263 720 cum
1291 674 1508 736 Iugurtha

113 773 274 829 fuerat,
311 777 355 816 et
390 769 494 816 inde
530 769 718 815 vadibus
755 770 866 815 datis
904 771 1019 815 clam
1055 771 1113 816 de
1135 771 1360 817 Massivae
1395 786 1508 817 nece

114 894 194 918 eam
219 881 372 918 militum
396 885 555 927 partem,
586 892 678 926 quae
710 882 988 928 relinquebatur,
1018 882 1206 927 praesidiis
1229 883 1438 928 demptis.
1461 882 1509 916 cf.

114 945 193 979 Cat.
216 944 307 986 LIX,
324 943 360 978 2.
408 943 566 978 Catilina
597 948 672 977 octo
707 943 855 979 cohortis
881 944 918 978 in
942 945 1064 986 fronte
1097 944 1297 986 constituit,
1329 944 1512 978 relicua

114 1006 222 1051 cigna
243 1006 281 1040 in
302 1004 454 1040 subsidio
478 1005 645 1044 collocat5
669 1007 703 1038 et
725 1003 809 1038 ibid.
835 1005 867 1046 5.
892 1003 925 1038 5.
976 1003 1129 1038 Petreius
1152 1005 1302 1039 cohortis
1326 1009 1513 1050 veteranas

114 1067 152 1102 in
167 1067 309 1110 fronte,
330 1069 410 1110 post
434 1076 494 1100 eas
515 1070 721 1101 ceterum
745 1065 930 1101 exercitum
953 1065 991 1098 in
1014 1064 1176 1099 subsidiis
1199 1066 1302 1101 locat.
1351 1065 1422 1100 Sed
1444 1076 1513 1100 non

114 1126 246 1171 ubique
274 1129 461 1171 utrumque
493 1125 599 1160 licere
631 1125 668 1159 iu
699 1128 862 1169 promptu
900 1128 974 1169 est,
1007 1125 1105 1160 velut
1140 1125 1220 1172 lug.
1251 1113 1513 1169 Lxxxlx,'6.

116 1188 307 1233 Capsenses
337 1199 410 1222 una
439 1187 539 1222 modo
573 1187 653 1233 iugi
682 1198 795 1232 aqua,
835 1190 998 1221 cetera
1035 1186 1158 1230 pluvia
1198 1188 1407 1231 utebantur,
1445 1198 1515 1222 uon

117 1251 255 1293 poterat
278 1247 347 1283 dici
370 1249 526 1290 relicua3
548 1259 631 1283 nam
655 1258 776 1282 sensus
799 1250 870 1280 est:
904 1247 953 1280 ad
976 1245 1071 1292 iugis
1094 1258 1207 1291 aquae
1230 1260 1333 1284 usum
1347 1273 1358 1290 ,
1391 1248 1422 1283 si
1446 1259 1516 1282 non

116 1309 312 1353 sufficeret,
344 1310 524 1346 addebant
558 1308 740 1356 pluviam,
771 1319 883 1352 neque
914 1312 1028 1351 potest
1060 1308 1181 1352 pluvia
1211 1310 1334 1346 relicta
1367 1307 1518 1355 cogitari

117 1381 159 1405 ex
181 1369 260 1415 iugi
284 1381 390 1415 aqua.

209 1432 247 1465 in
265 1431 482 1477 provinciam
506 1431 674 1475 collocat]
707 1430 763 1464 Ita
795 1429 901 1474 longe
931 1430 1078 1475 plurimi
1101 1441 1143 1466 ac
1166 1430 1405 1475 probatissimi
1434 1430 1519 1465 libri

118 1492 306 1535 praebeam
338 1495 375 1528 at
407 1486 444 1528 iu
476 1493 582 1528 Acad.
622 1493 749 1527 IIeuss.
782 1488 865 1523 Seu.
889 1490 923 1524 2.
960 1492 1078 1526 Guelf.
1103 1492 1136 1526 9.
1163 1492 1220 1527 12.
1252 1491 1348 1527 Leid,
1376 1491 1419 1526 N.
1444 1491 1519 1526 Eri.

119 1553 225 1587 Rern.
247 1555 282 1587 1.
305 1553 411 1590 Misn.
437 1558 472 1589 et
494 1554 612 1588 Berol.
636 1553 671 1588 1.
703 1551 836 1595 legitur
868 1552 907 1587 in
935 1554 1116 1596 provincia
1140 1555 1230 1598 coll„
1255 1552 1349 1597 quod
1383 1539 1521 1587 scribae

119 1613 165 1648 ad
194 1613 411 1649 familiarem
447 1613 532 1658 ipsis
564 1616 777 1648 structuram
811 1617 1025 1657 exegerunt,
1057 1613 1252 1649 editoribus
1284 1625 1353 1648 non
1385 1615 1521 1648 obtem-

119 1675 333 1718 perflantibus.
381 1675 514 1710 Insulse
543 1678 661 1709 tamen
686 1673 896 1708 Gerlachius
917 1674 1157 1709 accusativum
1179 1674 1253 1708 vim
1284 1674 1433 1709 ablativi
1459 1674 1521 1708 ha-

122 1735 206 1770 bere
225 1736 368 1781 statuit,
400 1734 580 1771 remittens
611 1735 655 1769 ad
679 1745 739 1775 ea,
773 1745 864 1778 quae
896 1734 942 1769 ad
966 1735 1042 1770 Cat.
1069 1735 1138 1777 XI,
1163 1735 1198 1770 5.
1223 1735 1326 1778 XIX,
1350 1735 1386 1769 3.
1419 1738 1454 1769 et
1477 1735 1521 1769 ad

121 1796 202 1841 lug.
227 1796 335 1832 exn.
363 1797 397 1831 3.
423 1796 594 1840 protulit,
620 1796 746 1841 quibus
771 1795 859 1829 locis
882 1796 919 1829 id
942 1795 1077 1830 scilicet
1099 1796 1194 1841 egit,
1229 1799 1268 1830 ut
1291 1795 1378 1830 anili
1402 1807 1524 1840 super-

121 1856 264 1892 stitione
288 1869 352 1902 pro
374 1855 500 1901 ineptis
517 1860 622 1900 atque
646 1853 812 1891 obsoletis
835 1857 1152 1901 grammaticorum
1175 1857 1370 1902 praeceptis
1387 1867 1525 1902 pugna-

127 1921 206 1960 ret,
230 1929 298 1953 non
322 1918 460 1953 ratione
483 1916 544 1951 sed
569 1928 674 1952 coeca
695 1917 936 1961 exemplorum
960 1918 1206 1953 observatione
1228 1918 1344 1953 factis.
1369 1918 1415 1951 cf.
1439 1918 1524 1952 lah-

125 1977 177 2012 nii
199 1978 351 2014 Annales
375 1977 507 2014 Philol.
534 1981 568 2012 et
591 1978 746 2022 Paedag.
771 1988 803 2012 a.
828 1978 932 2012 1829.
957 1979 1060 2013 Fasc.
1084 1978 1119 2013 5.
1145 1991 1178 2023 p.
1203 1978 1261 2014 51.
1309 1978 1437 2013 Nostro
1460 1990 1525 2013 eu-

127 2043 197 2073 tem
230 2039 308 2074 loco
341 2037 560 2075 accusativus
596 2038 676 2073 inde
709 2039 916 2082 repetendus
949 2043 1023 2082 est,
1047 2041 1140 2084 quod
1165 2040 1200 2074 in
1225 2041 1392 2074 collocare
1417 2040 1525 2074 verbo

126 2097 222 2132 notio
246 2099 408 2134 mittendi
431 2111 474 2133 ac
497 2104 609 2133 motus
631 2101 829 2144 praevalen
853 2112 888 2135 v,
908 2099 1107 2134 Daelmium
1127 2101 1170 2135 ad
1190 2101 1277 2145 Nep.
1299 2100 1390 2135 Cim.
1413 2101 1471 2144 lv,
1492 2100 1525 2135 1.

126 2170 160 2203 p.
186 2158 246 2194 93.
269 2178 315 2185 —
351 2160 468 2194 verba
500 2171 589 2204 quac
619 2172 789 2205 prosimu:
821 2168 874 2198 cst
906 2162 1096 2196 Numidiae
1127 2162 1266 2196 Cortius
1297 2161 1391 2196 inani
1413 2161 1527 2206 suspi-

126 2219 218 2254 cioni
242 2220 411 2255 obnoxius
434 2232 497 2264 pro
525 2221 684 2256 insitio-iis
708 2223 826 2265 habet,
851 2222 934 2266 quia
957 2222 1177 2257 notissimum
1201 2224 1257 2263 sit,
1283 2224 1527 2258 Romanorum

127 2279 346 2324 provinciam
378 2281 413 2315 iu
439 2281 560 2315 Africa
593 2282 779 2318 Numidiae
808 2284 1004 2328 proximam
1037 2284 1165 2327 fuisse,
1204 2296 1316 2328 neque
1340 2284 1528 2319 Sallustius

129 2340 209 2375 aliis
240 2341 330 2376 locis
371 2343 439 2376 hoc
472 2342 750 2378 additamentum
784 2345 921 2379 lrabeat.
977 2345 1047 2380 Sed
1084 2358 1192 2390 quom
1226 2350 1373 2389 utruque
1405 2356 1529 2380 caussa

131 2412 192 2444 per
215 2412 252 2434 se
282 2413 408 2444 parum
432 2403 566 2443 vulcat,
591 2407 665 2437 tum
691 2405 796 2439 liuius
819 2405 887 2440 loci
911 2417 1052 2450 prorsus
1086 2407 1157 2440 uli-¹1
1182 2408 1281 2441 ratio'
1297 2410 1368 2447 est3
1401 2407 1528 2451 quippe

132 2461 197 2494 istu.
219 2461 326 2495 verba
350 2474 417 2496 non
443 2464 486 2498 ud
522 2464 719 2499 uniter-sam
745 2466 964 2509 provinciam
991 2470 1168 2510 spectant,
1201 2469 1261 2501 sed
1286 2467 1528 2502 tantummodo

134 2521 180 2555 ud
204 2533 282 2555 eam
307 2523 380 2557 eius
406 2530 556 2568 partem,
583 2526 617 2559 in
642 2537 747 2569 quum
774 2526 965 2570 imperator
989 2527 1105 2571 copias
1129 2529 1379 2563 collocaverat·
1422 2528 1528 2563 Scili-

132 2586 186 2616 cet
209 2587 247 2616 ut
272 2583 401 2618 milites
431 2587 474 2619 ud
511 2587 644 2621 subitos
678 2588 848 2622 tumultus
881 2593 915 2621 et
949 2588 992 2622 ad
1018 2587 1210 2631 improuisa
1234 2589 1318 2623 belli
1342 2599 1447 2632 quum
1472 2599 1527 2622 ce-

133 2642 273 2677 lerrimo
297 2645 405 2678 acciri
430 2651 464 2679 et
489 2647 674 2681 conuocari
700 2652 860 2690 possent,
893 2659 962 2682 uon
995 2661 1058 2692 per
1094 2654 1203 2684 totam
1227 2661 1286 2684 eos
1310 2649 1528 2693 provinciam

136 2705 297 2738 Metellus
321 2705 542 2748 dispertivit,
566 2709 626 2740 scd
651 2707 694 2741 iis
719 2709 825 2752 locis,
850 2720 941 2752 quac
969 2721 1140 2753 proxume
1160 2710 1365 2745 Numidiam
1389 2710 1528 2745 mliace-

134 2769 229 2808 rent,
255 2776 314 2799 eos
337 2765 494 2800 hiem-‚no
519 2767 628 2802 iussit.
654 2769 700 2802 cl‘.
726 2769 821 2804 infru
844 2782 873 2803 c.
894 2770 1082 2810 Lxxi‘lss,
1098 2771 1130 2806 5.
1185 2773 1278 2806 Inter
1301 2783 1358 2806 coo
1381 2777 1415 2806 ct
1430 2775 1458 2816 s
1463 2784 1480 2806 r
1491 2784 1527 2807 e·-
