1630 3034
466 208 837 250 IUGURTHA.
899 208 1033 250 CAP.
1065 208 1115 249 V.
1438 212 1490 251 31

90 328 189 371 nico
239 325 465 381 secundo,
513 340 605 382 quo
652 324 742 367 dux
791 323 1228 383 Carthaginiensium
1265 324 1490 367 Hannibal

87 430 192 484 post
226 422 583 482 magnitudinem
613 421 801 464 nominis
831 416 1025 464 Romani
1057 421 1212 463 ltaliae
1244 436 1358 481 opes
1390 437 1488 479 ma—

88 536 220 564 xume
256 520 506 573 attriverat,
541 517 779 561 Masinissa
814 533 894 561 rex
930 518 1251 573 Numidarum,
1295 519 1339 562 in
1375 519 1487 561 ami—

89 617 235 661 citiam
272 621 478 674 receptus
516 630 542 658 a
577 615 630 661 P.
669 615 907 674 Scipione,
953 615 1023 658 cui
1069 621 1229 674 postea
1273 616 1488 659 Africano

86 739 134 772 ad
153 742 290 772 tantum
310 738 492 780 potentiae
505 736 698 781 fastigium
713 740 968 780 pervenerunt‚·
993 739 1172 769 auctorem
1198 735 1291 769 enim
1316 735 1351 769 in
1370 748 1488 779 prom—

84 803 146 842 ptu
164 803 214 831 est
237 799 279 831 ad
298 798 418 841 priora
438 797 656 841 reipublicae
673 801 832 840 tempora
852 796 1091 840 respicientem
1108 797 1176 830 hoc
1198 797 1334 829 dicere:
1366 808 1491 840 quam-

83 870 189 902 quam
208 858 359 891 Romani
383 863 465 892 ante
491 862 601 892 totam
619 857 757 892 ltaliam
789 861 996 901 occupatam
1027 857 1167 901 saepius
1187 858 1344 901 graviter
1374 858 1489 891 vexati

85 919 225 960 fuerint,
251 920 346 952 velut
363 930 385 952 a
407 920 531 960 Gallis,
557 931 578 953 a
599 919 830 962 Samnitibus,
849 930 870 952 a
889 919 1041 962 Pyrrho,
1059 922 1176 952 tamen
1199 922 1276 962 post
1295 922 1439 951 auctum
1457 923 1491 951 et

82 980 262 1014 firmatum
282 991 403 1013 eorum
420 980 606 1023 imperium
626 991 694 1013 non
712 980 845 1020 maius,
881 990 987 1022 quam
1012 980 1057 1015 ab
1077 979 1277 1013 Hannibale
1294 979 1490 1022 pericnlum

83 1039 168 1083 ipsis
193 1041 341 1073 allatum
362 1053 448 1075 csse.
497 1042 630 1075 Mirum
651 1044 768 1074 autem
787 1040 887 1074 Viros
906 1041 1035 1073 Doctos
1056 1045 1129 1074 tam
1152 1041 1278 1083 planae
1300 1040 1490 1073 sententiae

84 1101 191 1133 verba
212 1106 316 1144 post
344 1103 625 1147 magnitudinem
649 1114 684 1135 π.
710 1102 754 1133 R.
781 1101 903 1134 obesse
926 1106 1032 1142 ratos,
1058 1114 1166 1145 quum
1190 1101 1257 1134 ista
1277 1100 1489 1144 praepositio

84 1171 164 1193 cum
185 1161 400 1195 substantivo
424 1162 608 1195 coniuncta
629 1163 765 1206 saepius
793 1161 866 1194 vim
890 1161 995 1195 totius
1025 1162 1277 1195 enunciationis
1300 1162 1488 1203 sustineat3

83 1222 129 1256 cf.
152 1222 226 1255 Cat.
249 1223 287 1265 V,
307 1223 340 1256 (3.
368 1224 469 1256 Hunc
497 1227 599 1266 post
628 1223 681 1256 do
696 1223 992 1258 minationem
1019 1223 1059 1256 L.
1088 1224 1207 1256 Sullae
1235 1224 1351 1257 lubido
1376 1224 1488 1257 masci-

82 1293 142 1314 ma
169 1283 347 1316 invaserat
374 1285 458 1328 reip.
479 1284 685 1327 capiundae.
733 1285 812 1329 Ing.
834 1285 909 1326 XV,
933 1284 966 1317 4.
1000 1284 1121 1327 Neque
1148 1288 1253 1326 post
1281 1284 1490 1317 insidias

82 1343 277 1387 Iugurthae
294 1346 398 1388 effuso
418 1346 568 1379 exercitu
584 1344 764 1388 praeclari.
789 1344 875 1388 Nep.
889 1343 1108 1387 Attic.1x,5.
1133 1345 1243 1386 Quum
1264 1345 1326 1377 illa
1338 1345 1490 1387 fundum

83 1405 230 1444 emisset,
254 1416 362 1449 neque
385 1411 492 1449 post
516 1406 843 1439 calamitatem
867 1416 1045 1438 versuram
1063 1408 1188 1447 facere
1207 1405 1388 1449 potuisset.
1414 1404 1488 1438 Ta-

82 1464 275 1505 cit.Ann.I‚
291 1465 348 1499 68.
376 1467 620 1511 Inguiomerus
646 1470 750 1509 post
777 1477 798 1497 v
809 1466 946 1498 ulnus
974 1476 1134 1510 pugnam
1156 1465 1320 1499 deseruit.
1368 1465 1489 1498 lustin.

82 1526 174 1567 Vlll,
189 1525 266 1566 l,6.
295 1527 403 1568 Quasi
421 1532 527 1571 post
554 1538 679 1560 arma
705 1531 749 1560 et
772 1526 940 1559 bellum
964 1527 1073 1559 locum
1095 1526 1234 1570 legibus
1253 1526 1486 1569 reliquissent.

82 1585 142 1629 qui
160 1587 227 1620 loci
244 1587 400 1631 plerique
417 1588 534 1621 Cortio
553 1588 731 1621 debentur.
759 1586 970 1620 Gerlachius
995 1591 1113 1620 autem
1137 1597 1262 1629 parum
1287 1585 1487 1630 intelligen-

81 1650 153 1680 tem
177 1648 344 1681 orationis
372 1647 610 1681 Sallustianae
637 1660 674 1681 se
691 1647 877 1691 praebuit,
918 1646 1139 1680 insolentiam
1165 1645 1301 1679 dicendi
1325 1657 1486 1690 crepam,

80 1719 172 1751 quae
191 1709 288 1742 nulla
313 1712 385 1749 est3
412 1713 506 1742 certe
529 1708 622 1752 quod
643 1709 805 1743 usitatius
831 1709 964 1742 dictum
987 1707 1118 1741 iudicat
1139 1707 1170 1740 si
1189 1706 1379 1740 Sallustius
1400 1707 1485 1740 scri-

79 1768 201 1811 psisset
217 1781 256 1802 ea:
276 1781 342 1813 quo
361 1770 512 1803 Romani
530 1771 656 1814 magni
668 1771 787 1812 facti,
822 1769 858 1802 id
877 1769 1026 1814 vulgata
1044 1769 1156 1802 multo
1175 1771 1225 1801 est
1246 1768 1414 1804 deterius.

171 1830 209 1862 in
231 1831 423 1863 amicitiam
445 1831 624 1875 receptus]
662 1830 773 1864 Paris.
794 1831 830 1865 b.
854 1841 884 1864 c.
906 1842 937 1865 z.
970 1829 1073 1862 Misn.
1098 1829 1180 1863 Bas.
1201 1829 1234 1864 1.
1256 1830 1290 1864 4.
1315 1831 1423 1863 Fabr.
1450 1829 1482 1863 1.

79 1889 174 1923 Vrat.
194 1889 228 1922 3.
251 1891 370 1923 Guelf.
392 1891 426 1924 6.
446 1891 502 1924 11.
534 1892 571 1925 in
591 1891 770 1932 amicitia,
797 1891 889 1934 quod
909 1891 1066 1933 Cortins,
1092 1890 1268 1934 Langius‚
1293 1890 1485 1923 Muellerus

78 1950 196 1984 Faber
215 1954 249 1984 et
269 1951 479 1985 Gerlachius
497 1956 572 1986 tum
589 1952 624 1985 in
646 1952 700 1985 ed.
720 1952 823 1994 mai.,
860 1955 936 1985 tum
956 1951 990 1984 in
1013 1952 1223 1985 Commentt.
1247 1962 1280 1994 p.
1302 1951 1383 1984 221.
1407 1962 1484 1984 am-

78 2010 172 2054 plexi
189 2015 279 2045 sunt.
325 2012 398 2045 Nos
414 2011 517 2044 istam
538 2012 752 2055 barbariem,
778 2024 885 2056 quam
908 2011 1027 2046 Cottio
1048 2015 1081 2044 et
1099 2011 1290 2044 Gerlachio
1312 2011 1485 2055 placuisse

79 2081 147 2103 non
162 2071 264 2105 (lebet
287 2071 418 2105 mirum
439 2071 563 2112 videri,
584 2083 651 2105 non
669 2073 825 2117 amplius
840 2073 1018 2106 ferendam
1040 2082 1233 2104 censemus.
1282 2072 1483 2104 Absurdum

80 2132 132 2164 est
147 2131 260 2173 enim3
285 2137 318 2166 ct
336 2136 451 2165 rectae
469 2132 599 2167 rationi
620 2137 814 2178 repugnat,
840 2134 933 2176 quod
952 2133 1009 2166 isti
1027 2132 1149 2165 volunt
1163 2156 1172 2172 ,
1199 2131 1392 2165 ablativum
1412 2131 1484 2178 pri-

79 2201 138 2224 sco
157 2201 254 2224 more
272 2203 334 2234 pro
358 2194 556 2227 accusativo
575 2193 676 2236 poni,
716 2203 876 2236 quaeque
894 2193 939 2226 ad
958 2205 1036 2227 eam
1057 2205 1131 2226 rem
1150 2192 1368 2236 probandam
1393 2192 1481 2226 affe-

79 2253 205 2283 runtur
232 2252 394 2294 exempla
418 2258 479 2286 aut
506 2254 599 2287 male
631 2252 809 2287 intellecta
841 2256 921 2287 sunt
946 2258 1007 2287 aut
1035 2254 1227 2298 depravata
1247 2253 1377 2287 omnia.
1427 2253 1483 2287 lta

80 2310 174 2353 quod
195 2321 236 2343 ex
253 2311 417 2345 Phaedro
429 2338 438 2355 ,
476 2325 544 2347 non
560 2313 691 2356 optimo
709 2313 893 2347 latinitatis
910 2318 1072 2356 auctore,
1109 2315 1259 2348 laudant
1281 2315 1369 2349 Fab.
1385 2314 1425 2356 V,
1446 2313 1479 2347 1.

80 2369 137 2404 25.
182 2371 332 2413 Quinam
350 2373 515 2407 cinaedus
532 2375 591 2407 ille
611 2375 647 2407 in
664 2379 844 2418 conspectu
865 2386 938 2408 meo
958 2375 1067 2408 audet
1086 2376 1215 2417 venire,
1241 2374 1386 2408 minime
1409 2375 1479 2408 huc

80 2430 251 2475 pertinet,
284 2443 391 2475 quum
409 2435 519 2468 verba
537 2435 574 2468 in
592 2439 774 2478 conspectu
792 2447 866 2469 meo
886 2447 953 2469 non
972 2439 1053 2479 apta
1070 2435 1137 2469 sint
1158 2447 1179 2470 a
1196 2437 1332 2478 venire,
1357 2436 1414 2469 sed
1435 2436 1479 2469 ad

79 2501 206 2525 nomen
226 2492 421 2535 pertineant
444 2493 493 2527 ita
510 2498 549 2527 ut
564 2496 712 2529 verbum
729 2496 888 2530 absolute
904 2495 1057 2539 positum
1079 2496 1134 2538 sit,
1159 2497 1227 2529 hoc
1245 2508 1365 2530 sensut
1401 2496 1477 2539 qui-

79 2563 163 2586 nam
182 2553 345 2587 cinaedus
364 2555 443 2595 ille,
480 2555 540 2597 qui
567 2555 602 2588 in
621 2561 808 2600 conspectu
835 2568 915 2590 meo
941 2560 1012 2598 est,
1051 2557 1155 2591 audet
1186 2558 1257 2591 huc
1285 2555 1478 2590 accedere?

79 2613 180 2648 Nihil
208 2613 413 2648 insolentiae
443 2619 496 2648 est
512 2615 620 2649 etiam
645 2616 681 2650 in
698 2616 754 2650 his
776 2617 899 2651 Planci
920 2628 977 2660 ap.
998 2616 1070 2650 Cic.
1095 2617 1184 2660 Epp.
1213 2618 1256 2651 ad
1272 2617 1409 2651 Famm.
1431 2618 1477 2657 X,

80 2673 145 2716 11,
169 2673 204 2708 6.
243 2675 486 2710 Animadverti
513 2677 646 2709 nullum
674 2679 784 2710 alium
813 2683 988 2722 receptum
1015 2679 1202 2712 Antonium
1232 2679 1474 2722 reliquiasque,

79 2746 169 2779 quae
185 2746 262 2769 cum
280 2747 319 2770 eo
338 2742 463 2778 essent,
478 2736 618 2779 habere,
631 2738 698 2771 nisi
717 2739 755 2771 in
779 2738 853 2772 his
876 2750 901 2782 p
913 2739 1011 2772 arti
1021 2739 1040 2772 b
1053 2751 1101 2773 us
1111 2751 1124 2778 ,-
1143 2749 1211 2772 non
1230 2737 1362 2783 cogitat
1381 2737 1474 2771 enim

79 2799 208 2830 motum
227 2807 264 2830 se
280 2796 495 2840 recipientis,
520 2797 579 2831 sed
595 2799 707 2832 locum
730 2799 777 2831 in
799 2811 883 2843 quo
907 2804 1064 2844 receptus
1085 2804 1155 2840 est,
1187 2799 1279 2842 quod
1298 2798 1473 2843 intelliges
