1630 3034
435 167 799 211 IUGURTHA.
864 168 999 210 CAI’.
1030 167 1191 210 XVIII.
1426 174 1509 214 117

120 287 288 345 Libyes
319 300 453 344 quam
483 284 662 329 Gaetuli
701 284 840 326 minus
874 284 1086 329 bellicosi.
1149 285 1352 343 Denique
1384 287 1506 331 Afri-

118 399 198 428 cae
233 398 336 443 pars
368 382 550 425 inferior
584 381 803 439 pleraque
841 380 898 423 ab
922 381 1131 425 Numidis
1169 397 1378 441 possessa
1415 389 1502 435 est;

116 480 220 524 victi
255 493 407 523 omnes
444 478 486 521 in
522 483 704 536 gentem
742 491 997 536 nomenque
1034 478 1357 537 imperantium
1395 495 1504 523 con-

117 590 301 620 cessere.

112 692 323 726 Frontonem
347 688 371 722 i.
397 700 428 724 e.
452 688 552 721 Arus.
587 687 739 720 Messmn
773 691 908 721 exstare
939 687 1026 721 dixit
1061 687 1102 721 A.
1140 689 1335 729 Manutius,
1367 689 1504 724 Coi-tius

110 752 201 785 haee
235 749 435 784 annotavit:
466 748 551 790 „Sic
579 747 757 791 {VassiuQ
788 759 852 782 nec
887 749 991 792 quid,
1024 761 1088 782 nec
1119 760 1236 792 quare.
1293 751 1503 785 Gruteriana

111 811 204 846 onim
237 821 424 853 omnesque
459 813 538 842 vett.
573 808 651 840 edd.
686 809 892 841 recentiores
915 808 1021 842 etiam
1046 813 1124 842 ante
1148 809 1391 852 Hackianam,
1413 822 1503 854 quae

111 883 191 906 cnm
215 870 374 914 Crispino
399 869 538 903 VVassio
561 867 806 911 praeiverunt,
831 869 979 903 habent:
1005 882 1095 914 quae
1122 872 1328 913 proxime
1352 872 1502 906 Cartha-

108 933 254 977 ginem‚·
278 935 312 964 et
335 930 384 963 sic
409 930 516 964 etiam
541 940 660 962 omnes
684 930 792 963 nostri
817 930 900 966 Mss.
926 930 1074 973 exceptis
1093 929 1200 963 tribus
1217 936 1408 974 quatuorve
1436 931 1501 965 imi

86 979 278 1032 ⁸subsellii,
303 991 362 1034 qui
387 992 439 1024 ita
464 991 571 1024 latine
595 990 781 1031 sciverunt,
805 995 843 1024 ut
863 991 921 1024 isti
942 991 1103 1023 editores.
1116 993 1138 1010 ’⁵
1172 991 1272 1033 Quae
1289 1003 1501 1035 quamquam

108 1052 202 1087 haud
234 1063 304 1085 uno
335 1051 476 1085 nomine
507 1050 669 1093 perplexe
700 1051 792 1084 dicta
825 1054 922 1091 sunt,
956 1055 1072 1084 tamen
1099 1050 1166 1083 hoc
1193 1051 1341 1085 voluisse
1364 1052 1501 1086 videtur

108 1112 270 1154 Cortius,
294 1116 362 1146 tres
386 1115 595 1154 quattuorve
619 1122 661 1143 ex
684 1110 754 1144 suis
779 1111 879 1160 codd<
907 1113 1088 1155 proxima,
1121 1115 1160 1144 ut
1191 1111 1298 1144 habet
1331 1112 1500 1153 Wassius,

106 1175 284 1218 praebere.
333 1173 453 1216 Quare
476 1170 687 1204 adiectivum
713 1171 796 1204 satis
821 1171 1000 1205 defensum
1024 1175 1120 1214 puto.
1161 1170 1229 1204 Sed
1252 1171 1392 1205 videant
1415 1183 1500 1206 acu-

106 1235 232 1276 tiores,
256 1231 549 1277 quemadmodum
573 1231 638 1263 lias
662 1232 822 1264 tenebras
845 1232 894 1265 ita
919 1232 1122 1273 discutiant,
1155 1236 1193 1264 ut
1217 1231 1311 1264 omni
1334 1232 1498 1277 ambigu-

105 1295 192 1330 itate
226 1297 363 1327 remota
396 1293 479 1335 quid
504 1294 625 1324 auctor
649 1290 828 1334 scripserit
863 1298 956 1325 certa
988 1293 1046 1325 υἰα
1071 1286 1302 1335 intelligatur.
1351 1294 1403 1326 De
1435 1303 1498 1327 ac—

107 1355 266 1390 cusativo
290 1365 332 1387 ex
353 1353 530 1397 proximus
555 1350 722 1394 pendente
754 1363 786 1383 v.
814 1351 857 1385 ad
883 1352 986 1389 Catii.
1012 1365 1042 1386 c.
1066 1353 1136 1393 XI,
1162 1353 1194 1388 1.
1219 1353 1298 1386 coll.
1322 1353 1382 1387 Fr.
1409 1353 1496 1388 Gro-

105 1426 187 1450 nov.
212 1415 256 1448 ad
280 1414 355 1448 Liv.
382 1413 480 1453 1'111,
505 1411 570 1452 32,
595 1411 651 1445 12.
677 1415 712 1444 et
729 1411 886 1444 Perizon.
918 1414 961 1446 ad
995 1414 1112 1447 Sanct.
1150 1413 1237 1449 Min.
1262 1414 1293 1454 l,
1319 1414 1375 1447 16.
1399 1414 1444 1448 Τ.
1469 1416 1496 1449 1.

104 1488 138 1520 p.
166 1474 247 1509 180.
272 1475 326 1507 ed.
357 1474 449 1507 Bau.
482 1473 611 1508 Mutet.
643 1473 714 1506 W.
744 1471 813 1507 LL.
846 1473 940 1511 xix,
963 1471 1017 1506 17.
1042 1493 1086 1498 —
1106 1474 1311 1517 Appellatur
1329 1474 1432 1508 multi
1449 1475 1495 1508 li—
1533 1485 1537 1487 ·

103 1535 215 1571 brat-ii
234 1545 302 1569 non
323 1537 565 1575 concoxernnt,
590 1533 680 1566 unde
695 1532 730 1566 in
748 1537 845 1576 parte
864 1534 962 1566 codd.
989 1535 1212 1578 appellantur
1232 1534 1370 1568 illatum
1394 1546 1494 1579 repe-

103 1597 204 1632 ritur.
251 1595 319 1629 Sed
346 1594 536 1639 singularis
560 1604 724 1626 numerus
744 1592 961 1627 attractionis
982 1595 1062 1639 lege
1085 1595 1226 1636 nititur,
1254 1606 1323 1638 qua
1347 1596 1493 1629 verbum

103 1667 172 1691 non
205 1655 249 1689 ad
280 1654 499 1696 subiectum,
534 1655 594 1687 sed
628 1654 672 1687 ad
696 1653 887 1696 praedicati
911 1665 1037 1688 nomen
1060 1656 1223 1689 refertur.
1247 1656 1293 1689 cf.
1319 1656 1363 1689 ad
1388 1655 1491 1690 Catil.

103 1717 218 1759 XXV,
251 1716 286 1750 3.
311 1728 345 1760 p,
382 1716 462 1749 121.
495 1714 660 1758 Apposite
691 1714 830 1748 Cor-tius
851 1715 1009 1749 laudavit
1031 1716 1177 1760 Fragm.
1198 1715 1350 1751 Historr.
1375 1717 1410 1757 1,
1433 1715 1491 1757 15,

101 1776 160 1813 17.
179 1777 274 1811 Gerl.
297 1777 366 1810 nisi
387 1776 619 1820 approbat-itis
638 1776 749 1808 bona
778 1775 903 1808 civium
931 1776 1131 1809 miserorum
1157 1776 1255 1820 quasi
1288 1776 1490 1810 Cimbricam

100 1837 322 1883 praedam
346 1847 471 1871 venum
504 1841 567 1870 aut
595 1836 682 1869 douo
711 1835 876 1869 datam.
908 1834 994 1869 ibid.
1017 1837 1056 1877 Ι,
1082 1836 1150 1877 19,
1176 1835 1231 1869 12.
1259 1836 1423 1869 videmini
1439 1841 1493 1869 in-

101 1903 202 1933 tenta
219 1908 252 1931 m
265 1897 343 1930 ala
360 1898 461 1942 quasi
471 1898 587 1941 sulm
602 1908 653 1929 en
673 1900 795 1939 optare
818 1907 854 1929 se
873 1896 1015 1940 quisque
1035 1907 1079 1929 ne
1097 1897 1324 1942 attingat.
1350 1897 1491 1931 Terent.

102 1959 207 1993 Andr.
238 1958 304 1999 ΙΙΙ,
338 1958 381 2000 3,
414 1958 472 1991 23.
497 1957 692 1993 amantium
727 1957 830 1990 irae
862 1956 992 1989 amoris
1024 1957 1299 2002 integratio
1334 1963 1418 1992 est.
1445 1958 1491 1991 cf.

101 2018 264 2062 Krueger
286 2018 330 2051 de
353 2017 567 2052 Attractione
591 2016 668 2050 Lat.
691 2016 795 2061 Ling.
822 2018 854 2058 ς.
878 2015 935 2050 25.
960 2028 993 2059 p.
1017 2015 1075 2050 57.

194 2079 228 2118 §-
251 2077 308 2112 12.
358 2077 495 2121 deinde]
523 2078 575 2111 lta
600 2087 720 2110 omnes
743 2075 872 2109 habent
895 2076 991 2117 libri,
1015 2076 1167 2119 exceptis
1191 2088 1259 2110 uno
1283 2076 1394 2118 nivii,
1421 2088 1489 2111 uno

102 2136 246 2170 Gruteri
278 2140 311 2170 et
344 2137 462 2173 Guelf.
493 2136 527 2170 4.
559 2137 594 2170 in
629 2135 756 2179 quibus
787 2136 868 2169 dein
890 2136 1039 2181 legitur,
1065 2137 1157 2180 quod
1180 2137 1318 2171 curtius
1341 2140 1376 2171 et
1400 2137 1490 2171 Ger-

100 2187 238 2231 lachius
269 2207 336 2230 non
369 2197 529 2231 idoneam
564 2197 609 2230 ob
633 2207 792 2230 caussam
816 2197 982 2240 vulgatae
1004 2197 1252 2240 praetulerunt.
1276 2198 1320 2232 cf.
1344 2198 1388 2232 ad
1412 2198 1488 2232 Cat.

100 2256 257 2297 XXXII,
287 2256 320 2290 l.
353 2257 438 2299 XL,
468 2257 502 2291 6.
528 2276 573 2282 -
601 2257 744 2301 Utrique
774 2268 843 2290 non
876 2261 974 2298 sunt,
1007 2261 1046 2291 ut
1078 2258 1271 2292 Muellerus
1303 2269 1489 2302 perperam

100 2321 229 2357 censet,
254 2316 298 2349 ab
317 2327 388 2350 una
403 2322 507 2360 parte
527 2317 654 2351 Persae
676 2328 751 2350 cum
773 2318 943 2361 Gaetulis,
967 2318 1010 2352 ab
1029 2319 1143 2352 altera
1162 2318 1287 2361 Libyes
1314 2329 1390 2351 cum
1411 2318 1490 2352 Me·-

101 2376 155 2411 dis
188 2381 222 2410 et
248 2377 437 2420 Armeniis,
471 2378 531 2411 sed
561 2378 737 2412 Numidae
762 2384 925 2422 parentes
954 2390 1134 2424 eorumque
1158 2379 1225 2420 filii
1252 2378 1276 2412 i.
1302 2389 1332 2411 e.
1361 2378 1488 2412 Persae

60 2444 63 2447 “
100 2448 180 2471 cum
215 2437 375 2471 Gaetulis
403 2438 503 2472 mixti
538 2437 687 2481 indeque
710 2438 776 2472 orti
800 2438 983 2473 Numidae.
1030 2439 1098 2472 His
1122 2439 1215 2472 enim
1238 2438 1402 2482 quoniam
1425 2438 1487 2472 Li-

99 2498 187 2542 byes
209 2508 291 2530 cum
324 2498 460 2532 Mauris
483 2498 592 2532 iuncti
616 2498 734 2532 statim
758 2502 836 2542 post
858 2503 1092 2542 opponuntur,
1128 2511 1195 2532 non
1218 2503 1361 2543 possunt
1379 2498 1487 2533 iidem

98 2558 275 2592 vocabulo
307 2559 443 2603 utrique
479 2559 736 2603 comprehendi.
762 2578 807 2583 -
832 2558 957 2592 Statim
990 2564 1068 2603 post
1103 2559 1241 2594 Cottius
1264 2558 1405 2603 scripsit
1426 2560 1486 2592 sub

99 2619 282 2663 imperium
299 2630 442 2664 cogere,
468 2619 504 2653 in
528 2620 718 2654 omittendo
743 2619 948 2663 pronomine
971 2624 1108 2654 secutus
1133 2614 1309 2654 Guelfsff).
1335 2623 1369 2653 et
1393 2619 1486 2653 Vrat.

99 2679 135 2714 2.
159 2679 355 2714 Infinitivus
377 2691 481 2724 quem
504 2681 671 2723 praebent
694 2681 842 2714 Eccard.
868 2691 889 2714 a
910 2691 958 2713 m.
984 2692 1035 2724 pr.
1060 2680 1142 2714 Sen.
1167 2680 1200 2714 2.
1228 2681 1352 2714 Hense.
1371 2679 1489 2715 Guelf.

99 2738 133 2772 7.
159 2738 192 2774 9.
219 2739 276 2774 11.
300 2740 395 2775 Vrat.
419 2740 472 2783 2.,
497 2751 558 2774 cur
583 2740 669 2774 ferri
692 2746 862 2785 nequeat,
887 2741 956 2774 iam
981 2740 1050 2774 dixi
1077 2740 1120 2774 ad
1154 2742 1186 2783 g.
1220 2740 1276 2774 11.
1307 2739 1491 2774 insolentia
