1630 3034
391 171 749 215 IUGURTHA.
809 165 939 215 CAP'.
971 170 1101 214 CXII.
1346 174 1432 217 597

150 287 152 289 ’
194 288 335 334 CXII.
406 287 471 332 At
512 303 592 333 rex
635 296 816 349 postero
861 287 934 333 die
982 289 1226 349 Asparem,
1269 286 1432 349 Iugur-

55 384 159 429 thae
194 386 418 446 legatum,
465 386 693 446 appellat,
741 384 939 452 dicit-‘que=
974 386 1055 430 sibi
1089 401 1172 445 per
1206 385 1431 430 Dabarem

11 484 14 486 ’
54 497 109 526 ex
138 482 264 526 Sulla
307 483 558 542 cognitum,
603 498 741 543 posse
776 482 1106 528 condicionibus
1140 481 1307 528 bellum
1339 497 1426 542 po—

53 580 121 633 ni3
156 580 450 638 quamobrem
484 580 604 640 regis
642 580 708 624 sui
743 581 1003 625 sententiam
1039 579 1301 638 exquireret.
1350 578 1467 623 Ille2

51 676 190 720 laetus
229 677 275 720 in
323 682 465 721 castra
509 677 757 737 Iugurthae
800 678 932 723 venit.
1001 675 1203 731 Deinde,
1251 674 1308 719 ab
1351 674 1429 720 illo

51 778 211 818 cuncta
251 772 461 830 edoctus,
506 780 756 837 properato
803 775 959 822 itinere
1000 777 1106 834 post
1148 772 1268 828 diem
1301 776 1427 829 octa-5-

49 939 83 974 1.
107 958 154 967 ——-
183 941 342 987 Dicitque
376 940 514 977 cortine
544 942 584 976 h.
616 943 643 978 1.
675 943 808 988 pariter
837 945 878 978 ut
900 956 930 978 c.
955 943 1040 986 CVI,
1063 941 1098 977 1.
1125 940 1244 976 invitis
1266 938 1426 975 omnibus

48 1001 146 1035 codd.
171 1001 311 1036 delevit.
335 1020 381 1027 —
410 1003 672 1038 Condicionibus
694 1005 848 1050 Langius
871 1005 974 1039 valde
997 1003 1111 1037 ieiune
1134 1001 1296 1045 explicat,
1318 1010 1425 1034 anno-

47 1064 143 1096 tans:
178 1074 256 1104 „sc.
278 1062 471 1107 nonnullis,
494 1075 563 1097 non
586 1063 636 1098 sic
658 1064 909 1109 simpliciter.“
963 1065 1092 1098 Verum
1115 1062 1188 1096 iam
1211 1061 1350 1096 Cottius
1372 1059 1428 1094 vi-

47 1121 118 1164 dit;
142 1123 353 1156 condiciones
377 1122 470 1156 enim
493 1128 714 1167 opponuntur
735 1125 880 1160 victoris
909 1125 1063 1160 arbitrio.
1109 1123 1178 1157 Ubi
1201 1123 1336 1157 bellum
1355 1120 1426 1166 igi-

47 1185 104 1217 tur
137 1183 390 1217 condicionibus
420 1182 445 1217 i.
475 1194 507 1217 e.
538 1185 700 1228 pactione
730 1185 805 1220 sive
838 1186 1070 1221 transactione
1092 1183 1242 1229 ponitur,
1268 1193 1336 1217 non
1358 1181 1425 1215 im-

45 1246 145 1287 perat
160 1244 260 1286 alter,
277 1244 365 1278 alter
389 1255 426 1278 se
449 1244 622 1279 submittit
643 1245 835 1289 imperatis,
860 1248 919 1281 sed
942 1247 987 1281 ab
1013 1249 1161 1289 utraque
1184 1246 1281 1287 parte
1304 1245 1424 1286 postu—

10 1336 13 1338 .
43 1303 149 1337 lando
173 1314 301 1347 aequo,
326 1314 367 1337 ac
395 1305 611 1339 concedendo
634 1318 690 1340 res
713 1307 919 1349 coniicitur3
954 1309 1000 1342 ct.
1032 1307 1125 1341 Cort.
1159 1304 1203 1338 ad
1233 1303 1303 1337 Cic.
1334 1302 1424 1345 Epp.

46 1365 92 1398 ad
115 1365 255 1398 Famm.
279 1364 347 1407 Vl,
371 1364 413 1403 2,
436 1364 471 1399 5.
519 1367 558 1400 Si
582 1367 689 1400 armis
715 1373 777 1402 aut
801 1369 1075 1403 condicione
1098 1365 1237 1411 positis,
1269 1367 1333 1397 aut
1363 1362 1425 1396 de-

43 1426 260 1470 fatigatione
293 1425 436 1460 abiectis
468 1427 591 1461 civitas
622 1428 859 1472 respiraverit.
892 1428 970 1462 Liv.
998 1427 1132 1468 XXIII,
1155 1425 1190 1468 7,
1212 1424 1246 1458 1.
1294 1422 1424 1468 Legata·

45 1487 94 1520 ad
120 1486 355 1520 Hannibalem
377 1492 567 1530 venerunt,
599 1499 788 1533 pacemque
820 1500 895 1523 cum
928 1499 968 1523 eo
991 1485 1342 1522 condicionibus
1363 1485 1423 1526 sc-

43 1552 175 1588 cemnt,
199 1546 262 1580 ubi
286 1547 483 1581 Gronovius
507 1548 609 1592 plura
633 1549 799 1593 contulit,
831 1560 874 1584 ex
897 1548 1024 1592 quibus
1046 1546 1213 1581 nonnulla
1236 1545 1307 1578 huc
1328 1546 1424 1577 tran-

43 1608 253 1650 scribemus,
286 1608 382 1642 velut
413 1608 492 1644 Liv.
524 1610 674 1652 XXXV,
698 1609 756 1653 42,
783 1610 818 1644 2.
866 1611 952 1644 Tres
974 1610 1130 1643 civitates
1152 1617 1261 1650 neque
1283 1604 1327 1637 υἱ
1350 1614 1420 1636 ex-

40 1679 254 1713 pugnare
277 1669 327 1701 ad
350 1680 428 1702 eam
453 1670 543 1704 diem
565 1675 728 1715 poterat,
760 1682 870 1715 neque
904 1667 1251 1703 condicionibus
1274 1665 1311 1699 in
1334 1663 1421 1698 ami—

43 1729 162 1762 citiam
184 1728 357 1772 pellicere.
380 1729 468 1763 ven.
492 1730 536 1772 11,
559 1729 595 1774 3,
618 1730 653 1765 3.
686 1730 890 1764 Dis-cordiae
913 1730 1038 1764 civium
1061 1732 1167 1763 antea
1190 1724 1420 1761 condicio—

43 1790 172 1823 nibus
200 1788 321 1822 sanari
343 1789 484 1831 solitae,
507 1792 643 1832 ferro
667 1791 893 1825 diiudicatae.
917 1791 970 1833 II,
995 1789 1083 1831 109,
1107 1789 1141 1823 1.
1188 1785 1423 1821 Maroboduus

34 1850 204 1894 finitimos
228 1859 343 1884 omnes
367 1853 431 1883 aut
454 1850 575 1884 bello
601 1851 801 1893 domuit,
835 1855 898 1885 aut
924 1848 1268 1884 condicionibus
1289 1845 1344 1879 sui
1366 1844 1419 1877 iu-

41 1911 89 1945 ris
108 1911 206 1954 fecit.
222 1929 267 1934 —-
288 1909 359 1943 Pro
380 1911 474 1954 poni,
499 1911 591 1953 quod
614 1911 756 1954 plurimi
780 1911 878 1945 codd.
902 1913 1054 1951 tuentur,
1080 1908 1116 1942 in
1139 1909 1222 1941 Ecc.
1245 1909 1281 1941 et
1301 1904 1421 1939 Guelf.

42 1971 79 2005 6.
101 1975 153 2005 est
172 1970 307 2014 deponi,
331 1968 367 2002 in
390 1969 490 2011 aliis,
514 1970 620 2003 etiam
643 1971 760 2005 Bet-ol.
784 1971 820 2007 1.
843 1971 877 2005 2.
905 1973 940 2004 et
964 1968 1103 2010 GoerL,
1128 1966 1301 2012 componi,
1325 1964 1417 2008 quod

42 2031 194 2066 Weisius
225 2029 376 2074 recepit,
416 2029 561 2075 ignarus
601 2031 737 2065 dicendi
765 2042 848 2065 usus
880 2030 1085 2073 neutiquam
1116 2027 1267 2063 obscuri.
1328 2025 1417 2060 Nam

41 2103 149 2136 quum
181 2102 269 2136 quae
298 2095 473 2135 ponuntur
503 2102 571 2124 non
601 2092 750 2135 amplius
779 2091 846 2126 sint
876 2090 912 2124 in
945 2089 1107 2124 manibus
1132 2097 1243 2130 neque
1266 2084 1417 2129 ampIius

41 2156 254 2197 tractentur,
289 2152 393 2186 facile
425 2155 520 2196 patet
551 2153 672 2186 eadem
699 2152 834 2186 ratione
854 2162 981 2196 ponere
1004 2148 1145 2183 finiendi
1164 2148 1219 2181 vel
1242 2145 1416 2180 desinendi

40 2216 245 2257 potestatem
276 2212 453 2256 accipere,
487 2224 557 2255 qua
588 2224 722 2247 sumere
753 2212 796 2245 de
825 2210 1017 2254 incipiendo
1041 2209 1184 2250 dicitur,
1205 2209 1246 2241 ut
1268 2205 1416 2241 ostendi-

41 2285 120 2307 mus
143 2273 186 2307 ad
210 2285 237 2306 c.
264 2273 343 2314 XX,
365 2272 400 2307 5.
423 2285 459 2317 p.
482 2273 561 2307 129.
588 2273 633 2306 cf.
661 2273 808 2316 Fragm.
832 2271 986 2306 Historr.
1013 2270 1050 2312 1,
1072 2268 1107 2305 8.
1152 2269 1244 2302 Dum
1266 2271 1416 2301 metus

42 2346 65 2368 a
93 2333 280 2378 Tarquinio
304 2337 337 2367 et
363 2333 528 2366 bellurn
552 2343 662 2377 grave
686 2343 762 2366 cum
786 2331 931 2366 Etruria
959 2330 1160 2375 positum
1183 2333 1263 2364 est.
1299 2327 1413 2362 Tacit.

41 2394 190 2428 llistorr.
213 2394 259 2435 II,
282 2392 340 2435 52,
364 2391 412 2426 in.
469 2393 621 2427 Posito
645 2393 768 2438 ubique
792 2392 908 2425 bello
933 2402 1066 2436 magna
1087 2401 1170 2435 pars
1193 2394 1334 2424 senatus
1357 2399 1413 2422 ex-

42 2458 188 2487 tremum
220 2452 401 2487 discrimen
431 2453 531 2487 adiit.
564 2452 639 2486 Liv.
670 2453 732 2494 111,
762 2452 820 2494 30,
843 2452 878 2486 3.
927 2451 1080 2486 Posito
1102 2451 1192 2496 legis
1214 2449 1411 2484 certamine.

43 2512 146 2547 Ovid.
181 2513 284 2546 Rem.
317 2513 396 2547 Am.
428 2524 461 2547 V.
498 2512 577 2548 497.
627 2512 799 2548 Ponere
828 2517 967 2550 metum.
998 2511 1044 2547 cf.
1075 2509 1336 2547 Drakenborch.
1368 2508 1414 2542 ud

41 2574 119 2610 mv.
144 2574 216 2615 vll,
242 2572 300 2614 42,
325 2572 360 2609 7.

133 2636 167 2678 ἓ.
189 2634 223 2671 2.
250 2633 405 2678 Deinde]
444 2633 497 2668 lta
526 2632 670 2677 plurimi
697 2635 814 2670 tenent
844 2633 942 2668 codd.
967 2631 1172 2667 Gerlachius
1194 2631 1269 2667 sine
1290 2630 1414 2664 idonea

45 2705 169 2730 caussa
193 2694 272 2729 dein
295 2693 412 2728 edidit.
430 2712 473 2718 —
498 2695 550 2728 De
571 2705 757 2739 properare
779 2695 886 2729 verbo
910 2705 991 2729 cum
1014 2692 1211 2729 accusativo
1235 2689 1414 2725 coniuncto

24 2762 26 2764 ·
48 2767 80 2788 v.
104 2756 148 2790 ad
171 2767 201 2789 c.
226 2755 405 2796 XXXVII,
429 2753 464 2790 4.
501 2771 546 2779 —
578 2755 648 2795 Pro
671 2755 812 2792 nunciat
834 2754 939 2800 pauci
962 2754 1044 2789 libri
1066 2754 1197 2790 habent
1218 2750 1412 2789 denunciat,
