1630 3034
128 116 225 201 152·
505 154 550 197 C.
579 155 896 198 SALLUSTI
928 156 1145 200 CRISPI

135 277 409 329 commotuS,
453 278 574 316 metu
611 278 745 330 atque
792 272 991 317 lubidine
1023 273 1224 318 divorsus
1255 275 1518 334 agitabatur.

103 369 351 412 7Timebat
400 369 512 412 iram
560 370 737 425 Senati,
792 370 835 413 ni
881 371 1101 429 paruisset
1144 371 1329 431 legatis;
1383 389 1518 432 porro

136 465 303 508 animus
333 466 543 525 cupidine
581 482 738 510 caecus
774 467 833 510 ad
867 467 1095 526 inceptum
1132 469 1276 512 scelus
1303 471 1518 529 rapiebat.

103 560 255 606 8Vicit
298 568 446 637 tamen
503 563 547 606 in
605 563 737 607 avido
795 564 974 624 ingenio
1033 578 1224 622 pravum
1280 567 1519 614 consilium.

101 659 283 719 91gitur
318 659 515 703 exercitu
543 660 818 704 circumdato
846 675 1018 704 summa
1056 660 1100 703 vi
1146 659 1315 705 Cirtam
1362 663 1523 707 irrum-

135 771 246 816 pere
275 757 454 814 nititur,
491 772 907 817 maxume‚sperans
939 756 1121 802 diducta
1154 773 1289 802 manu
1332 758 1524 804 hostium

135 927 263 972 spuriis
285 928 411 962 habuit
435 927 637 973 uncinisque
660 927 821 971 inclusit,
854 928 938 972 quia
962 929 1093 964 similia
1116 931 1153 964 h.
1176 942 1205 964 c.
1232 933 1264 974 §.
1289 930 1324 964 l.
1350 931 1525 976 leguntur.

136 989 242 1023 Talia
274 990 437 1024 refellere
470 1000 536 1022 non
571 993 622 1023 est
657 1000 755 1032 opus.
788 1008 833 1014 —
870 989 974 1024 Porro
1007 991 1145 1035 proprie
1181 1003 1247 1024 non
1272 996 1324 1025 eet
1348 1003 1388 1026 ea:
1413 994 1527 1027 altera

133 1055 259 1094 parte,
291 1053 329 1084 ut
361 1050 518 1095 Langius
553 1054 587 1084 et
622 1051 813 1083 Muellerus
847 1050 1042 1093 explicant,
1067 1052 1128 1084 sed
1152 1051 1331 1086 continuat
1354 1054 1528 1088 narratio-

134 1121 235 1152 nem,
269 1110 321 1145 ita
353 1115 393 1145 ut
423 1111 528 1144 etiam
566 1111 609 1145 ad
644 1110 820 1144 contraria
852 1115 1017 1146 transeat.
1052 1112 1098 1144 cf.
1123 1111 1228 1145 Catil.
1254 1112 1384 1155 XLVI,
1410 1113 1442 1147 2.
1468 1116 1528 1156 qui

134 1171 231 1205 locus
265 1171 373 1205 nostri
406 1171 608 1205 simillimus
642 1176 703 1206 est.
739 1172 822 1205 Ter.
848 1172 995 1215 Adelph.
1022 1172 1046 1203 V
1067 1197 1076 1213 ,
1102 1170 1147 1213 4,
1172 1171 1228 1204 14.
1255 1173 1375 1207 lustin.
1399 1175 1449 1216 11,
1472 1176 1530 1209 10,

135 1231 170 1266 3.
198 1231 267 1272 lx,
307 1231 352 1273 4,
393 1232 426 1266 6.
451 1244 486 1266 v.
512 1233 606 1267 Cort.
633 1234 676 1267 ad
702 1233 775 1267 Cic.
800 1233 954 1278 Eppvad
980 1233 1118 1266 Famm.
1145 1233 1209 1273 vl,
1249 1233 1292 1274 7,
1333 1233 1387 1267 10.
1420 1235 1467 1269 id.
1495 1247 1528 1279 p.

136 1291 216 1326 Mil.
251 1304 279 1325 c.
305 1292 347 1334 9,
376 1293 433 1327 25.
457 1294 500 1326 de
525 1294 638 1327 Divin.
665 1295 720 1336 II,
744 1294 786 1337 2,
809 1294 844 1329 6.
876 1294 974 1327 Auct.
1011 1294 1052 1327 ad
1092 1295 1246 1326 Hcrenn.
1280 1294 1350 1337 III,
1380 1295 1445 1337 16,
1471 1297 1527 1331 28.

136 1371 183 1378 --
210 1353 402 1397 Rapicbat,
428 1356 519 1399 quod
544 1357 628 1391 Νη.
655 1356 829 1390 Commel.
854 1356 1025 1400 Bongars.
1051 1355 1118 1387 duo
1144 1354 1260 1394 Rivii,
1287 1354 1420 1398 aliquot
1444 1357 1532 1390 Cor-

136 1412 198 1455 tii,
236 1414 329 1447 Leidd
366 1416 406 1449 L.
441 1417 531 1453 Tur.
565 1418 595 1452 1.
634 1417 820 1452 Einsiedel.
855 1420 889 1451 et
919 1415 1117 1459 complures
1147 1425 1189 1447 ex
1221 1414 1313 1450 hall.
1346 1417 1529 1452 Gerlachii

135 1477 274 1516 tenent,
300 1475 400 1509 unice
423 1488 569 1519 verum3
594 1479 818 1523 rapiebatur,
844 1482 882 1512 ut
905 1477 941 1511 iu
965 1475 1106 1510 relicuis
1129 1482 1200 1516 est,
1225 1481 1340 1508 ortum
1359 1487 1400 1509 ex
1424 1478 1531 1512 inter-

136 1533 314 1577 polatione
338 1536 548 1579 scribarum,
575 1538 636 1581 qui
661 1524 901 1573 accusativum
926 1536 1137 1582 pronominis
1162 1536 1424 1572 demonstrativi
1448 1551 1531 1584 sup-

137 1594 301 1638 plendum
326 1608 400 1630 esse
424 1608 491 1630 non
516 1604 701 1641 caperent3
728 1611 760 1631 v.
786 1601 830 1633 atl
855 1612 883 1632 c.
911 1599 1018 1633 xm]
1035 1624 1043 1638 ,
1068 1598 1102 1630 7.
1131 1597 1356 1640 Gerlachius,
1383 1604 1422 1634 ut
1444 1602 1533 1635 solet

136 1654 322 1698 fluctuari,
347 1656 382 1690 in
406 1658 597 1692 novissima
621 1660 674 1693 ed.
708 1660 884 1703 passivum
911 1658 1081 1692 exhibuit.

231 1718 262 1758 §-
286 1714 321 1750 9.
368 1729 486 1752 casum
520 1720 698 1764 victoriae]
735 1722 833 1753 Haec
864 1719 1095 1752 Kunhardtus
1127 1716 1289 1761 imperite
1322 1718 1411 1753 nihil
1435 1721 1529 1754 aliud

138 1786 212 1809 esse
235 1782 372 1819 censet,
397 1790 502 1822 quam
534 1780 715 1813 victoriam
749 1781 882 1825 ipsam,
916 1779 1017 1813 valde
1049 1778 1217 1819 miratus,
1250 1790 1311 1812 cur
1346 1780 1533 1816 Sallustius

138 1845 206 1869 non
229 1836 298 1870 hae
321 1837 474 1883 simplici
499 1851 583 1873 voce
607 1853 687 1874 usus
712 1841 766 1875 sit.
815 1840 882 1874 Sed
908 1851 1017 1881 casus,
1042 1850 1110 1882 qno
1136 1840 1307 1873 vocabulo
1332 1839 1366 1873 in
1393 1843 1534 1876 univer-

138 1908 215 1930 sum
240 1897 459 1943 significatur
482 1899 515 1933 id
531 1925 541 1942 ‚
578 1903 668 1944 quod
696 1902 867 1935 incertum
892 1905 1052 1934 eventum
1078 1901 1184 1934 habet
1209 1901 1263 1933 ve!
1289 1902 1413 1945 affert,
1447 1905 1482 1938 h.
1507 1905 1532 1937 l.

138 1959 347 2003 praegnanti
380 1972 480 1994 sensu
514 1961 641 1995 dicitur
674 1973 736 2006 pro
771 1962 948 1995 commoda
983 1962 1180 2002 occasionn
1212 1962 1252 1996 cf.
1292 1974 1320 1997 c.
1357 1963 1452 2004 Lu,
1497 1963 1531 1999 4.

133 2020 317 2061 fortunam
347 2021 417 2054 iltis
444 2024 619 2066 praeclari
638 2023 810 2066 facinoris
845 2034 997 2056 casum
1031 2023 1128 2056 dare.
1156 2023 1244 2056 Tac.
1268 2021 1390 2055 Annal.
1415 2024 1451 2064 Ι,
1477 2023 1532 2065 13,

141 2079 175 2113 1.
208 2080 252 2115 L.
274 2082 499 2123 Arruntium,
527 2083 558 2115 εἰ
580 2095 714 2117 casus
736 2084 899 2125 daretur,
926 2095 1103 2119 ausurum.
1129 2083 1175 2117 il).
1206 2084 1275 2123 xl,
1313 2082 1356 2125 9,
1393 2085 1424 2119 1.
1458 2097 1533 2118 ca-

141 2151 215 2175 sus
239 2141 454 2176 Mithradati
471 2143 576 2176 datus
592 2149 641 2177 est
662 2145 853 2188 occupandi
880 2145 1088 2178 Armeniam.
1114 2145 1200 2185 XII,
1225 2143 1291 2186 50,
1316 2144 1348 2177 1.
1390 2145 1534 2191 l'ologe-

142 2212 196 2236 res
236 2214 386 2236 casum
425 2203 646 2237 invadendae
689 2207 875 2240 Armeniae
912 2207 1087 2240 obvenisse
1124 2211 1231 2238 ratus.
1266 2205 1369 2248 xm,
1399 2206 1463 2248 36,
1499 2207 1533 2241 2.

140 2274 348 2308 quamquam
366 2265 448 2298 bene
468 2265 649 2309 gerendae
666 2267 716 2299 rei
736 2278 810 2299 cas
825 2277 888 2300 um
914 2267 1031 2310 offerri
1048 2267 1244 2309 scripserat.
1279 2266 1392 2300 Alieni
1417 2273 1534 2302 autem

140 2323 277 2367 generis
309 2328 386 2358 sunt
421 2327 583 2369 exempla
617 2337 638 2359 a
671 2327 860 2361 Gerlachio
893 2328 1001 2360 allata
1035 2326 1122 2361 Tac.
1156 2327 1243 2360 Anu.
1277 2327 1365 2368 xu,
1400 2326 1463 2370 14,
1497 2327 1532 2362 ὃ.

142 2394 215 2417 rem
240 2385 282 2418 in
307 2396 462 2418 casum
487 2386 598 2419 darc
622 2388 767 2430 statuit,
793 2392 827 2421 et
852 2387 926 2421 Liv.
952 2387 1019 2429 IV,
1043 2387 1109 2428 27,
1133 2388 1165 2421 6.
1192 2398 1263 2422 rem
1300 2387 1345 2420 in
1379 2399 1533 2422 casum

142 2444 304 2488 ancipitis
333 2451 471 2480 eventus
501 2447 741 2488 comminuunt,-
765 2459 845 2481 nam
872 2447 920 2481 ibi
951 2460 1050 2481 casus
1075 2460 1141 2482 non
1166 2449 1209 2482 de
1233 2449 1455 2482 commoda
1477 2460 1533 2483 οο-

142 2505 302 2547 cantone,
328 2507 387 2539 sed
412 2507 454 2540 dc
478 2507 607 2542 incerto
632 2513 756 2542 eventu
780 2513 830 2542 est
854 2508 1133 2553 intelligendum,
1168 2511 1259 2553 quod
1286 2509 1404 2544 Livius
1427 2510 1535 2545 nimia

141 2565 342 2609 prollxitate
365 2567 508 2601 addidit.

234 2628 265 2668 ἕ.
298 2627 351 2660 10.
399 2628 453 2661 uti
479 2628 577 2671 prius
605 2649 648 2654 —
677 2629 865 2673 potiretur]
904 2630 1000 2663 naec
1038 2629 1156 2663 omnia
1190 2631 1359 2665 Gruterun
1389 2632 1445 2665 vel
1472 2643 1535 2677 pro

142 2685 260 2731 glossa
284 2687 443 2721 habenda
466 2692 593 2729 censet,
619 2689 672 2721 vel
698 2688 749 2722 sic
773 2689 991 2733 corrigenda,
1016 2701 1133 2735 nequ
1149 2702 1166 2723 e
1190 2692 1287 2736 prins
1302 2712 1345 2717 —
1365 2693 1535 2736 potiri,-

149 2755 241 2788 (μιν,
276 2745 394 2780 iudicii
430 2747 638 2790 perversitas
669 2748 747 2782 inde
781 2750 969 2794 repetenda
1002 2756 1072 2791 est,
1103 2752 1191 2795 quod
1228 2763 1293 2785 non
1318 2758 1533 2796 perspectauit
