1630 3034
1307 121 1332 131 μ.

166 181 253 221 :31⁰
531 173 576 217 C.
606 173 926 216 SALLUSTI
967 173 1192 217 CRISPI

135 295 303 352 4grum
342 291 570 350 ingenium
614 291 738 334 brevi
784 290 992 336 adolevit.
1071 291 1199 351 Ergo
1246 290 1322 335 ubi
1361 291 1556 351 primum
1597 333 1600 335 Α

167 389 439 433 tribunatum
474 388 709 432 militarem
750 402 776 430 a
824 388 994 447 populo
1032 388 1170 446 petit,
1219 387 1449 448 plerisque
1485 387 1556 430 fa-

167 487 281 531 ciem
311 486 403 530 eius
437 485 758 546 ignorantibus,
796 484 927 528 facile
963 492 1089 528 notus
1120 500 1205 544 per
1241 485 1382 529 omnis
1413 483 1556 528 tribus

133 583 432 627 (adeum-atur.
513 581 690 627 Deinde
740 581 796 625 ab
853 597 907 625 eo
962 583 1223 642 magistratu
1280 581 1414 625 alium
1456 587 1558 639 post

167 711 236 740 tem
260 706 386 750 lingua
409 705 525 749 magis
549 708 747 745 strenuam,
771 714 875 747 quam
893 704 1003 746 factis
1026 704 1131 745 dicit,
1155 709 1190 738 et.
1213 704 1304 737 infra
1329 715 1359 736 c.
1383 703 1558 743 LXXXV,

165 766 223 801 32.
239 786 285 791 —
303 767 462 800 Exercuit
487 776 548 809 per
572 775 722 810 zeugma
747 764 792 797 ad
816 764 995 798 munditiis
1021 765 1186 808 pertinet;
1211 765 1350 809 proprie
1373 765 1466 798 enim
1490 765 1559 798 hoc

166 838 291 860 nomen
314 827 467 870 postulat
494 827 638 860 verbum
662 838 698 860 se
721 824 879 866 dedidit,
914 825 970 857 vel
996 827 1162 865 indulsit,·
1194 837 1227 860 v.
1250 837 1355 869 supra
1381 826 1500 867 XLVI,
1523 825 1557 859 8.

166 888 236 929 LV,
261 887 294 921 l.
347 887 510 922 Urbanae
528 887 723 922 munditiae
747 890 883 926 autem,
909 885 992 920 licet
1013 887 1050 920 h.
1075 887 1097 921 Ι.
1124 886 1158 919 in
1183 887 1312 920 malain
1338 892 1473 930 partem
1498 898 1558 921 ac-

163 947 233 991 cipi
256 947 425 989 debeant,
459 959 520 991 per
542 960 579 981 se
602 952 717 981 tamen
741 946 834 979 hunc
861 958 998 980 sensum
1022 959 1091 980 uon
1114 947 1264 988 habent,
1297 952 1335 981 ut
1357 947 1559 991 interpreti-

164 1010 229 1043 bus
253 1009 393 1043 videtur
408 1034 417 1049 ‚
444 1009 503 1042 sed
528 1019 568 1041 ex
594 1019 686 1041 nexu
711 1011 745 1040 ct
768 1007 932 1041 universa
955 1007 1202 1042 sententiarum
1226 1007 1444 1051 oppositione
1467 1008 1559 1042 acci-

162 1069 271 1113 piunt.
294 1088 340 1094 —·
363 1070 546 1114 Integrum
568 1069 606 1102 h.
631 1070 654 1102 Ι.
680 1080 747 1102 nou
771 1073 824 1102 cst
848 1069 944 1102 nulla
970 1071 1063 1102 mala
1088 1069 1240 1102 lubidine
1264 1074 1461 1113 corruptum
1478 1094 1488 1110 ‚
1520 1073 1558 1102 ut.

162 1130 322 1174 plerique
344 1130 505 1174 interprr.
529 1143 610 1164 cum
634 1129 755 1165 Coi-tio
780 1129 973 1173 explicant,
1009 1130 1068 1164 sed
1102 1122 1169 1163 non
1201 1130 1458 1174 effemiimtum‚
1491 1142 1558 1163 na-
1621 1158 1627 1164 ,

162 1196 245 1225 tura
274 1191 472 1232 robustun15
508 1203 616 1235 quam
655 1190 861 1225 seutentiam
901 1202 968 1224 non
1008 1192 1123 1226 solum
1162 1190 1320 1234 proxime
1352 1201 1558 1235 praegressa

161 1253 325 1295 suadent,
351 1253 410 1285 sed
436 1253 620 1286 confirmat
644 1252 752 1286 etiam
776 1253 926 1285 verbum
952 1253 1117 1293 adolevit,
1143 1251 1166 1285 i.
1195 1263 1225 1284 e.
1249 1250 1293 1284 ad
1318 1249 1449 1284 iustam
1475 1262 1558 1284 cou-

160 1314 326 1348 stantiam
360 1318 395 1347 et
427 1313 630 1347 firmitatem
668 1315 838 1357 pervenit.
888 1315 1088 1348 Adolevisse
1122 1312 1214 1346 enim
1249 1310 1433 1353 dicuntur,
1467 1322 1558 1355 quae

160 1386 224 1418 pro
248 1379 372 1408 natura
393 1385 457 1408 sua
491 1373 623 1408 iustum
648 1374 792 1408 modum
818 1375 977 1418 explent3
1013 1374 1058 1407 cf.
1087 1373 1156 1408 Cic.
1181 1373 1224 1406 de
1248 1372 1358 1416 Legg.
1384 1373 1412 1414 Ι,
1436 1371 1472 1412 7,
1498 1372 1556 1406 22.

163 1435 268 1469 Ratio
293 1445 397 1479 quum
421 1435 642 1469 adolevit
679 1441 784 1480 atque
817 1439 1036 1480 perfecta
1061 1439 1146 1475 est,
1186 1434 1386 1467 nominatur
1408 1434 1476 1467 rite
1499 1444 1558 1468 sa-

158 1482 305 1539 pientia.

253 1556 286 1599 §-
310 1555 344 1589 εἰ.
394 1556 609 1590 tribunatum
634 1557 822 1591 militarem
846 1569 870 1591 a
894 1560 1021 1602 populo
1043 1559 1155 1603 petit]
1181 1555 1361 1589 Tribunos
1384 1553 1557 1588 militares

159 1627 280 1650 creare
302 1615 499 1660 antiquiore
523 1622 681 1661 tempore
705 1621 780 1651 erat
803 1617 1075 1661 imperatui-unu
1109 1623 1145 1652 at
1181 1627 1272 1651 anno
1303 1627 1338 1651 u.
1362 1627 1392 1649 c.
1416 1615 1498 1649 392.
1523 1627 1554 1649 a.

160 1678 244 1711 chr.
268 1688 300 1712 n.
324 1675 405 1709 362.
431 1676 460 1710 is
490 1689 566 1710 mos
592 1682 758 1718 mutatus,
785 1682 872 1711 teste
896 1678 996 1712 Livio
1022 1681 1096 1720 vll,
1121 1678 1154 1719 5,
1178 1677 1212 1711 9.
1264 1678 1376 1718 Quum
1402 1687 1440 1710 co
1466 1687 1556 1709 anno

158 1739 308 1782 primum
339 1738 527 1781 placuisset
558 1739 709 1772 tribunos
744 1739 892 1773 militum
927 1739 974 1772 ad
1008 1741 1164 1785 legiones
1202 1737 1445 1781 suffragio
1470 1736 1556 1779 sieri

161 1800 263 1842 (nam
287 1804 320 1833 et
352 1803 481 1844 antea,
514 1799 604 1833 sicut
637 1810 727 1832 nunc
751 1812 834 1844 quos
863 1801 1014 1843 Rufulos
1048 1804 1201 1840 vocant,
1237 1798 1463 1841 imperatores
1491 1797 1558 1840 ipsi

154 1861 352 1904 faciebam)
387 1859 575 1892 secundum
608 1859 650 1892 in
683 1870 758 1906 se'x
799 1862 918 1894 locis
957 1859 1111 1894 Manlius
1143 1857 1266 1892 tenuit.
1322 1857 1357 1891 Is
1389 1868 1556 1890 numerus

160 1925 280 1966 postea
303 1932 393 1954 anno
418 1931 451 1954 a.
475 1932 505 1953 c.
532 1919 611 1953 311.
638 1931 670 1953 a.
696 1921 779 1954 Chr.
804 1932 838 1954 n.
859 1920 945 1954 343.
965 1924 1086 1954 auctus
1110 1923 1180 1959 cst3
1206 1917 1250 1953 cf.
1269 1918 1424 1959 Lile,
1447 1918 1505 1957 30,
1520 1917 1552 1951 3.

165 1982 308 2015 'Tribuni
331 1982 480 2015 militum
504 1982 604 2015 seni
635 1981 740 2014 deni
773 1981 810 2014 in
841 1986 1006 2025 quattuor
1038 1981 1192 2025 legiones
1225 1990 1249 2011 a
1271 1980 1397 2023 populo
1420 1979 1554 2017 creati,-

159 2054 249 2087 quae
274 2047 404 2084 antea,
437 2053 605 2086 perquam
628 2042 750 2085 paucis
778 2043 952 2086 suffragio
974 2042 1094 2086 populi
1117 2040 1247 2074 relictis
1272 2040 1373 2082 locis,
1408 2039 1554 2072 dictato-

159 2114 236 2137 rum
263 2109 296 2137 ct
320 2104 497 2137 consulum
523 2105 641 2146 ferme
667 2105 816 2147 fuerant
853 2104 1029 2146 beneficia.
1079 2105 1134 2137 Ea
1165 2103 1220 2136 lex
1245 2112 1336 2135 anno
1354 2111 1386 2135 a.
1412 2101 1495 2134 Chr.
1519 2112 1552 2134 n.

160 2164 241 2198 171.
266 2163 311 2197 ad
335 2167 474 2208 tempus
497 2165 656 2205 sublimn
682 2175 714 2197 v.
742 2164 818 2198 Liv.
844 2165 964 2207 an,
987 2164 1044 2204 31,
1070 2163 1103 2198 6.
1154 2165 1194 2197 ln
1227 2163 1372 2197 tribunis
1404 2162 1552 2196 militum

159 2230 323 2259 nouatum
348 2236 386 2258 co
412 2237 525 2266 anno,
551 2237 592 2258 nc
624 2226 887 2269 suffragiis
912 2230 1134 2267 crearentur,
1168 2224 1229 2258 sed
1253 2223 1426 2257 consulum
1448 2233 1553 2266 prae-

160 2290 338 2329 torumque
371 2285 407 2317 ἰιι
437 2286 478 2319 iis
499 2287 677 2329 faciendis
711 2287 877 2320 indicium
903 2287 1152 2330 arbitriumque
1179 2289 1276 2318 essct.
1324 2284 1378 2317 De
1409 2294 1554 2317 numeru

161 2349 278 2379 tumen
310 2346 529 2380 tribunorum
554 2357 575 2379 a
608 2346 741 2390 populo
767 2346 997 2380 creandorum
1021 2357 1089 2380 non
1115 2345 1259 2379 eandem
1286 2356 1422 2388 semper
1445 2344 1552 2378 ratio-

160 2416 239 2439 nem
264 2406 459 2440 constitisw
484 2410 578 2449 patet
601 2417 642 2438 ox
667 2406 744 2440 biv.
771 2406 885 2447 xm,
914 2407 976 2449 12,
1002 2406 1037 2440 7.
1063 2406 1184 2444 xuv.
1208 2405 1265 2448 21,
1289 2405 1322 2439 2.
1370 2406 1466 2448 Quos
1491 2416 1552 2448 po-

159 2466 263 2509 pulus
287 2471 466 2500 ‹zreau‘ernt
493 2467 670 2500 Comitiali
693 2465 777 2500 dicti
801 2472 898 2507 sunt;
924 2479 1010 2511 quos
1035 2467 1224 2511 imperator
1249 2467 1380 2501 fecerat
1404 2467 1551 2509 Rujum,-

159 2526 204 2558 οἳ.
231 2526 307 2559 Liv.
333 2527 356 2560 Ι.
382 2539 487 2570 supra
512 2528 548 2568 1.,
584 2528 708 2561 Ascon.
733 2527 775 2559 ud
810 2527 883 2561 Cic.
909 2528 944 2561 in
978 2529 1074 2562 Vei-r.
1109 2529 1183 2562 Act.
1212 2529 1238 2562 Ι.
1271 2539 1302 2563 c.
1332 2529 1399 2567 1⁰,
1422 2527 1493 2567 30,
1516 2532 1551 2560 et

161 2585 302 2627 Festus,
335 2587 394 2630 qui
419 2589 506 2622 haec
530 2589 651 2622 habet:
690 2588 814 2630 Itusuli
839 2590 1109 2633 appellabantur
1138 2589 1230 2622 Trib.
1257 2589 1328 2623 mil.
1364 2600 1388 2622 a
1412 2588 1549 2621 consule

154 2647 267 2689 sacti,
290 2659 355 2679 non
376 2660 398 2681 a
420 2650 565 2692 populo,
589 2649 631 2682 dc
655 2660 796 2693 quorum
822 2649 896 2682 iure
921 2651 1012 2693 quod
1040 2651 1191 2685 Rutilius
1216 2650 1329 2693 Rufus
1353 2650 1467 2693 legem
1492 2653 1547 2682 tu-

160 2707 271 2748 lerat,
307 2708 336 2741 R
347 2710 491 2751 usuali,
523 2722 563 2743 ac
584 2714 705 2754 postca
732 2711 900 2744 Rutuli
931 2716 1010 2745 sunt
1047 2711 1229 2755 appellati.
1262 2709 1310 2743 cs.
1339 2707 1477 2752 Lipsius
1505 2709 1547 2742 de

161 2767 268 2803 Milit.
292 2767 345 2808 u,
369 2769 404 2803 9.
429 2770 590 2804 Creuzeri
615 2771 754 2814 Antiqq.
791 2771 895 2804 Rom.
919 2772 952 2813 §-
976 2770 1057 2806 243.
1095 2784 1128 2814 p.
1152 2770 1233 2805 3⁴17.
1259 2770 1312 2804 ed.
1338 2770 1382 2806 ΙΙ.
1408 2789 1450 2794 -
1476 2770 1545 2804 Pro
