<?xml version="1.0" encoding="UTF-8"?>
<!DOCTYPE html PUBLIC "-//W3C//DTD XHTML 1.0 Transitional//EN"
    "http://www.w3.org/TR/xhtml1/DTD/xhtml1-transitional.dtd">
<html xmlns="http://www.w3.org/1999/xhtml" xml:lang="en" lang="en">
 <head>
  <title>
</title>
<meta http-equiv="Content-Type" content="text/html;charset=utf-8" />
  <meta name='ocr-system' content='tesseract 3.04.00' />
  <meta name='ocr-capabilities' content='ocr_page ocr_carea ocr_par ocr_line ocrx_word'/>
</head>
<body>
  <div class='ocr_page' id='page_1' title='image "./operaquaesupeappx01salluoft_0855.png"; bbox 0 0 1630 3034; ppageno 0'>
   <div class='ocr_carea' id='block_1_1' title="bbox 367 153 1468 201">
    <p class='ocr_par' dir='ltr' id='par_1_1' title="bbox 367 153 1468 201">
     <span class='ocr_line' id='line_1_1' title="bbox 367 153 1468 201; baseline 0.002 -2"><span class='ocrx_word' id='word_1_1' title='bbox 367 154 727 199; x_wconf 89' lang='lat' dir='ltr'><strong>IUGURTHA.</strong></span> <span class='ocrx_word' id='word_1_2' title='bbox 787 153 914 197; x_wconf 83' lang='lat' dir='ltr'><strong>CAP.</strong></span> <span class='ocrx_word' id='word_1_3' title='bbox 943 153 1238 198; x_wconf 86' lang='lat' dir='ltr'>LXXXVIII.</span> <span class='ocrx_word' id='word_1_4' title='bbox 1381 159 1468 201; x_wconf 74' lang='lat'><strong>475</strong></span> 
     </span>
    </p>
   </div>
   <div class='ocr_carea' id='block_1_2' title="bbox 89 269 1501 623">
    <p class='ocr_par' dir='ltr' id='par_1_2' title="bbox 89 269 1501 623">
     <span class='ocr_line' id='line_1_2' title="bbox 94 269 1501 332; baseline 0 -16"><span class='ocrx_word' id='word_1_5' title='bbox 94 277 200 318; x_wconf 87' lang='lat' dir='ltr'><strong>erat.</strong></span> <span class='ocrx_word' id='word_1_6' title='bbox 268 271 398 327; x_wconf 78' lang='lat' dir='ltr'><strong>Quae</strong></span> <span class='ocrx_word' id='word_1_7' title='bbox 438 278 680 332; x_wconf 84' lang='lat' dir='ltr'><strong>postquam</strong></span> <span class='ocrx_word' id='word_1_8' title='bbox 724 271 922 331; x_wconf 83' lang='lat' dir='ltr'><strong>gloriosa</strong></span> <span class='ocrx_word' id='word_1_9' title='bbox 964 271 1124 327; x_wconf 89' lang='lat' dir='ltr'><strong>modo,</strong></span> <span class='ocrx_word' id='word_1_10' title='bbox 1169 285 1315 329; x_wconf 90' lang='lat' dir='ltr'><strong>neque</strong></span> <span class='ocrx_word' id='word_1_11' title='bbox 1359 269 1501 320; x_wconf 85' lang='lat' dir='ltr'><strong>belli4</strong></span> 
     </span>
     <span class='ocr_line' id='line_1_3' title="bbox 91 352 1482 429; baseline 0 -17"><span class='ocrx_word' id='word_1_12' title='bbox 91 368 298 429; x_wconf 83' lang='lat' dir='ltr'><strong>patrandi</strong></span> <span class='ocrx_word' id='word_1_13' title='bbox 333 370 567 429; x_wconf 73' lang='lat' dir='ltr'><strong>cognovit,</strong></span> <span class='ocrx_word' id='word_1_14' title='bbox 604 368 750 411; x_wconf 86' lang='lat' dir='ltr'><strong>statuit</strong></span> <span class='ocrx_word' id='word_1_15' title='bbox 783 368 1087 427; x_wconf 64' lang='lat' dir='ltr'><strong>urbis,³quae</strong></span> <span class='ocrx_word' id='word_1_16' title='bbox 1124 368 1223 412; x_wconf 67' lang='lat' dir='ltr'><strong>viris</strong></span> <span class='ocrx_word' id='word_1_17' title='bbox 1254 377 1330 412; x_wconf 87' lang='lat' dir='ltr'><strong>aut</strong></span> <span class='ocrx_word' id='word_1_18' title='bbox 1363 352 1482 412; x_wconf 19' lang='lat' dir='ltr'><strong>loco.</strong></span> 
     </span>
     <span class='ocr_line' id='line_1_4' title="bbox 89 465 1465 526; baseline -0.001 -16"><span class='ocrx_word' id='word_1_19' title='bbox 89 481 174 526; x_wconf 91' lang='lat' dir='ltr'><strong>pro</strong></span> <span class='ocrx_word' id='word_1_20' title='bbox 207 466 409 510; x_wconf 82' lang='lat' dir='ltr'>hostibus</span> <span class='ocrx_word' id='word_1_21' title='bbox 445 473 490 510; x_wconf 88' lang='lat' dir='ltr'><strong>et</strong></span> <span class='ocrx_word' id='word_1_22' title='bbox 519 465 757 509; x_wconf 85' lang='lat' dir='ltr'>advorsum</span> <span class='ocrx_word' id='word_1_23' title='bbox 793 481 840 508; x_wconf 86' lang='lat' dir='ltr'><strong>se</strong></span> <span class='ocrx_word' id='word_1_24' title='bbox 876 465 1294 524; x_wconf 83' lang='lat' dir='ltr'><strong>opportunissumae</strong></span> <span class='ocrx_word' id='word_1_25' title='bbox 1327 472 1465 521; x_wconf 81' lang='lat' dir='ltr'><strong>erant,</strong></span> 
     </span>
     <span class='ocr_line' id='line_1_5' title="bbox 90 561 1463 623; baseline -0.001 -17"><span class='ocrx_word' id='word_1_26' title='bbox 90 563 280 623; x_wconf 87' lang='lat' dir='ltr'><strong>singulas</strong></span> <span class='ocrx_word' id='word_1_27' title='bbox 329 562 667 615; x_wconf 74' lang='lat' dir='ltr'><strong>circumvenire3</strong></span> <span class='ocrx_word' id='word_1_28' title='bbox 708 562 768 604; x_wconf 88' lang='lat' dir='ltr'><strong>ita</strong></span> <span class='ocrx_word' id='word_1_29' title='bbox 814 561 1080 622; x_wconf 84' lang='lat' dir='ltr'><strong>Iugurtham</strong></span> <span class='ocrx_word' id='word_1_30' title='bbox 1124 568 1200 605; x_wconf 90' lang='lat' dir='ltr'><strong>aut</strong></span> <span class='ocrx_word' id='word_1_31' title='bbox 1233 561 1463 620; x_wconf 85' lang='lat' dir='ltr'><strong>praesidiis</strong></span> 
     </span>
    </p>
   </div>
   <div class='ocr_carea' id='block_1_3' title="bbox 87 658 1462 718">
    <p class='ocr_par' dir='ltr' id='par_1_3' title="bbox 87 658 1462 718">
     <span class='ocr_line' id='line_1_6' title="bbox 87 658 1462 718; baseline 0 -15"><span class='ocrx_word' id='word_1_32' title='bbox 87 658 325 716; x_wconf 85' lang='lat' dir='ltr'><strong>nudatum,</strong></span> <span class='ocrx_word' id='word_1_33' title='bbox 380 660 415 703; x_wconf 87' lang='lat' dir='ltr'><strong>si</strong></span> <span class='ocrx_word' id='word_1_34' title='bbox 451 674 505 702; x_wconf 84' lang='lat' dir='ltr'><strong>ea</strong></span> <span class='ocrx_word' id='word_1_35' title='bbox 554 663 827 718; x_wconf 67' lang='lat' dir='ltr'><strong>pateretur,</strong></span> <span class='ocrx_word' id='word_1_36' title='bbox 852 665 927 701; x_wconf 86' lang='lat' dir='ltr'><strong>aut</strong></span> <span class='ocrx_word' id='word_1_37' title='bbox 971 659 1143 718; x_wconf 89' lang='lat' dir='ltr'><strong>proelio</strong></span> <span class='ocrx_word' id='word_1_38' title='bbox 1183 664 1462 703; x_wconf 84' lang='lat' dir='ltr'><strong>certaturum.</strong></span> 
     </span>
    </p>
   </div>
   <div class='ocr_carea' id='block_1_4' title="bbox 73 807 1464 1762">
    <p class='ocr_par' dir='ltr' id='par_1_4' title="bbox 73 807 1464 1762">
     <span class='ocr_line' id='line_1_7' title="bbox 84 807 1464 852; baseline -0.001 -9"><span class='ocrx_word' id='word_1_39' title='bbox 84 820 155 844; x_wconf 91' lang='lat' dir='ltr'><strong>uno</strong></span> <span class='ocrx_word' id='word_1_40' title='bbox 179 809 338 843; x_wconf 80' lang='lat' dir='ltr'><strong>alterove</strong></span> <span class='ocrx_word' id='word_1_41' title='bbox 371 808 450 843; x_wconf 88' lang='lat' dir='ltr'><strong>aliis</strong></span> <span class='ocrx_word' id='word_1_42' title='bbox 473 808 588 842; x_wconf 84' lang='lat' dir='ltr'><strong>adhuc</strong></span> <span class='ocrx_word' id='word_1_43' title='bbox 613 808 724 842; x_wconf 87' lang='lat' dir='ltr'><strong>modis</strong></span> <span class='ocrx_word' id='word_1_44' title='bbox 749 810 923 852; x_wconf 85' lang='lat' dir='ltr'><strong>peccatur.</strong></span> <span class='ocrx_word' id='word_1_45' title='bbox 971 808 1024 842; x_wconf 81' lang='lat' dir='ltr'><strong>Ex</strong></span> <span class='ocrx_word' id='word_1_46' title='bbox 1055 807 1112 841; x_wconf 84' lang='lat' dir='ltr'><strong>his</strong></span> <span class='ocrx_word' id='word_1_47' title='bbox 1134 808 1237 843; x_wconf 87' lang='lat' dir='ltr'><strong>tantis</strong></span> <span class='ocrx_word' id='word_1_48' title='bbox 1260 808 1464 852; x_wconf 81' lang='lat' dir='ltr'><strong>corruptelis</strong></span> 
     </span>
     <span class='ocr_line' id='line_1_8' title="bbox 82 868 1463 914; baseline -0.001 -11"><span class='ocrx_word' id='word_1_49' title='bbox 82 870 238 914; x_wconf 88' lang='lat' dir='ltr'><strong>primum</strong></span> <span class='ocrx_word' id='word_1_50' title='bbox 262 872 357 913; x_wconf 85' lang='lat' dir='ltr'><strong>patet</strong></span> <span class='ocrx_word' id='word_1_51' title='bbox 381 869 511 903; x_wconf 80' lang='lat' dir='ltr'><strong>scribas</strong></span> <span class='ocrx_word' id='word_1_52' title='bbox 533 880 601 902; x_wconf 90' lang='lat' dir='ltr'><strong>non</strong></span> <span class='ocrx_word' id='word_1_53' title='bbox 624 869 833 903; x_wconf 79' lang='lat' dir='ltr'><strong>intellexisse</strong></span> <span class='ocrx_word' id='word_1_54' title='bbox 856 869 1002 914; x_wconf 82' lang='lat' dir='ltr'><strong>genitivi</strong></span> <span class='ocrx_word' id='word_1_55' title='bbox 1026 868 1197 903; x_wconf 87' lang='lat' dir='ltr'><strong>rationem</strong></span> <span class='ocrx_word' id='word_1_56' title='bbox 1213 895 1223 911; x_wconf 93' lang='lat'><strong>,</strong></span> <span class='ocrx_word' id='word_1_57' title='bbox 1254 880 1358 913; x_wconf 88' lang='lat' dir='ltr'><strong>quam</strong></span> <span class='ocrx_word' id='word_1_58' title='bbox 1381 881 1463 903; x_wconf 85' lang='lat' dir='ltr'><strong>enu-</strong></span> 
     </span>
     <span class='ocr_line' id='line_1_9' title="bbox 83 929 1462 976; baseline 0 -11"><span class='ocrx_word' id='word_1_59' title='bbox 83 930 274 965; x_wconf 81' lang='lat' dir='ltr'><strong>cleavimus</strong></span> <span class='ocrx_word' id='word_1_60' title='bbox 301 931 344 964; x_wconf 84' lang='lat' dir='ltr'><strong>ad</strong></span> <span class='ocrx_word' id='word_1_61' title='bbox 366 930 441 963; x_wconf 89' lang='lat' dir='ltr'><strong>Cat.</strong></span> <span class='ocrx_word' id='word_1_62' title='bbox 473 930 538 972; x_wconf 78' lang='grc' dir='ltr'><strong>Π,</strong></span> <span class='ocrx_word' id='word_1_63' title='bbox 563 929 595 963; x_wconf 77' lang='grc'><strong>7.</strong></span> <span class='ocrx_word' id='word_1_64' title='bbox 630 942 664 973; x_wconf 87' lang='lat' dir='ltr'><strong>p.</strong></span> <span class='ocrx_word' id='word_1_65' title='bbox 692 930 775 971; x_wconf 84' lang='lat'><strong>36.;</strong></span> <span class='ocrx_word' id='word_1_66' title='bbox 799 941 880 963; x_wconf 90' lang='lat' dir='ltr'><strong>nam</strong></span> <span class='ocrx_word' id='word_1_67' title='bbox 905 942 976 964; x_wconf 87' lang='lat' dir='ltr'><strong>esse</strong></span> <span class='ocrx_word' id='word_1_68' title='bbox 1003 930 1110 963; x_wconf 76' lang='lat' dir='ltr'><strong>verbo</strong></span> <span class='ocrx_word' id='word_1_69' title='bbox 1145 930 1339 973; x_wconf 84' lang='lat' dir='ltr'><strong>intellecto,</strong></span> <span class='ocrx_word' id='word_1_70' title='bbox 1361 931 1462 976; x_wconf 84' lang='lat' dir='ltr'><strong>geni-</strong></span> 
     </span>
     <span class='ocr_line' id='line_1_10' title="bbox 83 990 1461 1036; baseline -0.001 -11"><span class='ocrx_word' id='word_1_71' title='bbox 83 991 168 1033; x_wconf 75' lang='lat' dir='ltr'><strong>tivi,</strong></span> <span class='ocrx_word' id='word_1_72' title='bbox 197 991 277 1024; x_wconf 91' lang='lat' dir='ltr'><strong>inde</strong></span> <span class='ocrx_word' id='word_1_73' title='bbox 308 991 512 1035; x_wconf 82' lang='lat' dir='ltr'><strong>pendentes,</strong></span> <span class='ocrx_word' id='word_1_74' title='bbox 546 990 708 1024; x_wconf 77' lang='lat' dir='ltr'><strong>adiectivi</strong></span> <span class='ocrx_word' id='word_1_75' title='bbox 739 991 847 1025; x_wconf 85' lang='lat' dir='ltr'><strong>instar</strong></span> <span class='ocrx_word' id='word_1_76' title='bbox 872 991 1068 1025; x_wconf 75' lang='lat' dir='ltr'><strong>referuntur</strong></span> <span class='ocrx_word' id='word_1_77' title='bbox 1091 991 1135 1025; x_wconf 87' lang='lat' dir='ltr'><strong>ad</strong></span> <span class='ocrx_word' id='word_1_78' title='bbox 1158 1004 1268 1036; x_wconf 82' lang='lat' dir='ltr'><strong>quae,</strong></span> <span class='ocrx_word' id='word_1_79' title='bbox 1293 993 1360 1025; x_wconf 86' lang='lat' dir='ltr'><strong>hoc</strong></span> <span class='ocrx_word' id='word_1_80' title='bbox 1384 1003 1461 1025; x_wconf 88' lang='lat' dir='ltr'><strong>sen-</strong></span> 
     </span>
     <span class='ocr_line' id='line_1_11' title="bbox 81 1051 1461 1100; baseline 0 -14"><span class='ocrx_word' id='word_1_81' title='bbox 81 1064 142 1087; x_wconf 89' lang='lat' dir='ltr'><strong>su:</strong></span> <span class='ocrx_word' id='word_1_82' title='bbox 179 1063 270 1096; x_wconf 87' lang='lat' dir='ltr'><strong>quae</strong></span> <span class='ocrx_word' id='word_1_83' title='bbox 299 1056 482 1100; x_wconf 69' lang='lat' dir='ltr'><strong>postquam</strong></span> <span class='ocrx_word' id='word_1_84' title='bbox 513 1051 679 1096; x_wconf 81' lang='lat' dir='ltr'><strong>cognovit</strong></span> <span class='ocrx_word' id='word_1_85' title='bbox 711 1063 778 1086; x_wconf 91' lang='lat' dir='ltr'><strong>non</strong></span> <span class='ocrx_word' id='word_1_86' title='bbox 802 1053 968 1086; x_wconf 83' lang='lat' dir='ltr'><strong>eiusmodi</strong></span> <span class='ocrx_word' id='word_1_87' title='bbox 993 1063 1083 1091; x_wconf 84' lang='lat' dir='ltr'><strong>esse,</strong></span> <span class='ocrx_word' id='word_1_88' title='bbox 1113 1057 1153 1086; x_wconf 86' lang='lat' dir='ltr'><strong>ut</strong></span> <span class='ocrx_word' id='word_1_89' title='bbox 1186 1052 1229 1086; x_wconf 88' lang='lat' dir='ltr'><strong>ad</strong></span> <span class='ocrx_word' id='word_1_90' title='bbox 1254 1052 1461 1096; x_wconf 85' lang='lat' dir='ltr'><strong>patrandum</strong></span> 
     </span>
     <span class='ocr_line' id='line_1_12' title="bbox 80 1112 1462 1158; baseline 0.001 -12"><span class='ocrx_word' id='word_1_91' title='bbox 80 1113 215 1147; x_wconf 85' lang='lat' dir='ltr'><strong>bellum</strong></span> <span class='ocrx_word' id='word_1_92' title='bbox 242 1114 468 1158; x_wconf 84' lang='lat' dir='ltr'><strong>pertinerent.</strong></span> <span class='ocrx_word' id='word_1_93' title='bbox 505 1113 553 1145; x_wconf 83' lang='lat' dir='ltr'><strong>cf.</strong></span> <span class='ocrx_word' id='word_1_94' title='bbox 584 1112 661 1149; x_wconf 81' lang='lat' dir='ltr'><strong>Liv.</strong></span> <span class='ocrx_word' id='word_1_95' title='bbox 695 1113 776 1154; x_wconf 77' lang='lat' dir='ltr'><strong>XL,</strong></span> <span class='ocrx_word' id='word_1_96' title='bbox 801 1113 865 1156; x_wconf 85' lang='lat'><strong>29,</strong></span> <span class='ocrx_word' id='word_1_97' title='bbox 900 1112 955 1146; x_wconf 92' lang='grc'><strong>11.</strong></span> <span class='ocrx_word' id='word_1_98' title='bbox 1015 1112 1126 1154; x_wconf 78' lang='lat' dir='ltr'><strong>Quum</strong></span> <span class='ocrx_word' id='word_1_99' title='bbox 1160 1114 1462 1148; x_wconf 80' lang='lat' dir='ltr'><strong>animadvertisset</strong></span> 
     </span>
     <span class='ocr_line' id='line_1_13' title="bbox 77 1172 1460 1219; baseline 0 -12"><span class='ocrx_word' id='word_1_100' title='bbox 77 1175 244 1218; x_wconf 78' lang='lat' dir='ltr'><strong>pleraque</strong></span> <span class='ocrx_word' id='word_1_101' title='bbox 276 1174 572 1208; x_wconf 79' lang='lat' dir='ltr'><strong>dissolvendarum</strong></span> <span class='ocrx_word' id='word_1_102' title='bbox 603 1174 812 1219; x_wconf 76' lang='lat' dir='ltr'><strong>religionum</strong></span> <span class='ocrx_word' id='word_1_103' title='bbox 851 1185 932 1207; x_wconf 87' lang='lat' dir='ltr'><strong>esse.</strong></span> <span class='ocrx_word' id='word_1_104' title='bbox 967 1172 1138 1213; x_wconf 80' lang='lat' dir='ltr'>XXXIX,</span> <span class='ocrx_word' id='word_1_105' title='bbox 1160 1172 1215 1215; x_wconf 86' lang='lat'><strong>16,</strong></span> <span class='ocrx_word' id='word_1_106' title='bbox 1241 1174 1274 1208; x_wconf 86' lang='lat'><strong>9.</strong></span> <span class='ocrx_word' id='word_1_107' title='bbox 1320 1175 1460 1207; x_wconf 76' lang='lat' dir='ltr'><strong>Iudica-</strong></span> 
     </span>
     <span class='ocr_line' id='line_1_14' title="bbox 80 1234 1461 1279; baseline -0.001 -11"><span class='ocrx_word' id='word_1_108' title='bbox 80 1235 164 1269; x_wconf 80' lang='lat' dir='ltr'><strong>bunt</strong></span> <span class='ocrx_word' id='word_1_109' title='bbox 202 1235 293 1268; x_wconf 84' lang='lat' dir='ltr'><strong>nihil</strong></span> <span class='ocrx_word' id='word_1_110' title='bbox 331 1246 439 1279; x_wconf 81' lang='lat' dir='ltr'><strong>aeque</strong></span> <span class='ocrx_word' id='word_1_111' title='bbox 474 1235 708 1268; x_wconf 82' lang='lat' dir='ltr'><strong>dissolvendae</strong></span> <span class='ocrx_word' id='word_1_112' title='bbox 743 1235 923 1279; x_wconf 81' lang='lat' dir='ltr'><strong>religionis</strong></span> <span class='ocrx_word' id='word_1_113' title='bbox 956 1244 1037 1267; x_wconf 88' lang='lat' dir='ltr'><strong>esse.</strong></span> <span class='ocrx_word' id='word_1_114' title='bbox 1061 1242 1065 1245; x_wconf 66' lang='grc'><strong>“</strong></span> <span class='ocrx_word' id='word_1_115' title='bbox 1086 1234 1273 1267; x_wconf 85' lang='lat' dir='ltr'><strong>Praeterea</strong></span> <span class='ocrx_word' id='word_1_116' title='bbox 1304 1234 1461 1267; x_wconf 86' lang='lat' dir='ltr'><strong>Draken-</strong></span> 
     </span>
     <span class='ocr_line' id='line_1_15' title="bbox 77 1294 1460 1339; baseline 0 -11"><span class='ocrx_word' id='word_1_117' title='bbox 77 1295 200 1329; x_wconf 82' lang='lat' dir='ltr'><strong>borch.</strong></span> <span class='ocrx_word' id='word_1_118' title='bbox 225 1295 269 1328; x_wconf 84' lang='lat' dir='ltr'><strong>ad</strong></span> <span class='ocrx_word' id='word_1_119' title='bbox 293 1295 334 1338; x_wconf 74' lang='lat' dir='ltr'><strong>V,</strong></span> <span class='ocrx_word' id='word_1_120' title='bbox 359 1295 393 1336; x_wconf 79' lang='lat'><strong>3,</strong></span> <span class='ocrx_word' id='word_1_121' title='bbox 418 1295 450 1329; x_wconf 60' lang='lat'><strong>5,</strong></span> <span class='ocrx_word' id='word_1_122' title='bbox 493 1295 711 1339; x_wconf 71' lang='lat' dir='ltr'><strong>comparavit</strong></span> <span class='ocrx_word' id='word_1_123' title='bbox 745 1306 786 1328; x_wconf 83' lang='lat' dir='ltr'><strong>ex</strong></span> <span class='ocrx_word' id='word_1_124' title='bbox 814 1294 935 1328; x_wconf 86' lang='lat' dir='ltr'><strong>eodem</strong></span> <span class='ocrx_word' id='word_1_125' title='bbox 959 1295 1067 1328; x_wconf 87' lang='lat' dir='ltr'><strong>haec:</strong></span> <span class='ocrx_word' id='word_1_126' title='bbox 1090 1294 1149 1334; x_wconf 88' lang='lat' dir='ltr'><strong>III,</strong></span> <span class='ocrx_word' id='word_1_127' title='bbox 1177 1294 1234 1337; x_wconf 63' lang='lat'><strong>24,</strong></span> <span class='ocrx_word' id='word_1_128' title='bbox 1261 1294 1292 1328; x_wconf 92' lang='grc'><strong>1.</strong></span> <span class='ocrx_word' id='word_1_129' title='bbox 1317 1295 1375 1336; x_wconf 91' lang='grc'><strong>111,</strong></span> <span class='ocrx_word' id='word_1_130' title='bbox 1402 1294 1460 1338; x_wconf 81' lang='lat'><strong>31,</strong></span> 
     </span>
     <span class='ocr_line' id='line_1_16' title="bbox 76 1354 1460 1400; baseline -0.001 -10"><span class='ocrx_word' id='word_1_131' title='bbox 76 1355 111 1390; x_wconf 74' lang='lat'><strong>7.</strong></span> <span class='ocrx_word' id='word_1_132' title='bbox 134 1356 256 1399; x_wconf 81' lang='lat' dir='ltr'><strong>XXX,</strong></span> <span class='ocrx_word' id='word_1_133' title='bbox 277 1355 314 1397; x_wconf 88' lang='lat'><strong>9,</strong></span> <span class='ocrx_word' id='word_1_134' title='bbox 344 1357 378 1391; x_wconf 72' lang='lat'><strong>4.</strong></span> <span class='ocrx_word' id='word_1_135' title='bbox 410 1357 570 1400; x_wconf 73' lang='lat' dir='ltr'>XXXIV,</span> <span class='ocrx_word' id='word_1_136' title='bbox 604 1355 672 1397; x_wconf 67' lang='lat'><strong>51,</strong></span> <span class='ocrx_word' id='word_1_137' title='bbox 707 1355 740 1389; x_wconf 88' lang='lat'><strong>5.</strong></span> <span class='ocrx_word' id='word_1_138' title='bbox 786 1356 909 1390; x_wconf 79' lang='lat' dir='ltr'><strong>Altera</strong></span> <span class='ocrx_word' id='word_1_139' title='bbox 940 1354 1195 1399; x_wconf 83' lang='lat' dir='ltr'><strong>depravationis</strong></span> <span class='ocrx_word' id='word_1_140' title='bbox 1225 1366 1348 1394; x_wconf 79' lang='lat' dir='ltr'><strong>caussa</strong></span> <span class='ocrx_word' id='word_1_141' title='bbox 1370 1355 1460 1389; x_wconf 89' lang='lat' dir='ltr'><strong>haec</strong></span> 
     </span>
     <span class='ocr_line' id='line_1_17' title="bbox 76 1415 1458 1461; baseline -0.001 -12"><span class='ocrx_word' id='word_1_142' title='bbox 76 1415 163 1458; x_wconf 84' lang='lat' dir='ltr'><strong>fuit,</strong></span> <span class='ocrx_word' id='word_1_143' title='bbox 193 1417 286 1460; x_wconf 87' lang='lat' dir='ltr'><strong>quod</strong></span> <span class='ocrx_word' id='word_1_144' title='bbox 318 1417 453 1451; x_wconf 80' lang='lat' dir='ltr'><strong>librarii</strong></span> <span class='ocrx_word' id='word_1_145' title='bbox 486 1429 554 1451; x_wconf 89' lang='lat' dir='ltr'><strong>non</strong></span> <span class='ocrx_word' id='word_1_146' title='bbox 588 1416 736 1451; x_wconf 85' lang='lat' dir='ltr'><strong>assecuti</strong></span> <span class='ocrx_word' id='word_1_147' title='bbox 765 1421 868 1458; x_wconf 85' lang='lat' dir='ltr'><strong>sunt,</strong></span> <span class='ocrx_word' id='word_1_148' title='bbox 899 1416 1055 1461; x_wconf 82' lang='lat' dir='ltr'><strong>gloriosa</strong></span> <span class='ocrx_word' id='word_1_149' title='bbox 1087 1415 1220 1459; x_wconf 86' lang='lat' dir='ltr'><strong>pariter</strong></span> <span class='ocrx_word' id='word_1_150' title='bbox 1252 1420 1355 1458; x_wconf 88' lang='lat' dir='ltr'><strong>atque</strong></span> <span class='ocrx_word' id='word_1_151' title='bbox 1378 1416 1458 1449; x_wconf 84' lang='lat' dir='ltr'><strong>belli</strong></span> 
     </span>
     <span class='ocr_line' id='line_1_18' title="bbox 73 1475 1458 1523; baseline -0.001 -14"><span class='ocrx_word' id='word_1_152' title='bbox 73 1477 245 1520; x_wconf 83' lang='lat' dir='ltr'><strong>patrandi</strong></span> <span class='ocrx_word' id='word_1_153' title='bbox 267 1488 309 1510; x_wconf 83' lang='lat' dir='ltr'><strong>ex</strong></span> <span class='ocrx_word' id='word_1_154' title='bbox 333 1479 493 1523; x_wconf 85' lang='lat' dir='ltr'><strong>cognovit</strong></span> <span class='ocrx_word' id='word_1_155' title='bbox 515 1478 684 1522; x_wconf 87' lang='lat' dir='ltr'><strong>pendere,</strong></span> <span class='ocrx_word' id='word_1_156' title='bbox 709 1488 752 1511; x_wconf 89' lang='lat' dir='ltr'><strong>ac</strong></span> <span class='ocrx_word' id='word_1_157' title='bbox 773 1476 960 1522; x_wconf 82' lang='lat' dir='ltr'><strong>genitivis,</strong></span> <span class='ocrx_word' id='word_1_158' title='bbox 992 1476 1066 1509; x_wconf 81' lang='lat' dir='ltr'><strong>vim</strong></span> <span class='ocrx_word' id='word_1_159' title='bbox 1098 1475 1260 1510; x_wconf 83' lang='lat' dir='ltr'><strong>adiectivi</strong></span> <span class='ocrx_word' id='word_1_160' title='bbox 1289 1476 1458 1509; x_wconf 86' lang='lat' dir='ltr'><strong>sustinen-</strong></span> 
     </span>
     <span class='ocr_line' id='line_1_19' title="bbox 76 1535 1459 1583; baseline -0.001 -12"><span class='ocrx_word' id='word_1_161' title='bbox 76 1537 190 1579; x_wconf 86' lang='lat' dir='ltr'><strong>tibus,</strong></span> <span class='ocrx_word' id='word_1_162' title='bbox 219 1537 411 1581; x_wconf 77' lang='lat' dir='ltr'><strong>praedicati</strong></span> <span class='ocrx_word' id='word_1_163' title='bbox 438 1542 593 1583; x_wconf 87' lang='lat' dir='ltr'><strong>formam</strong></span> <span class='ocrx_word' id='word_1_164' title='bbox 626 1542 783 1579; x_wconf 90' lang='lat' dir='ltr'><strong>tantum,</strong></span> <span class='ocrx_word' id='word_1_165' title='bbox 818 1549 887 1572; x_wconf 92' lang='lat' dir='ltr'><strong>non</strong></span> <span class='ocrx_word' id='word_1_166' title='bbox 909 1538 1079 1572; x_wconf 84' lang='lat' dir='ltr'><strong>rationem</strong></span> <span class='ocrx_word' id='word_1_167' title='bbox 1103 1535 1257 1577; x_wconf 85' lang='lat' dir='ltr'><strong>mutari3</strong></span> <span class='ocrx_word' id='word_1_168' title='bbox 1280 1546 1314 1569; x_wconf 82' lang='lat' dir='ltr'><strong>v.</strong></span> <span class='ocrx_word' id='word_1_169' title='bbox 1337 1540 1459 1570; x_wconf 84' lang='lat' dir='ltr'><strong>notata</strong></span> 
     </span>
     <span class='ocr_line' id='line_1_20' title="bbox 76 1597 1459 1642; baseline 0 -12"><span class='ocrx_word' id='word_1_170' title='bbox 76 1598 120 1631; x_wconf 90' lang='lat' dir='ltr'><strong>ad</strong></span> <span class='ocrx_word' id='word_1_171' title='bbox 145 1608 174 1630; x_wconf 89' lang='lat' dir='ltr'><strong>c.</strong></span> <span class='ocrx_word' id='word_1_172' title='bbox 198 1597 307 1639; x_wconf 87' lang='lat' dir='ltr'><strong>LXX,</strong></span> <span class='ocrx_word' id='word_1_173' title='bbox 330 1598 364 1633; x_wconf 85' lang='lat'><strong>2.</strong></span> <span class='ocrx_word' id='word_1_174' title='bbox 390 1601 470 1634; x_wconf 88' lang='lat' dir='ltr'><strong>coll.</strong></span> <span class='ocrx_word' id='word_1_175' title='bbox 505 1600 624 1634; x_wconf 88' lang='lat' dir='ltr'><strong>Cortio</strong></span> <span class='ocrx_word' id='word_1_176' title='bbox 654 1598 697 1632; x_wconf 87' lang='lat' dir='ltr'><strong>ad</strong></span> <span class='ocrx_word' id='word_1_177' title='bbox 732 1610 763 1631; x_wconf 92' lang='lat' dir='ltr'><strong>c.</strong></span> <span class='ocrx_word' id='word_1_178' title='bbox 788 1598 882 1640; x_wconf 86' lang='lat' dir='ltr'>CIII,</span> <span class='ocrx_word' id='word_1_179' title='bbox 909 1597 943 1631; x_wconf 78' lang='lat'><strong>7.</strong></span> <span class='ocrx_word' id='word_1_180' title='bbox 992 1598 1044 1633; x_wconf 74' lang='lat' dir='ltr'><strong>Ne</strong></span> <span class='ocrx_word' id='word_1_181' title='bbox 1075 1598 1184 1642; x_wconf 81' lang='lat' dir='ltr'><strong>igitur</strong></span> <span class='ocrx_word' id='word_1_182' title='bbox 1208 1597 1364 1642; x_wconf 83' lang='lat' dir='ltr'><strong>gloriosa</strong></span> <span class='ocrx_word' id='word_1_183' title='bbox 1385 1597 1459 1631; x_wconf 91' lang='lat' dir='ltr'><strong>sine</strong></span> 
     </span>
     <span class='ocr_line' id='line_1_21' title="bbox 74 1658 1457 1705; baseline 0 -14"><span class='ocrx_word' id='word_1_184' title='bbox 74 1658 183 1692; x_wconf 82' lang='lat' dir='ltr'><strong>verbo</strong></span> <span class='ocrx_word' id='word_1_185' title='bbox 207 1663 317 1700; x_wconf 86' lang='lat' dir='ltr'><strong>esset,</strong></span> <span class='ocrx_word' id='word_1_186' title='bbox 352 1660 475 1705; x_wconf 83' lang='lat' dir='ltr'><strong>pingui</strong></span> <span class='ocrx_word' id='word_1_187' title='bbox 499 1660 661 1694; x_wconf 84' lang='lat' dir='ltr'><strong>Minerva</strong></span> <span class='ocrx_word' id='word_1_188' title='bbox 695 1658 886 1693; x_wconf 86' lang='lat' dir='ltr'><strong>intulerunt</strong></span> <span class='ocrx_word' id='word_1_189' title='bbox 905 1660 1007 1701; x_wconf 84' lang='lat' dir='ltr'><strong>facta</strong></span> <span class='ocrx_word' id='word_1_190' title='bbox 1029 1663 1128 1700; x_wconf 84' lang='lat' dir='ltr'><strong>sunt,</strong></span> <span class='ocrx_word' id='word_1_191' title='bbox 1151 1669 1241 1702; x_wconf 79' lang='lat' dir='ltr'><strong>quae</strong></span> <span class='ocrx_word' id='word_1_192' title='bbox 1264 1658 1457 1702; x_wconf 89' lang='lat' dir='ltr'><strong>interpola-</strong></span> 
     </span>
     <span class='ocr_line' id='line_1_22' title="bbox 74 1715 1458 1762; baseline 0.001 -10"><span class='ocrx_word' id='word_1_193' title='bbox 74 1718 185 1753; x_wconf 82' lang='lat' dir='ltr'><strong>tiones</strong></span> <span class='ocrx_word' id='word_1_194' title='bbox 222 1719 341 1753; x_wconf 88' lang='lat' dir='ltr'><strong>multis</strong></span> <span class='ocrx_word' id='word_1_195' title='bbox 367 1719 504 1762; x_wconf 85' lang='lat' dir='ltr'><strong>modis,</strong></span> <span class='ocrx_word' id='word_1_196' title='bbox 542 1715 581 1755; x_wconf 86' lang='lat' dir='ltr'><strong>ut</strong></span> <span class='ocrx_word' id='word_1_197' title='bbox 615 1720 791 1760; x_wconf 80' lang='lat' dir='ltr'><strong>diximus,</strong></span> <span class='ocrx_word' id='word_1_198' title='bbox 824 1719 992 1753; x_wconf 82' lang='lat' dir='ltr'><strong>confusae</strong></span> <span class='ocrx_word' id='word_1_199' title='bbox 1024 1722 1114 1752; x_wconf 88' lang='lat' dir='ltr'><strong>sunt.</strong></span> <span class='ocrx_word' id='word_1_200' title='bbox 1138 1739 1182 1745; x_wconf 92' lang='lat'><strong>—-</strong></span> <span class='ocrx_word' id='word_1_201' title='bbox 1227 1720 1301 1753; x_wconf 75' lang='lat' dir='ltr'><strong>Viri</strong></span> <span class='ocrx_word' id='word_1_202' title='bbox 1333 1719 1369 1753; x_wconf 93' lang='lat' dir='ltr'><strong>in</strong></span> <span class='ocrx_word' id='word_1_203' title='bbox 1393 1719 1458 1753; x_wconf 84' lang='lat' dir='ltr'><strong>tali</strong></span> 
     </span>
    </p>
   </div>
   <div class='ocr_carea' id='block_1_5' title="bbox 0 1779 1458 1823">
    <p class='ocr_par' dir='ltr' id='par_1_5' title="bbox 0 1779 1458 1823">
     <span class='ocr_line' id='line_1_23' title="bbox 0 1779 1458 1823; baseline -0.001 -9"><span class='ocrx_word' id='word_1_204' title='bbox 0 1816 12 1820; x_wconf 66' lang='lat'><strong>,</strong></span> <span class='ocrx_word' id='word_1_205' title='bbox 73 1791 183 1823; x_wconf 84' lang='lat' dir='ltr'><strong>nexu,</strong></span> <span class='ocrx_word' id='word_1_206' title='bbox 208 1781 361 1815; x_wconf 81' lang='lat' dir='ltr'><strong>maxime</strong></span> <span class='ocrx_word' id='word_1_207' title='bbox 384 1781 446 1814; x_wconf 87' lang='lat' dir='ltr'><strong>ubi</strong></span> <span class='ocrx_word' id='word_1_208' title='bbox 470 1792 571 1814; x_wconf 88' lang='lat' dir='ltr'><strong>arma</strong></span> <span class='ocrx_word' id='word_1_209' title='bbox 602 1781 707 1814; x_wconf 87' lang='lat' dir='ltr'><strong>simul</strong></span> <span class='ocrx_word' id='word_1_210' title='bbox 730 1784 986 1821; x_wconf 85' lang='lat' dir='ltr'><strong>memorantur,</strong></span> <span class='ocrx_word' id='word_1_211' title='bbox 1018 1779 1236 1823; x_wconf 86' lang='lat' dir='ltr'><strong>intelligendi</strong></span> <span class='ocrx_word' id='word_1_212' title='bbox 1258 1783 1338 1815; x_wconf 70' lang='lat' dir='ltr'><strong>nunt</strong></span> <span class='ocrx_word' id='word_1_213' title='bbox 1356 1790 1458 1823; x_wconf 87' lang='lat' dir='ltr'><strong>prae-</strong></span> 
     </span>
    </p>
   </div>
   <div class='ocr_carea' id='block_1_6' title="bbox 67 1838 1456 2368">
    <p class='ocr_par' dir='ltr' id='par_1_6' title="bbox 67 1838 1456 2368">
     <span class='ocr_line' id='line_1_24' title="bbox 73 1838 1454 1887; baseline -0.001 -13"><span class='ocrx_word' id='word_1_214' title='bbox 73 1841 194 1886; x_wconf 82' lang='lat' dir='ltr'><strong>gnanti</strong></span> <span class='ocrx_word' id='word_1_215' title='bbox 217 1853 330 1876; x_wconf 39' lang='lat' dir='ltr'><strong>*sensu</strong></span> <span class='ocrx_word' id='word_1_216' title='bbox 363 1843 430 1876; x_wconf 83' lang='lat' dir='ltr'><strong>viri</strong></span> <span class='ocrx_word' id='word_1_217' title='bbox 461 1848 572 1876; x_wconf 71' lang='lat' dir='ltr'><strong>arma&#39;</strong></span> <span class='ocrx_word' id='word_1_218' title='bbox 588 1847 750 1887; x_wconf 82' lang='lat' dir='ltr'><strong>gerentes</strong></span> <span class='ocrx_word' id='word_1_219' title='bbox 780 1846 815 1875; x_wconf 90' lang='lat' dir='ltr'><strong>et</strong></span> <span class='ocrx_word' id='word_1_220' title='bbox 848 1842 895 1874; x_wconf 80' lang='lat' dir='ltr'><strong>ad</strong></span> <span class='ocrx_word' id='word_1_221' title='bbox 930 1841 1053 1874; x_wconf 80' lang='lat' dir='ltr'><strong>bellum</strong></span> <span class='ocrx_word' id='word_1_222' title='bbox 1082 1840 1180 1884; x_wconf 81' lang='lat' dir='ltr'><strong>apti3</strong></span> <span class='ocrx_word' id='word_1_223' title='bbox 1211 1840 1258 1874; x_wconf 79' lang='lat' dir='ltr'><strong>cf.</strong></span> <span class='ocrx_word' id='word_1_224' title='bbox 1294 1840 1396 1880; x_wconf 69' lang='lat' dir='ltr'><strong>XVI,</strong></span> <span class='ocrx_word' id='word_1_225' title='bbox 1419 1838 1454 1873; x_wconf 81' lang='lat'><strong>5.</strong></span> 
     </span>
     <span class='ocr_line' id='line_1_25' title="bbox 73 1898 1456 1944; baseline -0.003 -8"><span class='ocrx_word' id='word_1_226' title='bbox 73 1902 176 1944; x_wconf 71' lang='lat' dir='ltr'><strong>nvn,</strong></span> <span class='ocrx_word' id='word_1_227' title='bbox 197 1903 230 1936; x_wconf 90' lang='lat'><strong>1.</strong></span> <span class='ocrx_word' id='word_1_228' title='bbox 255 1902 362 1943; x_wconf 82' lang='lat' dir='ltr'>LXII,</span> <span class='ocrx_word' id='word_1_229' title='bbox 386 1901 420 1936; x_wconf 83' lang='grc'><strong>8.</strong></span> <span class='ocrx_word' id='word_1_230' title='bbox 444 1902 651 1943; x_wconf 70' lang='lat' dir='ltr'><strong>LXXXVII,</strong></span> <span class='ocrx_word' id='word_1_231' title='bbox 673 1902 706 1936; x_wconf 89' lang='grc'><strong>1.</strong></span> <span class='ocrx_word' id='word_1_232' title='bbox 731 1902 838 1943; x_wconf 85' lang='lat' dir='ltr'>XCII,</span> <span class='ocrx_word' id='word_1_233' title='bbox 862 1901 895 1936; x_wconf 80' lang='lat'><strong>7.</strong></span> <span class='ocrx_word' id='word_1_234' title='bbox 913 1919 959 1925; x_wconf 91' lang='lat'>—</span> <span class='ocrx_word' id='word_1_235' title='bbox 979 1900 1066 1933; x_wconf 89' lang='lat' dir='ltr'><strong>Loco</strong></span> <span class='ocrx_word' id='word_1_236' title='bbox 1090 1900 1116 1933; x_wconf 89' lang='lat' dir='ltr'><strong>i.</strong></span> <span class='ocrx_word' id='word_1_237' title='bbox 1137 1911 1166 1934; x_wconf 90' lang='lat' dir='ltr'><strong>e.</strong></span> <span class='ocrx_word' id='word_1_238' title='bbox 1190 1898 1342 1932; x_wconf 76' lang='lat' dir='ltr'><strong>naturali</strong></span> <span class='ocrx_word' id='word_1_239' title='bbox 1363 1898 1456 1939; x_wconf 80' lang='lat' dir='ltr'><strong>situ3</strong></span> 
     </span>
     <span class='ocr_line' id='line_1_26' title="bbox 73 1958 1456 2004; baseline -0.001 -10"><span class='ocrx_word' id='word_1_240' title='bbox 73 1972 105 1994; x_wconf 86' lang='lat' dir='ltr'><strong>v.</strong></span> <span class='ocrx_word' id='word_1_241' title='bbox 129 1961 173 1995; x_wconf 84' lang='lat' dir='ltr'><strong>ad</strong></span> <span class='ocrx_word' id='word_1_242' title='bbox 205 1973 236 1994; x_wconf 92' lang='lat' dir='ltr'><strong>c.</strong></span> <span class='ocrx_word' id='word_1_243' title='bbox 260 1962 364 2001; x_wconf 72' lang='lat' dir='ltr'><strong>nvn,</strong></span> <span class='ocrx_word' id='word_1_244' title='bbox 388 1961 420 1994; x_wconf 87' lang='lat'><strong>1.</strong></span> <span class='ocrx_word' id='word_1_245' title='bbox 450 1981 485 1985; x_wconf 98' lang='lat'><strong>—</strong></span> <span class='ocrx_word' id='word_1_246' title='bbox 525 1962 853 2004; x_wconf 73' lang='lat' dir='ltr'><strong>opportunissumae</strong></span> <span class='ocrx_word' id='word_1_247' title='bbox 886 1971 955 1993; x_wconf 92' lang='lat' dir='ltr'><strong>non</strong></span> <span class='ocrx_word' id='word_1_248' title='bbox 990 1963 1042 1993; x_wconf 88' lang='lat' dir='ltr'><strong>est</strong></span> <span class='ocrx_word' id='word_1_249' title='bbox 1075 1959 1221 1992; x_wconf 89' lang='lat' dir='ltr'><strong>dubium</strong></span> <span class='ocrx_word' id='word_1_250' title='bbox 1244 1958 1328 2002; x_wconf 89' lang='lat' dir='ltr'><strong>quin</strong></span> <span class='ocrx_word' id='word_1_251' title='bbox 1354 1963 1389 1992; x_wconf 88' lang='lat' dir='ltr'><strong>et</strong></span> <span class='ocrx_word' id='word_1_252' title='bbox 1410 1958 1456 1996; x_wconf 82' lang='lat' dir='ltr'><strong>ad</strong></span> 
     </span>
     <span class='ocr_line' id='line_1_27' title="bbox 71 2019 1456 2065; baseline -0.001 -11"><span class='ocrx_word' id='word_1_253' title='bbox 71 2032 133 2065; x_wconf 85' lang='lat' dir='ltr'><strong>pro</strong></span> <span class='ocrx_word' id='word_1_254' title='bbox 157 2026 191 2055; x_wconf 86' lang='lat' dir='ltr'><strong>et</strong></span> <span class='ocrx_word' id='word_1_255' title='bbox 214 2021 258 2056; x_wconf 82' lang='lat' dir='ltr'><strong>ad</strong></span> <span class='ocrx_word' id='word_1_256' title='bbox 290 2022 474 2055; x_wconf 81' lang='lat' dir='ltr'><strong>advorsum</strong></span> <span class='ocrx_word' id='word_1_257' title='bbox 499 2021 686 2065; x_wconf 84' lang='lat' dir='ltr'><strong>pertineat,</strong></span> <span class='ocrx_word' id='word_1_258' title='bbox 719 2021 889 2063; x_wconf 84' lang='lat' dir='ltr'><strong>siquidem</strong></span> <span class='ocrx_word' id='word_1_259' title='bbox 913 2019 1027 2052; x_wconf 88' lang='lat' dir='ltr'><strong>omnis</strong></span> <span class='ocrx_word' id='word_1_260' title='bbox 1049 2019 1290 2063; x_wconf 81' lang='lat' dir='ltr'><strong>opportunitas</strong></span> <span class='ocrx_word' id='word_1_261' title='bbox 1308 2019 1349 2053; x_wconf 82' lang='lat' dir='ltr'><strong>in</strong></span> <span class='ocrx_word' id='word_1_262' title='bbox 1372 2031 1456 2053; x_wconf 89' lang='lat' dir='ltr'><strong>con-</strong></span> 
     </span>
     <span class='ocr_line' id='line_1_28' title="bbox 72 2080 1456 2125; baseline -0.001 -9"><span class='ocrx_word' id='word_1_263' title='bbox 72 2081 181 2116; x_wconf 86' lang='lat' dir='ltr'><strong>traria</strong></span> <span class='ocrx_word' id='word_1_264' title='bbox 215 2081 310 2116; x_wconf 85' lang='lat' dir='ltr'><strong>trahi</strong></span> <span class='ocrx_word' id='word_1_265' title='bbox 341 2085 464 2125; x_wconf 89' lang='lat' dir='ltr'><strong>potest.</strong></span> <span class='ocrx_word' id='word_1_266' title='bbox 511 2081 706 2115; x_wconf 73' lang='lat' dir='ltr'><strong>Inconsulto</strong></span> <span class='ocrx_word' id='word_1_267' title='bbox 739 2086 856 2115; x_wconf 83' lang='lat' dir='ltr'><strong>autern</strong></span> <span class='ocrx_word' id='word_1_268' title='bbox 894 2081 1065 2113; x_wconf 85' lang='lat' dir='ltr'><strong>Gruterus</strong></span> <span class='ocrx_word' id='word_1_269' title='bbox 1096 2090 1137 2114; x_wconf 88' lang='lat' dir='ltr'><strong>ac</strong></span> <span class='ocrx_word' id='word_1_270' title='bbox 1173 2080 1331 2114; x_wconf 60' lang='lat' dir='ltr'><strong>IVassius</strong></span> <span class='ocrx_word' id='word_1_271' title='bbox 1365 2081 1456 2114; x_wconf 89' lang='lat' dir='ltr'><strong>hanc</strong></span> 
     </span>
     <span class='ocr_line' id='line_1_29' title="bbox 76 2133 1456 2186; baseline 0.001 -12"><span class='ocrx_word' id='word_1_272' title='bbox 76 2153 195 2176; x_wconf 87' lang='lat' dir='ltr'><strong>vocem</strong></span> <span class='ocrx_word' id='word_1_273' title='bbox 220 2133 416 2186; x_wconf 83' lang='lat' dir='ltr'><strong>suspectam</strong></span> <span class='ocrx_word' id='word_1_274' title='bbox 440 2141 589 2183; x_wconf 87' lang='lat' dir='ltr'><strong>habent,</strong></span> <span class='ocrx_word' id='word_1_275' title='bbox 622 2141 704 2185; x_wconf 90' lang='lat' dir='ltr'><strong>quia</strong></span> <span class='ocrx_word' id='word_1_276' title='bbox 727 2152 800 2175; x_wconf 87' lang='lat' dir='ltr'><strong>esse</strong></span> <span class='ocrx_word' id='word_1_277' title='bbox 820 2153 884 2185; x_wconf 86' lang='lat' dir='ltr'><strong>pro</strong></span> <span class='ocrx_word' id='word_1_278' title='bbox 909 2142 1024 2184; x_wconf 75' lang='lat' dir='ltr'><strong>aliquo</strong></span> <span class='ocrx_word' id='word_1_279' title='bbox 1052 2140 1125 2174; x_wconf 86' lang='lat' dir='ltr'><strong>iam</strong></span> <span class='ocrx_word' id='word_1_280' title='bbox 1150 2140 1322 2186; x_wconf 85' lang='lat' dir='ltr'><strong>significet</strong></span> <span class='ocrx_word' id='word_1_281' title='bbox 1349 2142 1456 2175; x_wconf 67' lang='lat' dir='ltr'><strong>alicui·</strong></span> 
     </span>
     <span class='ocr_line' id='line_1_30' title="bbox 67 2198 1453 2247; baseline -0.001 -11"><span class='ocrx_word' id='word_1_282' title='bbox 67 2205 192 2246; x_wconf 84' lang='lat' dir='ltr'><strong>favere</strong></span> <span class='ocrx_word' id='word_1_283' title='bbox 222 2198 278 2236; x_wconf 77' lang='lat' dir='ltr'><strong>vel</strong></span> <span class='ocrx_word' id='word_1_284' title='bbox 300 2203 482 2247; x_wconf 84' lang='lat' dir='ltr'><strong>prodesse,</strong></span> <span class='ocrx_word' id='word_1_285' title='bbox 517 2203 614 2236; x_wconf 74' lang='lat' dir='ltr'><strong>velut</strong></span> <span class='ocrx_word' id='word_1_286' title='bbox 644 2213 698 2246; x_wconf 88' lang='lat' dir='ltr'><strong>ap.</strong></span> <span class='ocrx_word' id='word_1_287' title='bbox 724 2203 810 2236; x_wconf 88' lang='lat' dir='ltr'><strong>Tac.</strong></span> <span class='ocrx_word' id='word_1_288' title='bbox 835 2203 928 2236; x_wconf 86' lang='lat' dir='ltr'><strong>Hist.</strong></span> <span class='ocrx_word' id='word_1_289' title='bbox 952 2203 996 2235; x_wconf 75' lang='lat' dir='ltr'><strong>lv</strong></span> <span class='ocrx_word' id='word_1_290' title='bbox 1011 2228 1022 2242; x_wconf 79' lang='grc'><strong>,</strong></span> <span class='ocrx_word' id='word_1_291' title='bbox 1044 2200 1100 2235; x_wconf 72' lang='grc'><strong>78.</strong></span> <span class='ocrx_word' id='word_1_292' title='bbox 1152 2202 1285 2236; x_wconf 85' lang='lat' dir='ltr'><strong>Cuncta</strong></span> <span class='ocrx_word' id='word_1_293' title='bbox 1305 2213 1368 2246; x_wconf 83' lang='lat' dir='ltr'><strong>pro</strong></span> <span class='ocrx_word' id='word_1_294' title='bbox 1391 2202 1453 2236; x_wconf 76' lang='lat' dir='ltr'><strong>ho-</strong></span> 
     </span>
     <span class='ocr_line' id='line_1_31' title="bbox 72 2263 1452 2307; baseline 0 -11"><span class='ocrx_word' id='word_1_295' title='bbox 72 2265 178 2297; x_wconf 79' lang='lat' dir='ltr'><strong>stibus</strong></span> <span class='ocrx_word' id='word_1_296' title='bbox 202 2269 309 2298; x_wconf 83' lang='lat' dir='ltr'><strong>erant.</strong></span> <span class='ocrx_word' id='word_1_297' title='bbox 333 2264 428 2297; x_wconf 90' lang='lat' dir='ltr'><strong>Curt.</strong></span> <span class='ocrx_word' id='word_1_298' title='bbox 452 2265 513 2303; x_wconf 83' lang='lat' dir='ltr'><strong>IX,</strong></span> <span class='ocrx_word' id='word_1_299' title='bbox 534 2263 567 2297; x_wconf 84' lang='lat'><strong>9.</strong></span> <span class='ocrx_word' id='word_1_300' title='bbox 618 2263 684 2297; x_wconf 84' lang='lat' dir='ltr'><strong>Pro</strong></span> <span class='ocrx_word' id='word_1_301' title='bbox 706 2263 875 2307; x_wconf 79' lang='lat' dir='ltr'><strong>equitibus</strong></span> <span class='ocrx_word' id='word_1_302' title='bbox 896 2264 1058 2307; x_wconf 81' lang='lat' dir='ltr'><strong>planities</strong></span> <span class='ocrx_word' id='word_1_303' title='bbox 1085 2267 1173 2296; x_wconf 81' lang='lat' dir='ltr'><strong>erat.</strong></span> <span class='ocrx_word' id='word_1_304' title='bbox 1205 2263 1306 2306; x_wconf 81' lang='lat' dir='ltr'><strong>Quod</strong></span> <span class='ocrx_word' id='word_1_305' title='bbox 1331 2274 1452 2306; x_wconf 87' lang='lat' dir='ltr'><strong>quam-</strong></span> 
     </span>
     <span class='ocr_line' id='line_1_32' title="bbox 72 2322 1452 2368; baseline -0.001 -10"><span class='ocrx_word' id='word_1_306' title='bbox 72 2335 176 2368; x_wconf 90' lang='lat' dir='ltr'><strong>quam</strong></span> <span class='ocrx_word' id='word_1_307' title='bbox 210 2337 333 2358; x_wconf 80' lang='lat' dir='ltr'><strong>verum</strong></span> <span class='ocrx_word' id='word_1_308' title='bbox 360 2328 438 2366; x_wconf 81' lang='lat' dir='ltr'><strong>est,</strong></span> <span class='ocrx_word' id='word_1_309' title='bbox 476 2324 591 2368; x_wconf 79' lang='lat' dir='ltr'><strong>quivis</strong></span> <span class='ocrx_word' id='word_1_310' title='bbox 624 2327 684 2358; x_wconf 71' lang='lat' dir='ltr'><strong>tau</strong></span> <span class='ocrx_word' id='word_1_311' title='bbox 705 2334 739 2356; x_wconf 63' lang='lat' dir='ltr'><strong>*n</strong></span> <span class='ocrx_word' id='word_1_312' title='bbox 773 2323 866 2356; x_wconf 77' lang='lat' dir='ltr'><strong>videt</strong></span> <span class='ocrx_word' id='word_1_313' title='bbox 896 2323 1069 2356; x_wconf 79' lang='lat' dir='ltr'><strong>adiectim</strong></span> <span class='ocrx_word' id='word_1_314' title='bbox 1101 2322 1217 2356; x_wconf 84' lang='lat' dir='ltr'><strong>addito</strong></span> <span class='ocrx_word' id='word_1_315' title='bbox 1240 2334 1316 2356; x_wconf 87' lang='lat' dir='ltr'><strong>rem</strong></span> <span class='ocrx_word' id='word_1_316' title='bbox 1339 2324 1452 2358; x_wconf 72' lang='lat' dir='ltr'><strong>multo</strong></span> 
     </span>
    </p>
   </div>
   <div class='ocr_carea' id='block_1_7' title="bbox 70 2381 1450 2548">
    <p class='ocr_par' dir='ltr' id='par_1_7' title="bbox 70 2381 1450 2548">
     <span class='ocr_line' id='line_1_33' title="bbox 71 2381 1449 2430; baseline -0.002 -11"><span class='ocrx_word' id='word_1_317' title='bbox 71 2381 228 2429; x_wconf 62' lang='lat' dir='ltr'><strong>gravius</strong></span> <span class='ocrx_word' id='word_1_318' title='bbox 247 2385 434 2430; x_wconf 84' lang='lat' dir='ltr'><strong>designari.</strong></span> <span class='ocrx_word' id='word_1_319' title='bbox 467 2405 512 2410; x_wconf 91' lang='lat'><strong>—</strong></span> <span class='ocrx_word' id='word_1_320' title='bbox 547 2384 798 2418; x_wconf 76' lang='lat' dir='ltr'><strong>Circumven.&#39;-e</strong></span> <span class='ocrx_word' id='word_1_321' title='bbox 830 2383 981 2418; x_wconf 68' lang='lat' dir='ltr'><strong>Vl&#39;eisius</strong></span> <span class='ocrx_word' id='word_1_322' title='bbox 1014 2383 1262 2426; x_wconf 77' lang='lat' dir='ltr'><strong>interpretatur</strong></span> <span class='ocrx_word' id='word_1_323' title='bbox 1284 2384 1449 2424; x_wconf 83' lang='lat' dir='ltr'><strong>obs-idere,</strong></span> 
     </span>
     <span class='ocr_line' id='line_1_34' title="bbox 70 2444 1450 2491; baseline 0 -13"><span class='ocrx_word' id='word_1_324' title='bbox 70 2445 250 2479; x_wconf 84' lang='lat' dir='ltr'><strong>obsidione</strong></span> <span class='ocrx_word' id='word_1_325' title='bbox 281 2445 440 2491; x_wconf 83' lang='lat' dir='ltr'><strong>cingere,·</strong></span> <span class='ocrx_word' id='word_1_326' title='bbox 470 2450 506 2479; x_wconf 89' lang='lat' dir='ltr'><strong>et</strong></span> <span class='ocrx_word' id='word_1_327' title='bbox 528 2445 578 2479; x_wconf 85' lang='lat' dir='ltr'><strong>ita</strong></span> <span class='ocrx_word' id='word_1_328' title='bbox 602 2444 731 2488; x_wconf 82' lang='lat' dir='ltr'><strong>legitur</strong></span> <span class='ocrx_word' id='word_1_329' title='bbox 765 2455 793 2478; x_wconf 89' lang='lat' dir='ltr'><strong>c.</strong></span> <span class='ocrx_word' id='word_1_330' title='bbox 819 2444 919 2485; x_wconf 72' lang='lat' dir='ltr'><strong>Lvu,</strong></span> <span class='ocrx_word' id='word_1_331' title='bbox 943 2445 974 2478; x_wconf 79' lang='lat'><strong>2.</strong></span> <span class='ocrx_word' id='word_1_332' title='bbox 1025 2445 1190 2478; x_wconf 73' lang='lat' dir='ltr'><strong>,Metellus</strong></span> <span class='ocrx_word' id='word_1_333' title='bbox 1214 2449 1335 2478; x_wconf 83' lang='lat' dir='ltr'><strong>cuncta</strong></span> <span class='ocrx_word' id='word_1_334' title='bbox 1358 2455 1450 2478; x_wconf 86' lang='lat' dir='ltr'><strong>moe-</strong></span> 
     </span>
     <span class='ocr_line' id='line_1_35' title="bbox 70 2504 1448 2548; baseline -0.001 -10"><span class='ocrx_word' id='word_1_335' title='bbox 70 2506 131 2539; x_wconf 85' lang='lat' dir='ltr'><strong>nia</strong></span> <span class='ocrx_word' id='word_1_336' title='bbox 163 2506 313 2540; x_wconf 71' lang='lat' dir='ltr'><strong>exercitu</strong></span> <span class='ocrx_word' id='word_1_337' title='bbox 343 2506 662 2540; x_wconf 80' lang='lat' dir='ltr'><strong>circumvenit.</strong></span> <span class='ocrx_word' id='word_1_338' title='bbox 694 2504 864 2545; x_wconf 75' lang='lat' dir='ltr'>LXXVI,</span> <span class='ocrx_word' id='word_1_339' title='bbox 896 2505 928 2538; x_wconf 83' lang='lat'><strong>2.</strong></span> <span class='ocrx_word' id='word_1_340' title='bbox 979 2505 1142 2539; x_wconf 72' lang='lat' dir='ltr'><strong>Mwsllus</strong></span> <span class='ocrx_word' id='word_1_341' title='bbox 1166 2505 1256 2537; x_wconf 83' lang='lat' dir='ltr'><strong>vallo</strong></span> <span class='ocrx_word' id='word_1_342' title='bbox 1282 2507 1448 2548; x_wconf 78' lang='lat' dir='ltr'><strong>fossaque</strong></span> 
     </span>
    </p>
   </div>
   <div class='ocr_carea' id='block_1_8' title="bbox 70 2563 1507 2797">
    <p class='ocr_par' dir='ltr' id='par_1_8' title="bbox 70 2563 1507 2797">
     <span class='ocr_line' id='line_1_36' title="bbox 71 2563 1448 2609; baseline -0.002 -9"><span class='ocrx_word' id='word_1_343' title='bbox 71 2568 207 2600; x_wconf 85' lang='lat' dir='ltr'><strong>moenia</strong></span> <span class='ocrx_word' id='word_1_344' title='bbox 239 2567 546 2601; x_wconf 79' lang='lat' dir='ltr'><strong>circumvenit.</strong></span> <span class='ocrx_word' id='word_1_345' title='bbox 595 2565 663 2599; x_wconf 89' lang='lat' dir='ltr'><strong>Sed</strong></span> <span class='ocrx_word' id='word_1_346' title='bbox 694 2577 802 2609; x_wconf 88' lang='lat' dir='ltr'><strong>quum</strong></span> <span class='ocrx_word' id='word_1_347' title='bbox 833 2564 968 2598; x_wconf 76' lang='lat' dir='ltr'><strong>Marius</strong></span> <span class='ocrx_word' id='word_1_348' title='bbox 998 2563 1178 2609; x_wconf 83' lang='lat' dir='ltr'><strong>repentino</strong></span> <span class='ocrx_word' id='word_1_349' title='bbox 1213 2565 1343 2609; x_wconf 88' lang='lat' dir='ltr'><strong>impetu</strong></span> <span class='ocrx_word' id='word_1_350' title='bbox 1373 2575 1448 2598; x_wconf 91' lang='lat' dir='ltr'><strong>rem</strong></span> 
     </span>
     <span class='ocr_line' id='line_1_37' title="bbox 70 2624 1447 2671; baseline -0.002 -11"><span class='ocrx_word' id='word_1_351' title='bbox 70 2637 193 2671; x_wconf 73' lang='lat' dir='ltr'><strong>gerere</strong></span> <span class='ocrx_word' id='word_1_352' title='bbox 215 2627 367 2661; x_wconf 70' lang='lat' dir='ltr'><strong>voluisse</strong></span> <span class='ocrx_word' id='word_1_353' title='bbox 390 2627 568 2668; x_wconf 79' lang='lat' dir='ltr'><strong>videatur,</strong></span> <span class='ocrx_word' id='word_1_354' title='bbox 592 2627 718 2661; x_wconf 86' lang='lat' dir='ltr'><strong>melius</strong></span> <span class='ocrx_word' id='word_1_355' title='bbox 743 2626 826 2668; x_wconf 86' lang='lat' dir='ltr'><strong>erit,</strong></span> <span class='ocrx_word' id='word_1_356' title='bbox 861 2626 1000 2669; x_wconf 87' lang='lat' dir='ltr'><strong>opinor,</strong></span> <span class='ocrx_word' id='word_1_357' title='bbox 1034 2625 1181 2659; x_wconf 70' lang='lat' dir='ltr'><strong>verbum</strong></span> <span class='ocrx_word' id='word_1_358' title='bbox 1204 2637 1244 2659; x_wconf 86' lang='lat' dir='ltr'><strong>eo</strong></span> <span class='ocrx_word' id='word_1_359' title='bbox 1268 2636 1369 2659; x_wconf 89' lang='lat' dir='ltr'><strong>sensu</strong></span> <span class='ocrx_word' id='word_1_360' title='bbox 1394 2624 1447 2658; x_wconf 91' lang='lat' dir='ltr'><strong>in-</strong></span> 
     </span>
     <span class='ocr_line' id='line_1_38' title="bbox 72 2683 1447 2733; baseline -0.002 -14"><span class='ocrx_word' id='word_1_361' title='bbox 72 2686 256 2733; x_wconf 82' lang='lat' dir='ltr'><strong>telligere,</strong></span> <span class='ocrx_word' id='word_1_362' title='bbox 287 2699 356 2731; x_wconf 89' lang='lat' dir='ltr'><strong>quo</strong></span> <span class='ocrx_word' id='word_1_363' title='bbox 386 2689 480 2721; x_wconf 71' lang='lat' dir='ltr'><strong>valet</strong></span> <span class='ocrx_word' id='word_1_364' title='bbox 511 2687 644 2721; x_wconf 86' lang='lat' dir='ltr'><strong>insidiis</strong></span> <span class='ocrx_word' id='word_1_365' title='bbox 676 2686 828 2730; x_wconf 86' lang='lat' dir='ltr'><strong>aliquem</strong></span> <span class='ocrx_word' id='word_1_366' title='bbox 853 2697 895 2720; x_wconf 86' lang='lat' dir='ltr'><strong>ac</strong></span> <span class='ocrx_word' id='word_1_367' title='bbox 918 2685 1139 2721; x_wconf 82' lang='lat' dir='ltr'><strong>fraudulento</strong></span> <span class='ocrx_word' id='word_1_368' title='bbox 1163 2684 1305 2719; x_wconf 82' lang='lat' dir='ltr'><strong>consilio</strong></span> <span class='ocrx_word' id='word_1_369' title='bbox 1332 2683 1447 2728; x_wconf 88' lang='lat' dir='ltr'><strong>oppri-</strong></span> 
     </span>
     <span class='ocr_line' id='line_1_39' title="bbox 72 2743 1507 2797; baseline -0.001 -18"><span class='ocrx_word' id='word_1_370' title='bbox 72 2758 176 2781; x_wconf 86' lang='lat' dir='ltr'><strong>mere.</strong></span> <span class='ocrx_word' id='word_1_371' title='bbox 224 2749 276 2782; x_wconf 88' lang='lat' dir='ltr'><strong>De</strong></span> <span class='ocrx_word' id='word_1_372' title='bbox 297 2749 450 2792; x_wconf 72' lang='lat' dir='ltr'><strong>personis</strong></span> <span class='ocrx_word' id='word_1_373' title='bbox 472 2747 672 2791; x_wconf 84' lang='lat' dir='ltr'><strong>saepissime</strong></span> <span class='ocrx_word' id='word_1_374' title='bbox 699 2747 750 2782; x_wconf 85' lang='lat' dir='ltr'><strong>ita</strong></span> <span class='ocrx_word' id='word_1_375' title='bbox 774 2747 842 2781; x_wconf 81' lang='lat' dir='ltr'><strong>dici</strong></span> <span class='ocrx_word' id='word_1_376' title='bbox 867 2746 1063 2796; x_wconf 68' lang='lat' dir='ltr'><strong>monuimus</strong></span> <span class='ocrx_word' id='word_1_377' title='bbox 1086 2745 1130 2781; x_wconf 83' lang='lat' dir='ltr'><strong>ad</strong></span> <span class='ocrx_word' id='word_1_378' title='bbox 1158 2746 1233 2781; x_wconf 84' lang='lat' dir='ltr'><strong>Cat.</strong></span> <span class='ocrx_word' id='word_1_379' title='bbox 1259 2745 1386 2788; x_wconf 82' lang='lat' dir='ltr'>XXXI,</span> <span class='ocrx_word' id='word_1_380' title='bbox 1410 2743 1444 2778; x_wconf 77' lang='lat'><strong>9.</strong></span> <span class='ocrx_word' id='word_1_381' title='bbox 1494 2786 1507 2797; x_wconf 35' lang='grc' dir='ltr'><em>ι</em></span> 
     </span>
    </p>
   </div>
  </div>
 </body>
</html>
