1630 3034
296 216 639 261 CATILINA.
699 219 836 261 CAP.
865 219 1000 261 XXII.
1021 217 1177 263 xxm.
1353 224 1435 264 111

49 349 232 391 eorum,
270 336 369 393 'qui
414 350 584 395 poenas
631 335 860 382 dederant.
948 337 1090 381 Nobis
1138 353 1192 382 ea
1236 353 1305 382 res
1347 343 1477 397 pro4

48 426 556 486 magnitudine=sparu1n
602 432 838 486 comperta
873 428 950 474 est.

185 517 358 563 xxm.
378 538 388 548 ⁴
422 517 518 562 Sed
551 518 595 562 in
631 535 685 563 ea
720 519 1024 563 coniuratione
1058 520 1144 564 fuit
1178 519 1235 576 Q.
1260 520 1436 575 Curius,

46 613 173 653 natus
210 604 337 653 haud
373 609 565 654 obscuro
599 610 734 668 loco,
769 611 947 672 flagitiis
994 618 1129 671 atque
1164 607 1437 658 facinoribus

46 842 334 892 fakoqopinatus
362 849 548 889 practerea
582 845 730 890 copulae
763 845 836 880 vim
867 846 1022 889 habere,
1055 845 1199 890 eiusque
1228 847 1436 881 sententiam

46 900 268 943 Gerlachius,
292 902 413 936 iudicii
438 902 612 944 incertus.
636 904 672 937 in
697 905 904 939 Commentt.
929 917 962 948 p.
984 904 1041 939 89.
1074 916 1202 949 parum
1233 905 1329 938 abest
1353 903 1437 947 quin

45 958 289 1001 amplectatur.
339 959 409 993 Sed
439 961 544 994 huius
576 962 771 1004 particulae
805 962 1007 1007 geminatae
1039 972 1082 995 ea
1104 966 1255 1005 potestas
1291 967 1364 1001 est,
1396 965 1436 994 ut

44 1016 114 1048 duo
138 1018 314 1051 vocabula
337 1030 405 1051 non
431 1022 500 1052 tam
525 1020 684 1062 copulet,
716 1024 778 1053 aut
806 1021 929 1053 eadem
962 1018 1176 1063 cogitatione
1207 1019 1435 1062 comprehen-

49 1073 121 1114 dat,
146 1085 252 1117 quam
273 1075 433 1120 seiunget
458 1081 492 1110 et
515 1076 658 1109 seorsim
685 1078 844 1118 collocet,
868 1088 936 1120 quo
960 1076 1022 1116 fit,
1046 1080 1084 1109 ut
1107 1080 1292 1119 utrumque
1314 1076 1434 1119 paullo

45 1130 172 1165 maiori
216 1132 254 1165 vi
296 1133 486 1176 efferatur,
530 1146 634 1177 quam
671 1135 700 1167 si
735 1134 887 1178 simplici
926 1133 1052 1176 copula
1087 1133 1332 1166 contineretur.
1377 1133 1432 1165 Cf.

45 1199 76 1221 e.
100 1188 451 1229 xx1‚-3.r720minem
485 1197 518 1224 et
550 1193 767 1234 familiarem
801 1197 834 1225 et
860 1191 1013 1223 omnibus
1036 1191 1341 1224 necessitudinibus
1365 1191 1432 1222 cir-

44 1252 273 1283 cumventum.
321 1247 496 1289 Quoniam
520 1248 630 1292 igitur
661 1261 751 1292 quae
779 1249 840 1283 hic
873 1252 1112 1281 memorantur
1135 1246 1324 1292 opprobria
1355 1246 1435 1280 aliis

44 1309 267 1346 opponuntur
279 1320 293 1345 ‚·
322 1304 447 1338 rectius
478 1306 608 1348 duplici
643 1312 675 1340 ct
707 1306 798 1340 inter
827 1318 869 1340 ea
892 1306 1131 1350 distinguitur.
1178 1306 1280 1339 Patet
1315 1309 1433 1338 autem

45 1361 173 1404 duplex
187 1366 233 1397 ‘et
249 1361 352 1395 idem·
371 1362 476 1405 plane
496 1373 572 1395 esse
595 1364 684 1406 quod
706 1376 774 1396 non
798 1365 907 1397 solum
926 1383 970 1388 --
987 1364 1048 1396 secl
1072 1364 1198 1406 etiam,
1223 1362 1315 1406 quod
1340 1362 1433 1395 Goe—

45 1418 182 1453 renzius
215 1419 350 1453 monuit
392 1420 434 1465 ad
469 1419 600 1453 Aeadd.
633 1420 670 1460 1,
697 1419 740 1461 6,
773 1419 830 1453 23.
867 1422 919 1462 11,
951 1419 1017 1461 35,
1052 1420 1133 1454 113.
1173 1423 1208 1453 et
1244 1420 1290 1453 ad
1327 1419 1429 1452 Finn.

44 1477 104 1518 lv,
122 1474 257 1523 ²8⁹³—ssst
285 1476 360 1510 *Ad
391 1477 538 1510 eandem
571 1488 730 1511 caussam
757 1479 976 1512 revocandus
1008 1482 1058 1512 est
1092 1477 1292 1523 geminatae
1323 1475 1436 1520 parti—

44 1534 250 1570 culam-isus
273 1533 309 1568 in
333 1535 436 1568 rebus
461 1535 645 1568 contrariis
669 1536 932 1579 comparandis,
958 1536 1000 1568 de
1023 1546 1091 1578 quo
1116 1534 1203 1568 dixit
1238 1534 1355 1568 Beier.
1391 1533 1436 1566 ad

43 1591 118 1625 Cic.
143 1591 216 1626 Off.
236 1593 266 1634 Ε
281 1591 316 1635 2,
337 1591 372 1628 4.
391 1603 438 1624 ÷-
470 1593 540 1626 Pro
564 1594 608 1626 ab
633 1593 706 1635 his,
733 1593 942 1627 Gerlachius
976 1604 1018 1627 ex
1053 1597 1131 1626 octo
1162 1592 1261 1626 codd.
1299 1589 1438 1635 scripsit

46 1649 90 1682 ab
116 1650 180 1689 iis;
207 1650 266 1682 sed
289 1651 396 1686 V.=a‹l
425 1650 505 1687 eat.
529 1662 560 1683 c.
581 1651 623 1692 Π,
644 1650 678 1685 4.

70 1716 72 1719 ·
135 1708 263 1741 XXIII.
322 1710 354 1750 g.
378 1708 426 1742 {12
449 1736 452 1741 ,
483 1710 522 1742 in
568 1721 610 1742 ea
652 1707 908 1753 coniuratione]
951 1708 1006 1742 Ita
1045 1707 1176 1752 legitur
1216 1706 1308 1750 apud
1342 1705 1432 1740 Non.

42 1763 101 1805 lv,
122 1763 203 1797 202.
242 1764 336 1798 etin
369 1765 530 1798 omnibus
564 1765 663 1798 codd.
701 1766 853 1809 exceptis
889 1767 1008 1800 Guelf.
1034 1767 1067 1800 5.
1101 1767 1204 1799 Rem.
1227 1765 1261 1798 2.
1297 1767 1333 1797 et
1363 1764 1434 1796 Fa-

41 1821 129 1856 bric.
148 1822 182 1857 2.
208 1822 270 1866 qui
291 1823 425 1856 habent
447 1825 679 1856 conuentione.
725 1824 805 1856 Hoc
836 1823 961 1857 merito
995 1835 1016 1857 a
1047 1824 1187 1866 multis,
1211 1823 1320 1856 etiam
1344 1822 1436 1855 Ger-

42 1879 185 1923 lachio,
209 1886 386 1924 spretum,
412 1892 479 1913 non
503 1881 606 1914 modo
639 1882 722 1925 quia
755 1893 777 1914 a
801 1881 976 1915 codicibus
1000 1893 1127 1925 parum
1158 1880 1433 1920 commendatur,

42 1938 104 1973 sed
126 1938 233 1973 etiam
255 1942 397 1983 propter
418 1951 576 1980 sensnm,
606 1939 668 1982 qui
689 1938 913 1982 neutiquam,
937 1941 1027 1983 quod
1050 1939 1279 1972 Kunhardtus
1302 1937 1434 1977 statuit,

43 1996 137 2031 idem
161 2000 221 2031 est.
277 1997 449 2041 Apertum
481 2000 533 2030 cst
573 1997 665 2029 enim
710 2001 911 2038 auctorem,
945 1997 1119 2030 nonnullis
1150 1996 1358 2037 interiectis,
1389 1995 1432 2029 ad

43 2054 216 2088 maiorem
246 2054 347 2088 illam
380 2054 553 2087 Catilinae
585 2054 876 2096 coniurationem,
913 2055 955 2087 de
979 2065 1048 2097 qua
1080 2066 1117 2087 se
1141 2054 1315 2087 dicturum
1350 2063 1433 2096 pro-

44 2112 154 2145 fessus
177 2115 271 2153 erat,
305 2124 396 2146 nunc
419 2112 552 2152 redire,
592 2112 684 2156 quod
707 2111 854 2144 ostendit
884 2111 990 2144 etiam
1015 2111 1076 2144 sed
1110 2111 1306 2155 particula,
1342 2121 1433 2154 quae

44 2170 242 2204 assumendi
265 2169 338 2202 vim
350 2170 471 2212 habet,
494 2170 592 2213 quasi
618 2169 713 2202 dicas
735 2173 774 2201 ut
799 2169 846 2201 ad
870 2180 939 2200 rem
964 2169 1168 2209 redeamus3
1193 2169 1238 2202 cf.
1259 2169 1432 2201 Goerenz.

45 2228 90 2261 ad
113 2228 226 2272 Legg.
253 2228 298 2270 11,
318 2227 376 2269 23,
396 2227 453 2261 58.
479 2231 514 2261 et
537 2227 581 2261 ad
604 2226 704 2259 Finn.
726 2226 786 2265 lv,
804 2226 861 2268 16,
883 2224 941 2259 45.
980 2225 1109 2259 Sensus
1141 2230 1192 2260 ost
1225 2226 1356 2271 igitur:
1390 2237 1433 2259 ex

44 2285 234 2319 coniuratis
256 2285 341 2328 ipsis
361 2285 522 2319 inventus
554 2288 604 2318 est
626 2283 686 2327 qui
710 2282 880 2316 Catilinae
914 2283 1060 2317 consilia
1084 2284 1270 2329 detegeret.
1318 2282 1434 2327 Igitur

45 2353 114 2377 non
147 2343 293 2376 dubium
326 2348 397 2382 est,
441 2343 525 2387 quin
559 2342 734 2376 conventio
771 2352 793 2374 a
828 2339 950 2374 scribis
984 2340 1164 2374 invectum
1198 2341 1263 2381 sit,
1298 2340 1359 2383 qui
1388 2339 1431 2373 ad

45 2398 235 2433 concilium
259 2410 281 2433 a
304 2399 455 2433 Catilina
489 2399 652 2433 habitum
684 2398 810 2442 respici
845 2402 1033 2441 putarent,
1073 2399 1267 2442 quibusque
1298 2398 1334 2431 in
1357 2408 1431 2431 me-

45 2457 161 2491 moria
183 2457 353 2492 haerebat
375 2469 416 2490 ex
440 2470 470 2491 c.
494 2458 602 2500 xvn,
621 2458 654 2491 2.
681 2469 719 2490 eo
755 2468 1031 2498 convenere,
1063 2467 1105 2490 ex
1140 2468 1170 2489 c.
1199 2457 1278 2498 XX,
1309 2455 1341 2488 1.
1374 2456 1433 2488 ubi

47 2526 105 2548 eos
129 2515 407 2548 convenisse
435 2517 554 2557 videt,
589 2519 689 2548 etex
723 2525 752 2547 c.
782 2515 877 2555 XXI,
907 2513 940 2555 5,
980 2519 1252 2548 conventum
1287 2513 1429 2547 dimisit.

45 2571 150 2606 Irrito
183 2575 300 2606 antem
337 2577 463 2606 conatu
493 2572 632 2606 eortius
664 2571 750 2605 huic
772 2571 1032 2615 interpolationi
1055 2571 1271 2615 praesidium
1295 2571 1434 2615 quaerit

46 2641 89 2664 ex
112 2630 280 2672 Varrone,
304 2630 348 2664 (le
371 2631 411 2666 L.
435 2631 475 2666 L.
491 2631 534 2674 V,
551 2630 585 2666 9.
610 2629 673 2664 ubi
697 2629 789 2664 nihil
811 2634 883 2672 est,
908 2629 1002 2673 quod
1024 2629 1068 2664 ad
1091 2630 1130 2665 h.
1152 2629 1175 2663 l.
1200 2629 1383 2674 pertineat.
