1630 3034
193 186 278 226 498
568 177 613 222 c.
643 177 962 222 SALLUSTI
992 165 1227 221 emspr

160 296 454 358 5Exploratis
498 296 728 353 omnibus,
776 310 893 355 quae
940 278 1067 340 mox·
1092 295 1193 340 usui
1235 294 1336 339 fore
1371 293 1586 347 ducebat,

197 394 360 439 eadem
397 392 676 455 regreditur,
717 408 811 438 non
851 401 1048 447 temere,
1083 391 1146 436 uti
1183 391 1469 451 escenderat,
1505 391 1589 436 sed

154 496 370 536 6tentans
426 491 578 536 omnia
627 497 672 536 et
725 491 1101 552 circumspiciens.
1182 489 1339 548 Itaque
1392 488 1590 533 Marium

195 604 394 651 propere
434 588 550 646 adit,
595 594 696 632 acta
742 588 929 643 edocet,
974 586 1204 642 hortatur,
1248 587 1307 631 ab
1351 602 1404 631 ea
1447 593 1591 647 parte,

197 702 286 746 qua
322 687 419 746 ipse
456 672 746 744 escenderat,
783 685 1015 730 castellum
1049 689 1214 739 tentet,
1248 684 1488 744 pollicetur
1518 699 1591 727 se-

160 790 245 829 7se
281 783 444 829 itineris
479 783 760 844 periculique
797 783 975 829 ducem.
1046 780 1218 825 Marius
1266 797 1369 825 cum
1403 781 1593 841 Ligure,

195 882 417 942 promissa
443 882 534 925 eius
567 881 823 942 cognitum,
872 895 928 925 ex
952 879 1264 940 praesentibus
1300 879 1440 933 misit3
1476 892 1592 936 quo—

199 1015 339 1061 signat‚
364 1014 457 1059 quod
481 1013 620 1048 etiamsi
643 1014 751 1047 verbo
774 1015 889 1056 posset
911 1011 1128 1057 significari,
1150 1016 1267 1046 tamen
1291 1011 1326 1045 in
1350 1011 1415 1046 tali
1437 1010 1595 1052 homine,

197 1077 277 1110 loco
316 1079 351 1111 et
383 1080 542 1119 tempore
575 1075 731 1119 ineptum
765 1077 826 1109 est.
885 1074 1073 1108 Praeterea
1104 1085 1209 1108 nemo
1246 1073 1496 1116 interpretum,
1527 1082 1597 1105 uuo

193 1136 314 1171 Fabro
349 1142 514 1180 excepto,
547 1135 636 1171 vidit
668 1135 829 1170 Sallustii
863 1135 1049 1169 consilium
1083 1146 1178 1176 esse,
1209 1137 1249 1168 ut
1282 1137 1444 1168 accurate
1473 1132 1598 1166 doceat

195 1197 373 1242 quomodo
407 1196 519 1242 Ligus
551 1198 598 1232 ad
630 1198 743 1242 ipsum
767 1198 948 1232 castellum
969 1197 1188 1242 pervenerit,
1224 1206 1247 1229 a
1270 1205 1359 1239 quo,
1382 1203 1598 1238 quamquam

194 1270 303 1303 prope
340 1259 388 1293 ad
417 1270 587 1292 summum
622 1259 749 1292 montis
781 1269 942 1304 egressus
974 1259 1027 1302 (ὃ.
1055 1258 1130 1302 2.),
1154 1258 1278 1292 aberat
1301 1255 1429 1291 adhuc.
1475 1256 1598 1298 Quare

196 1320 306 1354 verba
330 1319 439 1354 ramis
465 1323 500 1354 et
535 1319 630 1354 saxis
664 1320 790 1353 nisus
825 1319 917 1353 nihil
945 1318 1040 1352 aliud
1064 1323 1207 1362 possunt
1230 1316 1455 1362 significare,
1491 1325 1599 1358 quam

196 1393 319 1415 eorum
354 1392 420 1425 ope
444 1380 613 1427 Ligurem
647 1386 819 1416 extremas
857 1381 1082 1414 difficultates
1104 1390 1285 1424 superasse
1309 1383 1343 1412 et
1365 1376 1417 1412 ita
1439 1376 1599 1411 adiutum

197 1454 240 1477 ac
264 1442 488 1476 sublevatum
511 1453 634 1476 revera
658 1443 840 1486 planitiem
865 1443 993 1477 montis
1026 1444 1062 1475 et
1098 1439 1283 1474 castellum
1306 1437 1357 1473 ibi
1380 1438 1486 1473 situm
1511 1439 1599 1473 utti-

196 1505 312 1550 gisse,
338 1503 395 1537 cui
419 1503 471 1537 rei
495 1515 564 1537 non
589 1503 775 1537 minimum
799 1506 868 1539 hoc
900 1503 1054 1549 profuit,
1089 1501 1179 1546 quod
1202 1500 1316 1534 cuncti
1340 1499 1519 1534 Numidae
1543 1499 1595 1532 in-

197 1566 287 1599 tenti
306 1565 558 1609 proeliantibus
582 1565 747 1599 aderant.
793 1567 840 1600 Ut
872 1565 982 1611 igitur
1005 1565 1050 1598 ab
1076 1562 1239 1597 universo
1273 1560 1379 1596 totius
1401 1559 1474 1594 loci
1496 1570 1598 1594 seusu

198 1636 342 1669 prorsus
365 1625 517 1659 alienum
542 1630 592 1660 est
617 1627 788 1669 verbum,
822 1638 890 1671 quo
912 1623 1171 1671 perlustrandi,
1196 1622 1426 1668 cognoscendi
1451 1626 1513 1655 aut
1536 1621 1597 1655 de-

198 1687 368 1721 scribendi
402 1687 498 1720 notio
530 1686 773 1728 contineatur,
807 1686 857 1722 ita
889 1686 1034 1732 egregie
1071 1685 1255 1726 convenit,
1296 1684 1387 1727 quod
1420 1694 1465 1717 ex
1499 1682 1599 1716 bonis

198 1748 299 1782 codd.
333 1747 518 1781 edidimus.
566 1748 646 1781 Hoc
670 1759 779 1781 unum
803 1749 908 1782 modo
932 1748 1088 1782 Fabrum
1113 1745 1282 1786 offendit,
1317 1744 1411 1788 quod
1442 1755 1510 1778 non
1535 1755 1598 1787 pu-

197 1813 292 1853 teat,
330 1810 505 1854 quomodo
545 1813 617 1843 tam
657 1809 762 1852 plana
791 1809 896 1844 lectio
931 1809 967 1842 in
1002 1807 1183 1853 perscribit
1217 1804 1402 1849 depravari
1434 1803 1599 1848 potuerit.

198 1870 269 1904 Sed
293 1871 442 1915 vulgata
465 1881 533 1903 non
558 1870 825 1914 depravatione,
849 1871 909 1904 sed
933 1882 975 1904 ex
998 1870 1118 1915 glossa
1142 1872 1221 1902 ortu
1243 1872 1314 1910 est,
1343 1869 1382 1900 ut
1404 1864 1599 1899 clarissime

197 1931 421 1976 cognoscitur
457 1941 499 1965 ex
530 1931 642 1965 Paris.
668 1932 703 1965 b.
735 1931 798 1965 ubi
833 1942 938 1965 verae
972 1929 1112 1965 lectioni
1146 1927 1420 1972 superscriptum
1449 1932 1516 1960 est:
1543 1927 1599 1959 ze!

197 1993 420 2037 perscripsit,
443 1992 500 2025 vel
525 1992 768 2037 investigavit.
814 1993 959 2027 Scribae
983 1992 1076 2026 enim
1091 2016 1100 2033 ,
1133 1990 1302 2035 Ligurem
1327 1988 1412 2022 artis
1436 1986 1601 2022 militaris

199 2053 350 2098 peritum
387 2057 548 2097 putantes
580 2059 615 2088 et
645 2053 876 2097 speculatoris
898 2053 1001 2100 gnari
1026 2058 1142 2097 partes
1166 2051 1198 2084 ei
1223 2051 1413 2085 tribuentes
1428 2075 1439 2092 ,
1470 2050 1600 2095 vulgu-

199 2121 272 2150 uun
296 2115 453 2161 ieiunam·
476 2115 674 2149 habuerunt
698 2125 740 2148 ac
764 2115 917 2149 barbara
940 2114 1065 2149 aetatis
1089 2123 1171 2147 suae
1195 2111 1367 2146 latinitate
1388 2112 1600 2157 perscribere

201 2177 374 2211 vocabulo
398 2177 434 2210 id
459 2176 597 2220 ipsum,
630 2175 721 2219 quod
746 2174 954 2220 interpretes
979 2177 1071 2210 hona
1095 2175 1164 2208 fide
1186 2174 1340 2218 amplexi
1363 2178 1464 2215 sunt,
1488 2172 1599 2218 sigui·

200 2238 307 2272 ficare
331 2238 529 2279 voluerunt,
553 2237 656 2272 illum
680 2237 815 2271 castelli
837 2237 943 2270 situm
967 2242 1072 2280 utque
1096 2237 1248 2270 formem
1270 2235 1381 2270 oculis
1402 2234 1599 2268 dimensam

202 2298 321 2333 animo
350 2299 451 2342 quasi
474 2300 678 2344 designasse
711 2309 753 2332 ac
788 2298 1023 2342 descripsisse.
1047 2315 1092 2323 —
1121 2298 1252 2331 intenti
1275 2296 1433 2331 absolute
1456 2295 1599 2335 dictum.

200 2363 239 2394 ut
271 2370 398 2403 saepe,
432 2371 466 2394 v.
492 2360 536 2394 ad
560 2360 637 2394 Cat.
665 2359 710 2401 11,
734 2359 789 2400 9.;
825 2359 1075 2403 proeliantibus
1107 2358 1201 2392 enim
1232 2369 1273 2392 ex
1306 2358 1413 2392 verbo
1449 2357 1600 2391 aderant

202 2421 338 2463 pendet,
363 2421 457 2464 quod
482 2421 518 2454 h.
543 2421 568 2456 l.
586 2425 620 2455 et
644 2420 860 2464 praesentiae
882 2424 917 2455 et
939 2419 1064 2456 auxilii
1087 2420 1265 2454 notionem
1288 2418 1510 2454 coniunctam
1533 2418 1598 2452 ha-

200 2479 273 2514 bet.
300 2491 334 2515 v,
358 2481 402 2514 ad
427 2492 458 2516 c.
483 2483 574 2525 xlv,
600 2482 655 2516 13.
682 2482 772 2524 cm,
795 2482 832 2516 7.

294 2544 326 2584 §.
353 2540 387 2576 5.
437 2544 560 2577 eadem
584 2542 807 2589 regreditur]
846 2543 984 2576 Eadem
1007 2541 1044 2576 in
1066 2541 1249 2586 permultis
1271 2542 1371 2576 codd.
1395 2542 1598 2585 comptum
1618 2555 1625 2560 ·

202 2605 254 2637 est
278 2602 314 2636 in
339 2604 484 2644 codem‚·
508 2608 619 2638 exstat
644 2608 760 2638 tamen
785 2605 820 2638 in
848 2605 988 2639 Febris.
1012 2603 1134 2645 nivii,
1159 2603 1256 2637 Leid.
1280 2604 1323 2638 A.
1345 2604 1390 2637 B.
1417 2603 1456 2637 C.
1481 2602 1526 2637 E.
1552 2602 1598 2636 K.

203 2664 242 2697 L.
285 2664 334 2698 Μ.
368 2664 411 2698 Ν.
450 2666 527 2700 Erl.
562 2665 674 2701 Puris.
704 2677 735 2699 z.
771 2667 891 2701 Ber-ol.
919 2666 954 2703 l.
987 2666 1022 2699 2.
1057 2669 1091 2699 et
1125 2665 1214 2698 Tur.
1241 2665 1274 2701 1.
1308 2675 1356 2698 m.
1390 2674 1459 2698 sec.
1484 2663 1529 2696 cf.
1552 2663 1598 2697 ad

202 2725 395 2767 xxxvm,
422 2726 455 2760 6.
496 2727 534 2768 L,
560 2727 594 2761 6.
623 2728 751 2768 kmi,
775 2727 809 2760 7.
834 2747 879 2753 —
912 2728 1126 2762 Ascenderut
1153 2726 1386 2760 revocandum
1423 2724 1597 2764 duximus,

198 2796 309 2827 quum
335 2786 460 2821 Nuzar.
486 2791 621 2822 tantum
646 2789 944 2833 ascenden-atum
969 2789 1078 2833 vulgo
1101 2788 1241 2832 editur,
1270 2787 1419 2828 habeat,
1455 2797 1536 2821 nam
1561 2785 1596 2819 iu
