1630 3034
1419 177 1424 195 1

127 193 213 233 ³22
493 188 540 232 c.
570 180 899 233 SALLUSTI
929 187 1153 232 CRISPI

91 300 335 364 4equestre
371 306 746 366 prospectabant3
791 319 895 364 eos,
931 304 994 348 uti
1025 319 1232 364 quaeque
1266 303 1511 365 Iugurthae

127 417 198 447 res
233 409 382 461 erant,
414 403 555 447 laetos
591 402 752 459 modo,
787 401 925 446 modo
961 402 1149 463 pavidos
1179 400 1514 447 animadvorte-

125 514 223 555 res,
270 515 322 543 ac
366 500 492 544 sicuti
526 499 667 545 audiri
712 515 739 543 a
774 499 861 544 suis
897 504 974 543 aut
1009 499 1129 544 cerni
1164 503 1372 560 possent,
1410 512 1512 543 mo-

125 611 233 640 nere
268 596 363 655 alii,
400 597 474 641 alii
508 596 702 653 hortari,
739 602 816 640 aut
845 611 981 640 manu
1011 595 1291 657 significare,
1327 601 1402 640 aut
1435 595 1512 640 niti

124 693 392 754 corporibus
427 699 473 738 et
511 710 564 738 ea
599 693 689 739 huc
723 694 853 751 illuc,
905 693 1029 752 quasi
1079 692 1307 738 vitabundi
1341 698 1418 737 aut
1445 679 1511 737 ia-

122 848 164 871 ac
198 836 405 871 defendendi
436 837 576 872 moenia
606 838 712 872 ardor
735 841 852 873 tantus
885 838 972 881 fuit,
996 841 1046 880 ut,
1072 849 1139 872 uon
1164 837 1317 872 contenti
1340 837 1511 882 impetum

122 897 278 932 hostium
300 898 493 942 repulisse,
521 899 614 933 ultro
638 910 698 933 eos
730 902 887 943 peterent
920 903 954 933 et
985 898 1129 933 nocendi
1161 899 1276 934 studio
1300 898 1511 944 aggredien-

121 957 209 993 tium
233 958 365 993 similes
387 958 602 992 viderentur.
651 959 785 1003 Quodsi
807 960 876 994 hoc
900 960 1074 1002 tenueris,
1108 971 1192 994 num
1215 971 1418 1006 oppugnare
1442 959 1510 993 nd—

119 1019 192 1053 huc
216 1019 370 1054 alienum
395 1019 459 1054 tibi
482 1019 682 1054 videbitur?
707 1021 800 1055 Rem
824 1014 1065 1065 planissimam
1089 1021 1295 1055 confirmant
1317 1019 1427 1055 etiam
1454 1031 1511 1054 se-

120 1080 260 1123 quentia
283 1086 347 1116 ant
377 1092 529 1126 parare3
562 1092 643 1116 nam
667 1093 775 1126 quum
805 1093 936 1127 parare
967 1082 1004 1116 in
1034 1081 1236 1116 universum
1270 1082 1512 1126 providentiae

119 1140 183 1182 sit,
217 1147 252 1176 et
275 1143 433 1179 absolute
456 1143 608 1187 positum
640 1143 815 1188 significet
847 1143 1029 1178 instituere
1060 1155 1150 1188 quac
1181 1143 1218 1177 in
1248 1155 1321 1177 rem
1355 1148 1388 1177 et
1410 1153 1510 1177 usum

118 1202 188 1236 sint
207 1201 271 1245 (οἳ.
297 1204 371 1238 Cat.
400 1206 467 1247 w,
491 1204 525 1239 5.
551 1206 631 1251 lug.
656 1206 725 1248 XI,
749 1205 784 1239 S.
808 1205 930 1248 LXVI,
953 1204 986 1237 1.
1011 1204 1175 1247 LXXVI,
1199 1204 1235 1239 4.
1257 1203 1419 1247 Lxxm,
1444 1203 1510 1248 1.),

118 1266 240 1297 auctor
269 1264 338 1299 hoc
372 1266 549 1301 vocabulo
579 1268 783 1311 prudentem
825 1265 1031 1300 defendendi
1063 1277 1184 1301 curam
1225 1265 1370 1311 opponit
1399 1264 1511 1300 feroci

118 1324 270 1360 aliorum
300 1326 446 1370 impetui
478 1339 653 1372 caecoque
686 1327 827 1361 cuidam
860 1327 1001 1369 furori,
1033 1339 1139 1371 quam
1164 1339 1239 1361 rem
1262 1327 1361 1361 vides
1384 1326 1420 1361 in
1442 1325 1509 1362 tali

118 1386 261 1430 negotio
285 1387 399 1430 aptius
423 1389 531 1423 verbo
557 1399 762 1435 oppugnare
785 1399 892 1432 quam
914 1400 1140 1434 propugnare
1162 1387 1370 1434 significari.

208 1448 242 1489 §.
268 1447 303 1481 2.
327 1451 361 1482 et
384 1448 417 1483 3.
464 1450 623 1495 gemitu,
661 1451 746 1484 item
786 1449 975 1494 strepitus]
1016 1451 1243 1485 Incommode
1281 1449 1318 1483 in
1347 1449 1511 1483 omnibus

116 1505 227 1548 editt„
250 1514 394 1554 excepta
418 1511 611 1555 Bipontina
635 1515 669 1545 et
692 1510 828 1544 minore
861 1510 1065 1553 Ger-lachii,
1097 1516 1175 1555 post
1195 1511 1331 1557 gemitu
1354 1512 1432 1546 colo
1455 1510 1509 1545 in-

115 1570 361 1614 terpungitur,
400 1582 469 1615 quo
503 1571 721 1616 significatur
754 1577 830 1606 erat
862 1572 907 1605 ad
936 1573 1127 1616 per-mixtus
1156 1573 1386 1616 supplendum
1420 1583 1507 1606 esse.

115 1627 185 1661 Sed
213 1629 393 1674 utriusque
417 1631 569 1666 membri
594 1643 779 1667 commune
803 1632 1042 1677 praedicatum
1072 1644 1149 1668 esse
1180 1635 1229 1668 ad
1261 1635 1391 1669 coelum
1413 1634 1508 1678 ferri

115 1700 225 1733 quum
258 1692 426 1726 sententia
457 1692 533 1736 ipsa
568 1693 688 1734 docet,
720 1696 797 1727 tum
832 1692 1042 1738 intelligitur
1073 1705 1116 1727 ex
1140 1695 1315 1739 particula
1339 1696 1442 1737 item,
1465 1695 1508 1728 dc

113 1762 185 1795 qua
207 1763 241 1785 v.
266 1753 310 1787 ad
335 1754 411 1788 Cat.
436 1754 577 1796 xxvn,
601 1753 635 1788 2.
660 1765 694 1797 p.
720 1754 800 1788 127.
824 1774 869 1779 -—
902 1755 1065 1788 Paullum
1089 1766 1170 1788 cum
1195 1755 1387 1789 Ger-lachin
1418 1754 1505 1789 scri-

113 1812 246 1855 psimus
269 1825 332 1858 pro
353 1816 558 1859 paululum,
581 1814 792 1850 auctoritate
815 1815 1027 1859 optimorum
1052 1816 1150 1849 codd.
1175 1816 1259 1851 Bas.
1284 1816 1318 1853 1.
1340 1817 1448 1850 Fabr.
1471 1818 1504 1851 1.

112 1872 210 1908 Leid.
243 1875 283 1909 L.
318 1875 407 1911 Tur.
437 1876 471 1909 1.
506 1875 619 1911 Paris.
651 1876 685 1910 b.
720 1887 751 1911 c.
787 1888 819 1910 x.
853 1888 883 1909 z.
927 1880 961 1910 ct
992 1877 1237 1910 nonnullorum
1266 1878 1432 1911 aliorum.
1459 1897 1504 1903 --

113 1934 407 1980 Prospectabant,
448 1936 547 1971 cuius
579 1937 658 1971 loco
691 1938 810 1971 Guels.
835 1937 892 1971 11.
928 1937 1038 1972 habet
1067 1939 1289 1982 spectabant,
1329 1939 1506 1984 significat

112 1997 240 2030 arrecti
263 2002 297 2031 ct
321 2009 397 2031 cam
421 2009 506 2032 cura
529 1999 733 2042 spectabant
757 2010 798 2032 ex
823 1999 892 2032 loco
916 1999 1092 2043 superiore
1116 2005 1150 2034 ct
1173 2005 1326 2040 remoto,·
1349 2000 1393 2033 cf.
1416 2001 1504 2034 Bre-

111 2055 162 2089 mi
195 2057 240 2090 ad
271 2057 358 2101 Nep.
392 2059 630 2101 Datam.111‚
664 2059 698 2093 3.
725 2059 940 2094 Boctticlieri
974 2060 1056 2094 Lex.
1090 2060 1210 2095 Tacit.
1243 2060 1280 2094 h.
1303 2071 1337 2094 V.
1362 2073 1396 2105 p.
1419 2060 1502 2096 391.

112 2117 208 2151 Curt.
242 2118 325 2160 Vll,
349 2119 391 2162 6,
417 2120 451 2154 4.
501 2122 555 2154 Ex
587 2122 680 2155 edito
715 2126 830 2155 monte
868 2126 993 2156 cuncta
1022 2127 1371 2166 prospexerant.
1403 2122 1502 2157 Suet.

111 2177 191 2212 Ner.
226 2189 255 2213 c.
280 2179 338 2214 38.
387 2180 461 2214 Hoc
484 2182 680 2216 incendium
706 2194 747 2216 ex
770 2182 860 2216 turri
896 2182 1167 2217 Maecenatiana
1189 2187 1502 2227 prospectans.

172 2274 176 2279 ,
203 2240 236 2282 5.
264 2239 298 2274 4.
348 2253 389 2275 ac
413 2243 514 2277 sicuti
537 2243 678 2287 audiri]
712 2243 782 2278 Pro
806 2243 908 2277 sicuti
930 2243 1047 2288 Bipp.‚
1071 2243 1234 2278 'fellerus
1243 2269 1253 2286 ,
1290 2243 1445 2289 langius
1468 2247 1503 2278 et

110 2299 302 2336 Muellerus
324 2302 537 2347 scripserunt
567 2304 697 2346 sicubi,
733 2304 903 2348 probante
936 2303 1043 2338 ctiam
1075 2304 1243 2339 Walcbio
1271 2303 1308 2339 in
1332 2304 1501 2339 Emendd.

111 2360 214 2396 Livv.
233 2374 266 2406 p.
291 2362 387 2406 252„
417 2375 630 2408 quamquam
655 2364 705 2399 ita
739 2376 784 2399 ne
807 2364 843 2398 in
867 2376 935 2398 uno
962 2365 1101 2409 quidem
1127 2366 1204 2399 cod.
1227 2368 1348 2401 exstat.
1393 2364 1502 2400 Nulla

109 2421 220 2471 igitur
248 2435 370 2459 caussa
401 2430 474 2468 est,
506 2438 569 2459 cur
591 2426 659 2460 ista
680 2425 865 2470 scriptura,
891 2426 986 2461 omni
1008 2426 1216 2461 auctoritato
1239 2425 1415 2468 destituta,
1439 2436 1501 2460 re—

109 2482 277 2527 cipiatur,
300 2488 505 2529 praesertim
529 2499 636 2531 quum
661 2487 809 2532 vulgata
832 2485 1004 2531 optimum
1026 2484 1165 2522 sensum
1189 2488 1378 2531 praebeam
1410 2487 1501 2522 nient

109 2544 202 2578 enim
225 2547 346 2581 eadem
371 2547 407 2581 vi
429 2548 603 2592 positum,
629 2557 735 2592 quam
759 2552 798 2582 ut
820 2552 856 2582 et
876 2553 979 2593 prout
1004 2548 1198 2593 particulae
1221 2549 1363 2593 habent,
1387 2547 1499 2593 nigui-

108 2605 193 2641 fleat
217 2607 391 2643 rationem
421 2620 462 2643 ex
487 2608 659 2654 singulari
682 2619 803 2643 rerum
827 2608 1029 2644 condicione
1054 2609 1271 2654 pendentem,
1294 2609 1345 2643 ita
1368 2612 1407 2643 ut
1429 2608 1498 2642 hoc

108 2665 192 2701 insit
214 2667 251 2701 in
274 2669 409 2703 verbis:
439 2670 627 2714 oppidani,
666 2670 698 2704 σι’
730 2658 931 2705 certaminis
954 2675 1015 2705 aut
1044 2670 1137 2712 loci,
1172 2670 1234 2705 ubi
1257 2671 1418 2710 stabant,
1440 2669 1496 2702 in-

107 2729 251 2773 gcnmm
271 2731 516 2774 permittebat,
541 2734 580 2766 ut
602 2730 660 2765 vel
683 2731 799 2765 audiri
822 2743 844 2766 a
867 2731 940 2766 suin
963 2731 1020 2766 vel
1044 2730 1139 2766 cerni
1164 2735 1319 2774 ponent,
1353 2739 1496 2763 monere

108 2794 174 2826 ctc.
221 2790 297 2825 Non
331 2790 461 2836 ubique
494 2790 587 2826 cuim
619 2791 807 2827 monebant
828 2795 864 2826 et
896 2793 1148 2835 hortabantur,
1172 2791 1230 2825 ned
1265 2790 1302 2824 in
1324 2794 1493 2835 quantum
