1630 3034
79 197 166 238 14⁰
452 191 498 234 C.
528 189 848 234 SALLUSTI
877 188 1099 234 GRISPI

80 322 341 370 expugnare
375 311 551 368 potest3
586 307 705 351 'vallo
740 311 876 366 atque
911 306 1031 351 fossa
1063 302 1467 352 moenia'oircum‘-

84 407 173 462 dat,
209 404 340 449 turris
378 405 574 463 exstruit,
611 418 778 463 easque
802 402 1034 464 praesidiis
1060 403 1231 457 firmat}
1260 403 1465 464 praeter—

82 519 136 547 ea
191 502 286 545 dies
331 501 568 559 noctisque
605 506 682 544 aut
724 515 808 561 per
853 499 966 557 vim,
1010 496 1085 544 {tut
1123 498 1237 544 dolis
1274 495 1467 558 tentare,

81 598 392 643 defensoribus
427 597 654 641 moenium
695 596 897 657 praemia
930 596 1097 655 modo,
1138 594 1288 642 modov
1309 595 1469 640 formiss-

77 697 230 741 dinem
266 699 512 750 ostentare,
549 709 651 740 suos
686 692 912 738 hortando
947 694 1007 738 ad
1041 693 1246 738 virtutem
1293 692 1469 753 arrige·-

79 850 120 878 ta
147 854 203 876 res
230 846 281 875 est
307 841 351 875 ab
377 843 470 876 omni
493 853 621 887 genere
653 842 839 876 hominum.
865 861 910 867 —
940 842 1078 876 Vallum
1099 846 1203 886 atque
1215 843 1316 884 fossa
1338 839 1374 873 iu
1393 838 1471 873 diu-

78 907 183 938 turna
215 901 397 936 obsidione
432 902 610 945 adhibita,
648 914 692 936 ne
725 902 770 937 ab
795 901 1053 946 erumpentibus
1078 903 1242 936 damnum
1268 903 1471 945 paterentur

78 965 288 999 obsidentes.
313 963 435 1008 Veget.
458 964 526 1006 lv,
549 963 606 997 28.
635 963 778 1007 Propter
797 963 889 1008 quod
909 964 1103 997 obsidentes
1128 964 1223 996 ultra
1251 962 1381 994 iactum
1408 960 1472 994 teli

70 1030 259 1070 fossam
275 1025 442 1068 faciunt,
469 1036 612 1069 eamque
638 1035 706 1057 non
735 1025 844 1057 solum
871 1025 1002 1057 vallo
1027 1028 1061 1057 et
1085 1023 1248 1063 sudibus,
1273 1021 1334 1055 sed
1364 1021 1472 1055 etiam

77 1087 256 1121 turriculis
284 1086 479 1126 instruunt,
511 1090 550 1119 ut
575 1084 828 1128 erumpentibus
855 1094 896 1118 ex·
930 1084 1128 1118 civitatibus
1143 1087 1279 1128 possent
1297 1082 1472 1128 obsistere.

76 1147 156 1181 Liv.
185 1146 297 1187 XXV,
320 1146 377 1186 22,
395 1144 429 1178 8.
452 1144 523 1177 Cic.
541 1145 630 1188 Epp.
648 1145 722 1185 XV,
738 1144 770 1186 4,
788 1143 845 1179 21.
864 1144 976 1179 Cor-T.
1009 1145 1054 1180 cf.
1082 1144 1174 1178 infra
1199 1156 1229 1179 c.
1255 1143 1412 1184 LXXVI,
1437 1141 1472 1176 2.

75 1206 337 1242 Drakenborch.
358 1205 402 1239 ad
420 1204 492 1238 Liv.
512 1205 571 1248 vl,
587 1205 621 1246 8,
637 1204 660 1238 9
689 1204 840 1238 Nitschii
855 1203 994 1248 Antiqq.
1011 1205 1115 1239 Rom.
1133 1205 1176 1239 T.
1192 1205 1236 1239 11.
1258 1218 1292 1249 p.
1310 1204 1472 1239 1495.—

77 1269 289 1313 Noctisque
316 1277 434 1300 omnes
459 1265 542 1298 libri
569 1266 722 1306 firmant,
751 1268 894 1308 excepto
919 1266 991 1299 Inc.
1016 1265 1049 1299 1.
1077 1266 1113 1299 iu
1138 1278 1206 1310 quo
1223 1267 1350 1310 copula
1365 1265 1472 1299 deest.

76 1331 167 1364 Eum
185 1330 324 1361 secutus
342 1330 393 1360 est
409 1325 559 1367 eortius,
577 1330 650 1360 tam
666 1337 790 1369 parum
807 1324 937 1359 iudicio
953 1325 1020 1359 sibi
1036 1330 1207 1370 constans,
1234 1330 1284 1368 ut,
1310 1337 1419 1369 quum
1436 1325 1472 1359 in

79 1389 197 1423 Guelf.
214 1388 247 1422 9.
265 1387 345 1422 Seu.
361 1386 396 1420 2.
413 1389 447 1420 et
463 1387 589 1421 Heuss.
604 1386 790 1421 invenisset
805 1391 919 1421 noctes
937 1386 1087 1431 diesque,
1111 1387 1181 1420 hoc
1203 1398 1341 1430 quoque
1360 1397 1473 1430 genu-

78 1450 176 1484 inum
205 1460 278 1482 esse
305 1447 509 1481 affirmaret.
533 1467 580 1472 —
607 1448 789 1482 Ostentare
813 1447 859 1480 ad
884 1447 1112 1490 formidinem
1141 1448 1294 1482 relatum
1327 1459 1396 1481 non
1421 1449 1473 1481 est

79 1520 250 1555 zeugma,
288 1508 584 1552 quemadmodum
616 1509 660 1542 ad
702 1507 944 1553 germanicam
985 1507 1120 1541 dicendi
1153 1507 1326 1542 rationem
1359 1505 1473 1542 videri

77 1571 210 1616 possit3
245 1581 327 1603 nam
350 1573 525 1601 ostentare
552 1569 687 1612 aliquid
709 1572 761 1602 est
788 1569 894 1602 alicui
918 1569 1053 1612 aliquid
1071 1579 1139 1602 non
1156 1569 1272 1603 solum
1290 1567 1472 1612 conspi-

79 1632 288 1667 ciendum
314 1635 346 1663 et
372 1629 684 1671 considerandum,
712 1629 771 1662 sed
803 1629 909 1663 etiam
937 1631 1289 1673 exspectandum
1321 1629 1379 1662 vel
1402 1628 1471 1663 ti-

78 1692 285 1727 mendum
315 1690 505 1734 praebere,
535 1689 609 1722 sive
641 1689 773 1733 aliquid
806 1690 1033 1733 expetendum
1068 1690 1121 1723 vel
1146 1691 1361 1735 fugiendum
1392 1700 1473 1733 pro-

76 1764 214 1799 ponere.
240 1751 354 1785 Tacit.
380 1750 467 1783 Ann.
494 1751 579 1793 ΧΠ,
602 1750 667 1792 12,
691 1751 725 1784 3.
758 1755 902 1784 vocante
934 1750 1108 1784 Cart-hene
1135 1756 1169 1785 et
1202 1761 1275 1784 res
1307 1760 1470 1794 prom-

75 1819 184 1859 ptas
209 1816 490 1846 ostentante
518 1831 560 1835 —
592 1811 789 1844 Armeniam
804 1815 939 1854 petunt.
962 1811 1011 1844 ib.
1035 1812 1140 1854 xm,
1177 1810 1246 1854 35,
1269 1810 1302 1843 ⁴.
1329 1811 1472 1844 Corbulo

79 1874 219 1907 laudem
239 1873 406 1914 strenuis,
430 1873 593 1905 solatium
611 1872 793 1912 invalidis,
819 1872 1011 1914 exemplum
1033 1872 1185 1905 omnibus
1206 1871 1472 1905 ostendere.

78 1935 231 1970 llistorr.
258 1934 305 1974 V,
330 1933 396 1974 2⁴,
419 1933 466 1969 in.
494 1934 638 1967 Cerialis
664 1932 812 1965 Batavis
840 1943 984 1975 pacem,
1011 1932 1114 1965 Civili
1142 1933 1281 1966 veniam
1312 1936 1470 1965 osten-

80 2001 214 2037 tans,
257 1993 421 2026 Veledam
456 1994 676 2027 admonebat.
706 1991 879 2026 Similiter
911 1993 1048 2026 Annali.
1085 1993 1124 2037 1,
1160 1993 1226 2034 24,
1261 1992 1295 2025 2.
1322 1993 1470 2026 Seianus

78 2056 200 2090 ceteris
218 2052 447 2098 periculorum
466 2055 765 2098 praemiorumque
794 2057 978 2086 ostenta
992 2059 1031 2087 to
1045 2066 1074 2088 r.
1107 2052 1378 2098 Angustioribus
1401 2051 1472 2097 igi-

81 2121 140 2150 tur
174 2115 301 2148 finibus
324 2115 425 2148 verbi
451 2115 687 2159 significatum
711 2114 974 2157 comprehendit
998 2115 1156 2148 Dukerus
1180 2115 1222 2148 ad
1247 2113 1323 2147 Liv.
1347 2112 1414 2154 vl,
1438 2111 1473 2150 5.

80 2179 128 2219 2.,
152 2179 400 2221 interpretatus
420 2176 621 2219 promittere
641 2186 747 2219 spem,
768 2178 903 2218 sacerc.
931 2176 1115 2208 Ostentare
1131 2179 1247 2209 autem
1274 2174 1367 2218 apud
1391 2172 1474 2207 Sal-

80 2239 248 2280 lustium,
282 2236 423 2270 Livium
458 2240 491 2269 ct
527 2235 692 2269 Tacitum
731 2235 867 2269 nonnisi
909 2235 1126 2278 antiquitatis
1165 2235 1318 2278 quodam
1357 2234 1474 2268 coloro

80 2299 225 2333 differre
258 2299 302 2331 ab
337 2296 515 2330 ostendere
546 2299 639 2328 recte
672 2296 809 2330 monuit
846 2297 888 2330 G.
923 2296 1055 2331 Ludov.
1085 2295 1225 2330 walch.
1269 2294 1313 2328 ad
1354 2293 1473 2328 Tacit.

82 2359 197 2403 Agric.
218 2371 248 2393 c.
274 2359 316 2391 11.
344 2369 377 2400 p.
402 2357 482 2389 112.
510 2360 543 2390 et
570 2357 783 2390 Boettichcr.
809 2357 891 2390 Lex.
930 2356 1044 2390 Tacit.
1070 2369 1102 2400 p.
1127 2355 1208 2390 336.
1233 2366 1266 2388 v.
1298 2354 1403 2388 etiam
1428 2353 1473 2388 ad

82 2419 186 2453 Catu.
223 2418 425 2458 xxxmn,
458 2416 491 2449 1.
523 2428 556 2459 p.
595 2417 675 2451 177.
734 2419 897 2451 Ceterum
940 2418 1086 2450 tortasse
1126 2398 1321 2459 simplicior
1365 2414 1472 2448 etiam

79 2484 278 2515 structurae
308 2482 411 2520 atque
445 2488 564 2510 sensus
596 2478 685 2511 ratio
710 2478 798 2518 crit,
823 2477 852 2510 si
870 2478 1096 2520 formidinem
1123 2477 1243 2520 paulio
1267 2475 1400 2509 rariore
1420 2474 1474 2508 di-

81 2539 180 2573 cendi
212 2551 276 2572 usu
313 2539 362 2572 itu
397 2542 605 2581 u-‘urpatum
639 2542 790 2579 statuas,
825 2541 863 2571 ut
895 2549 962 2571 nou
985 2538 1161 2583 significet
1185 2541 1318 2570 metum
1342 2536 1470 2581 ipsum,

83 2612 155 2644 quo
188 2598 325 2633 animus
356 2601 516 2637 tenetur,
550 2598 609 2631 sod
643 2598 698 2641 id,
729 2599 821 2643 quod
852 2602 982 2632 motum
1016 2600 1072 2632 vel
1104 2597 1326 2632 formidinem
1358 2596 1474 2630 facere

86 2667 121 2694 «et
144 2659 295 2693 excitare
319 2659 448 2702 possit,
479 2671 551 2691 rem
571 2662 860 2702 formidolosam,
889 2659 1183 2703 quemadmodum
1213 2658 1329 2691 odium
1359 2659 1393 2689 et
1416 2656 1471 2690 in-

87 2721 220 2754 vidiam
254 2719 321 2753 dici
356 2732 419 2764 pro
458 2731 494 2753 ro
519 2731 607 2762 quue
631 2721 745 2753 odium
772 2720 828 2753 vel
852 2720 1018 2753 invidiam
1047 2721 1168 2754 excitet
1192 2717 1309 2751 docuit
1333 2716 1473 2751 Waich.

90 2780 386 2815 Emonam-Lim.
422 2794 451 2814 c.
490 2781 549 2814 XI.
583 2793 615 2824 p.
641 2781 719 2814 226.
746 2782 790 2813 cf.
816 2781 892 2825 lug.
916 2781 1115 2822 Lxxxlx,
1143 2779 1174 2813 l.
1200 2778 1323 2812 Consul
1346 2776 1473 2821 oppida
