1630 3034
111 178 198 218 36⁰
484 171 530 215 C.
560 168 882 214 SALLUSTI
911 166 1133 213 CRISPI

112 290 270 346 rebus,
312 288 358 332 in
393 286 512 331 diem
552 287 731 335 tertium
777 285 1070 343 constituunt,
1114 284 1240 344 quod
1281 284 1318 330 is
1359 285 1498 330 festus

113 386 453 444 celebratusque
487 399 572 445 per
614 398 795 428 omnem
836 382 1038 428 Africam
1086 381 1242 425 ludum
1281 387 1327 426 et
1367 381 1501 426 lasci*-

80 483 233 530 3viam
275 481 419 542 magis
455 495 601 540 'quam
638 479 924 524 formidinem
960 478 1224 526 ostentabat.
1294 477 1391 523 Sed
1424 478 1500 523 ubi

112 586 291 639 tempus
337 579 443 634 fuit,
500 577 780 623 centuriones
829 576 1122 635 tribunosque
1172 575 1368 620 militaris
1390 609 1404 633 ‚
1455 580 1501 620 et

115 700 176 734 hic
200 700 409 735 narrationis
433 704 534 735 tenor
555 700 602 735 ab
625 702 786 741 auctore,
817 701 857 733 ut
887 697 1058 740 diximus,
1083 699 1324 733 tantummodo
1348 698 1505 742 inceptus

114 761 203 803 fuit,
236 773 304 795 non
335 763 521 806 perfectum
545 781 591 788 —
625 759 809 804 Suppliciis
832 759 922 802 expl.
946 759 991 794 ad
1015 770 1045 793 c.
1070 760 1199 802 XLVI,
1223 760 1258 794 2.
1280 779 1326 785 —
1351 760 1446 794 Inter
1467 770 1506 794 se

113 832 218 856 voces
239 823 346 857 verbo
369 824 553 857 coniurant
575 823 714 857 additae
738 819 928 864 potuissent
950 831 1034 855 sane
1054 820 1192 863 omitti3
1212 821 1271 855 sed
1295 831 1402 864 quum
1427 830 1506 854 mu-

114 887 176 917 tua
200 883 331 927 agendi
354 884 445 919 ratio
481 884 524 918 iis
554 883 772 928 significetur
795 882 848 925 (V.
871 880 1008 926 Grysar
1030 883 1104 915 Art.
1128 882 1248 916 Latine
1270 881 1444 916 scribendi
1469 893 1504 925 p.

113 942 161 977 39
178 955 227 987 sq.
250 944 331 978 coll.
354 944 447 980 infra
470 956 501 978 c.
526 944 684 985 Lxxlx,
708 941 782 986 3.)‚
815 944 910 985 patet
935 940 1142 976 Sallustium
1166 942 1210 976 iis
1233 943 1361 977 additis
1384 943 1506 977 coniu-

113 987 214 1038 randi
239 1005 415 1039 notionem
440 1004 574 1039 maiore
597 1004 749 1048 quadam
773 1001 810 1035 vi
841 1007 876 1036 et
905 1000 1069 1050 ἐνεργείᾳ
1100 1004 1282 1045 extulisse,
1315 1008 1354 1037 ut
1384 1003 1505 1038 statim

113 1069 193 1108 post
227 1067 424 1110 compositis
461 1067 583 1100 inter
609 1077 653 1099 se
684 1064 798 1098 rebus·
844 1064 946 1106 Quod
974 1075 1043 1097 non
1072 1064 1221 1098 sentiens
1243 1064 1380 1098 Cortius
1404 1075 1507 1099 voces

113 1129 244 1159 temere
281 1134 456 1170 suspectas
484 1127 629 1161 reddere
661 1124 806 1160 studuit.
838 1143 878 1148 —
915 1123 1152 1158 Discordiosus
1193 1126 1405 1160 vocabulum
1439 1136 1508 1159 non

114 1187 304 1221 admodum
329 1188 499 1223 usitatum
523 1187 712 1222 Sallustius
734 1184 922 1219 secuudum
954 1185 1156 1231 analogium
1188 1186 1339 1220 aliorum
1363 1186 1507 1221 adiecti-

115 1259 240 1282 vorum
263 1260 340 1282 osus
363 1248 608 1283 terminatione
631 1249 806 1282 factorum
831 1245 1026 1290 usurpavit.
1074 1247 1213 1292 Quippe
1236 1259 1258 1282 a
1282 1247 1510 1282 substantivis

114 1310 219 1344 ducta
254 1312 427 1345 vocabula
458 1310 525 1344 ista
558 1322 626 1344 non
653 1308 860 1354 simpliciter
893 1307 951 1351 id,
985 1308 1080 1352 quod
1115 1314 1235 1354 etymo
1270 1308 1506 1353 significatur,

114 1373 222 1407 alicui
247 1374 298 1408 rei
326 1372 545 1415 attribuunt,
569 1372 628 1406 sed
652 1382 758 1415 supra
781 1372 988 1404 consuetum
1011 1369 1154 1403 modum
1179 1374 1322 1404 auctum
1346 1375 1382 1403 et
1407 1380 1510 1414 prae-

115 1433 218 1478 cipue
254 1434 289 1468 in
324 1434 444 1478 aliqua
479 1445 518 1468 re
557 1438 619 1468 aut
651 1443 800 1477 persona
831 1430 1057 1475 conspicuum
1091 1443 1166 1465 esse
1196 1431 1408 1476 significant.
1454 1431 1509 1466 De

115 1494 185 1527 hoc
207 1506 270 1528 usu
295 1499 457 1529 accurate
479 1494 641 1528 disseruit
666 1492 806 1527 Gellius
829 1492 898 1534 lV,
920 1491 955 1525 9.
980 1497 1014 1525 et
1047 1493 1117 1534 Ill,
1142 1493 1199 1527 12.
1224 1493 1269 1526 cr.
1295 1492 1457 1526 Diomed.
1480 1492 1510 1527 Ι.

116 1567 150 1599 p.
175 1555 256 1591 313.
279 1557 419 1600 Zumpt.
445 1556 519 1588 Lat.
545 1555 705 1588 Granum.
738 1557 769 1597 §-
795 1553 853 1587 61.
879 1553 949 1594 111,
976 1552 1019 1586 B.
1044 1551 1078 1586 8.
1104 1565 1138 1597 p.
1163 1552 1244 1588 218.
1270 1554 1325 1588 ed.
1348 1554 1407 1588 lv.
1455 1554 1510 1588 lta

116 1616 207 1659 apud
232 1621 390 1650 nostrum
415 1616 545 1661 legitur
575 1617 650 1650 Cat.
676 1616 773 1657 vul,
797 1613 831 1649 5.
864 1614 1086 1659 negotiosus,·
1119 1615 1278 1660 xhvnl,
1302 1615 1336 1649 2.
1362 1616 1510 1650 calami-

115 1681 232 1717 tosus‚·
256 1677 332 1722 lug.
358 1676 448 1719 xcl,
472 1676 505 1710 3.
530 1677 731 1712 tumulosus.

208 1738 244 1773 in
269 1739 357 1772 diem
381 1737 521 1772 tertium
546 1736 770 1780 constituunt]
797 1734 896 1769 Male
918 1733 955 1768 in
972 1734 1044 1768 hoc
1067 1735 1145 1768 loco
1168 1741 1326 1770 versatus
1350 1740 1402 1771 est
1425 1738 1509 1772 Cor-

115 1797 185 1832 tius
200 1823 211 1840 ‚
234 1798 294 1842 qui
328 1800 363 1832 in
388 1799 568 1832 deleverit.
617 1799 769 1842 Excepto
806 1797 886 1831 cod.
908 1794 1077 1830 Eichhof.
1114 1806 1232 1830 omnes
1257 1798 1337 1832 libri
1362 1809 1509 1843 praepo-

115 1854 275 1892 sitionem
301 1859 466 1901 retinent,
491 1871 639 1904 eamque
662 1858 755 1892 haud
777 1855 1001 1891 mediocriter
1022 1856 1230 1891 confirmant
1253 1859 1300 1904 ii,
1323 1860 1359 1894 in
1383 1861 1510 1904 quibus

116 1919 160 1952 ad
177 1920 383 1963 explendam
407 1926 619 1955 structuram
644 1932 685 1954 ex
709 1917 978 1963 interpolatione
1001 1929 1127 1951 nomen
1151 1918 1307 1954 additum
1327 1926 1389 1963 est,
1414 1922 1512 1956 velut

116 1978 152 2013 in
177 1979 295 2015 Struv.
325 1981 443 2015 Guelf.
466 1981 502 2016 7.
526 1986 561 2016 et
585 1981 631 2015 lo
664 1985 767 2014 coust.
802 1979 1019 2019 caedem,
1052 1977 1086 2011 in
1112 1979 1181 2012 lnc.
1207 1979 1239 2013 1.
1275 1981 1394 2015 Guclt'.
1415 1982 1450 2016 6.
1474 1987 1510 2018 et

116 2041 172 2075 ll.
205 2046 311 2076 const.
345 2043 748 2086 intersectionem,·
771 2041 806 2075 in
831 2041 958 2074 Franc.
983 2040 1254 2075 occisionem
1278 2047 1398 2083 comt..
1423 2055 1511 2087 quas

116 2113 220 2136 voces
253 2113 320 2137 non
353 2103 562 2138 addidissent
591 2102 749 2144 librarii,
780 2101 848 2136 nisi
880 2102 917 2135 in
951 2101 1241 2146 praepositionem
1266 2103 1301 2137 in
1325 2108 1420 2138 textu
1444 2105 1511 2139 ha-

115 2163 281 2198 buissent.
321 2164 466 2209 Decepit
489 2169 608 2198 autem
629 2164 791 2198 Curtium
815 2174 884 2197 non
908 2161 993 2197 satis
1016 2162 1191 2196 intellecta
1214 2164 1312 2197 verbi
1336 2168 1512 2201 structura

115 2229 150 2257 et
184 2229 357 2268 potestas3
389 2225 518 2270 quippe
549 2237 616 2259 non
641 2226 755 2259 solum
781 2224 909 2258 dicitur
932 2225 1138 2258 constituere
1161 2225 1316 2269 aliquid,
1340 2227 1437 2261 velut
1459 2228 1511 2261 lo-

117 2295 193 2317 cum
213 2310 222 2327 ,
256 2290 406 2330 tempus,
432 2287 544 2327 diem,
570 2286 629 2320 sed
663 2286 769 2320 etiam
802 2285 878 2320 sine
905 2284 1108 2319 accusativo
1130 2284 1181 2319 rei
1205 2289 1411 2322 constituere
1433 2299 1512 2322 cum

119 2346 235 2390 aliquo
261 2347 317 2379 vel
351 2349 554 2382 constituere
587 2348 713 2389 alicui,
749 2359 854 2391 quam
889 2351 1100 2380 structuram
1128 2347 1297 2391 exemplis
1319 2347 1512 2384 illustravit

119 2405 322 2440 Gronovius
347 2408 449 2442 obss.
474 2409 511 2449 l,
536 2408 568 2442 l.
602 2421 636 2452 p.
663 2409 708 2443 12
728 2421 779 2452 sq.
813 2408 955 2442 Terent.
991 2409 1122 2451 Hecyr.
1148 2408 1183 2449 l,
1215 2409 1258 2450 2,
1287 2409 1365 2443 121.
1415 2409 1509 2444 Num

120 2467 348 2500 constitui
384 2480 478 2501 cum
511 2471 709 2513 quodam
744 2470 931 2514 hospite
955 2481 1009 2503 mc
1033 2470 1130 2502 ilhum
1155 2480 1230 2503 esse
1253 2474 1510 2506 conventurum.

120 2527 192 2560 Cic.
217 2527 252 2560 iu
279 2529 374 2562 Verr.
401 2530 442 2570 11,
466 2530 526 2573 27,
545 2530 602 2564 65.
655 2531 753 2574 Quod
789 2535 889 2564 crant
919 2530 1006 2564 mihi
1034 2530 1164 2574 oppida
1198 2531 1374 2574 complura
1403 2531 1509 2564 etiam

119 2589 274 2629 relicua,
299 2601 389 2633 quae
421 2591 521 2624 adire
552 2593 698 2635 vellem,
735 2591 964 2626 constitui
995 2602 1085 2624 cum
1124 2591 1409 2631 hominibus,
1442 2602 1509 2634 quo

120 2649 177 2683 die
209 2650 294 2682 mihi
328 2651 513 2684 Messanae
542 2658 682 2696 praesto
715 2658 838 2687 essent.
886 2653 1062 2695 Augustus
1097 2652 1189 2695 apud
1222 2651 1362 2685 Sueton.
1395 2651 1510 2695 Calig-

119 2721 148 2744 c.
173 2709 207 2744 8.
258 2711 407 2744 Puerum
433 2712 555 2745 Caium
591 2714 840 2756 quintodecimo
876 2714 956 2746 Kal.
986 2713 1073 2753 lun..
1097 2714 1127 2747 εἰ
1151 2713 1202 2746 dia·
1222 2714 1358 2755 volent,
1381 2718 1421 2747 ut
1444 2713 1510 2746 du-

119 2775 239 2807 cerent
274 2772 439 2806 Talarius
471 2777 504 2807 ct
541 2773 709 2815 Asellius,
744 2773 821 2808 lieri
853 2785 943 2807 cum
981 2774 1050 2808 his
1092 2772 1327 2809 constitui.
1359 2772 1433 2809 vic.
1467 2773 1512 2807 de
