<?xml version="1.0" encoding="UTF-8"?>
<!DOCTYPE html PUBLIC "-//W3C//DTD XHTML 1.0 Transitional//EN"
    "http://www.w3.org/TR/xhtml1/DTD/xhtml1-transitional.dtd">
<html xmlns="http://www.w3.org/1999/xhtml" xml:lang="en" lang="en">
 <head>
  <title>
</title>
<meta http-equiv="Content-Type" content="text/html;charset=utf-8" />
  <meta name='ocr-system' content='tesseract 3.04.00' />
  <meta name='ocr-capabilities' content='ocr_page ocr_carea ocr_par ocr_line ocrx_word'/>
</head>
<body>
  <div class='ocr_page' id='page_1' title='image "./operaquaesupeappx01salluoft_0773.png"; bbox 0 0 1630 3034; ppageno 0'>
   <div class='ocr_carea' id='block_1_1' title="bbox 443 167 1522 220">
    <p class='ocr_par' dir='ltr' id='par_1_1' title="bbox 443 167 1522 220">
     <span class='ocr_line' id='line_1_1' title="bbox 443 167 1522 220; baseline -0.004 0"><span class='ocrx_word' id='word_1_1' title='bbox 443 175 799 220; x_wconf 85' lang='lat' dir='ltr'><strong>IUGURTHA.</strong></span> <span class='ocrx_word' id='word_1_2' title='bbox 860 174 989 219; x_wconf 88' lang='lat' dir='ltr'><strong>CAP.</strong></span> <span class='ocrx_word' id='word_1_3' title='bbox 1018 173 1217 216; x_wconf 87' lang='lat' dir='ltr'>LXXIV.</span> <span class='ocrx_word' id='word_1_4' title='bbox 1307 167 1310 170; x_wconf 40' lang='lat'><em>⁴</em></span> <span class='ocrx_word' id='word_1_5' title='bbox 1437 175 1522 216; x_wconf 71' lang='lat'><strong>393</strong></span> 
     </span>
    </p>
   </div>
   <div class='ocr_carea' id='block_1_2' title="bbox 133 290 1523 644">
    <p class='ocr_par' dir='ltr' id='par_1_2' title="bbox 133 290 1523 644">
     <span class='ocr_line' id='line_1_2' title="bbox 134 290 1521 352; baseline -0.003 -14"><span class='ocrx_word' id='word_1_6' title='bbox 134 292 286 351; x_wconf 82' lang='lat' dir='ltr'><strong>affuit,</strong></span> <span class='ocrx_word' id='word_1_7' title='bbox 330 293 398 338; x_wconf 93' lang='lat' dir='ltr'><strong>ibi·</strong></span> <span class='ocrx_word' id='word_1_8' title='bbox 429 293 703 352; x_wconf 74' lang='lat' dir='ltr'>aliquamdiu</span> <span class='ocrx_word' id='word_1_9' title='bbox 746 298 988 346; x_wconf 84' lang='lat' dir='ltr'><strong>certatum3</strong></span> <span class='ocrx_word' id='word_1_10' title='bbox 1046 291 1181 335; x_wconf 84' lang='lat' dir='ltr'><strong>ceteri</strong></span> <span class='ocrx_word' id='word_1_11' title='bbox 1229 290 1318 334; x_wconf 89' lang='lat' dir='ltr'><strong>eius</strong></span> <span class='ocrx_word' id='word_1_12' title='bbox 1363 290 1521 334; x_wconf 82' lang='lat' dir='ltr'>milites</span> 
     </span>
     <span class='ocr_line' id='line_1_3' title="bbox 133 387 1523 452; baseline -0.003 -17"><span class='ocrx_word' id='word_1_13' title='bbox 133 392 283 452; x_wconf 88' lang='lat' dir='ltr'><strong>primo</strong></span> <span class='ocrx_word' id='word_1_14' title='bbox 320 405 564 451; x_wconf 84' lang='lat' dir='ltr'><strong>congressu</strong></span> <span class='ocrx_word' id='word_1_15' title='bbox 600 391 719 451; x_wconf 84' lang='lat' dir='ltr'><strong>puisi</strong></span> <span class='ocrx_word' id='word_1_16' title='bbox 753 389 1000 450; x_wconf 83' lang='lat' dir='ltr'><strong>fugatique.</strong></span> <span class='ocrx_word' id='word_1_17' title='bbox 1070 388 1263 431; x_wconf 87' lang='lat' dir='ltr'><strong>Romani</strong></span> <span class='ocrx_word' id='word_1_18' title='bbox 1294 387 1523 447; x_wconf 83' lang='lat' dir='ltr'><strong>signorum</strong></span> 
     </span>
     <span class='ocr_line' id='line_1_4' title="bbox 136 483 1522 546; baseline -0.003 -15"><span class='ocrx_word' id='word_1_19' title='bbox 136 493 180 532; x_wconf 91' lang='lat' dir='ltr'><strong>et</strong></span> <span class='ocrx_word' id='word_1_20' title='bbox 230 501 456 531; x_wconf 85' lang='lat' dir='ltr'><strong>armorum</strong></span> <span class='ocrx_word' id='word_1_21' title='bbox 494 488 718 546; x_wconf 88' lang='lat' dir='ltr'><strong>aliquanto</strong></span> <span class='ocrx_word' id='word_1_22' title='bbox 764 501 949 530; x_wconf 90' lang='lat' dir='ltr'><strong>numero</strong></span> <span class='ocrx_word' id='word_1_23' title='bbox 967 519 979 541; x_wconf 92' lang='lat'><strong>,</strong></span> <span class='ocrx_word' id='word_1_24' title='bbox 1034 483 1229 528; x_wconf 86' lang='lat' dir='ltr'><strong>hostium</strong></span> <span class='ocrx_word' id='word_1_25' title='bbox 1272 498 1522 543; x_wconf 87' lang='lat' dir='ltr'><strong>paucorum</strong></span> 
     </span>
     <span class='ocr_line' id='line_1_5' title="bbox 134 581 1523 644; baseline -0.004 -16"><span class='ocrx_word' id='word_1_26' title='bbox 134 584 289 644; x_wconf 83' lang='lat' dir='ltr'><strong>potiti3</strong></span> <span class='ocrx_word' id='word_1_27' title='bbox 335 600 436 628; x_wconf 90' lang='lat' dir='ltr'><strong>nam</strong></span> <span class='ocrx_word' id='word_1_28' title='bbox 473 585 616 628; x_wconf 87' lang='lat' dir='ltr'><strong>ferme</strong></span> <span class='ocrx_word' id='word_1_29' title='bbox 649 582 865 627; x_wconf 76' lang='lat' dir='ltr'>Numidas</span> <span class='ocrx_word' id='word_1_30' title='bbox 899 583 945 626; x_wconf 87' lang='lat' dir='ltr'><strong>in</strong></span> <span class='ocrx_word' id='word_1_31' title='bbox 975 581 1179 626; x_wconf 86' lang='lat' dir='ltr'><strong>omnibus</strong></span> <span class='ocrx_word' id='word_1_32' title='bbox 1208 581 1388 641; x_wconf 84' lang='lat' dir='ltr'><strong>proeliis</strong></span> <span class='ocrx_word' id='word_1_33' title='bbox 1424 596 1523 624; x_wconf 88' lang='lat' dir='ltr'><strong>ma-</strong></span> 
     </span>
    </p>
   </div>
   <div class='ocr_carea' id='block_1_3' title="bbox 134 681 987 741">
    <p class='ocr_par' dir='ltr' id='par_1_3' title="bbox 134 681 987 741">
     <span class='ocr_line' id='line_1_6' title="bbox 134 681 987 741; baseline 0 -17"><span class='ocrx_word' id='word_1_34' title='bbox 134 681 204 741; x_wconf 82' lang='lat' dir='ltr'><strong>gis</strong></span> <span class='ocrx_word' id='word_1_35' title='bbox 241 681 385 741; x_wconf 86' lang='lat' dir='ltr'><strong>pedes</strong></span> <span class='ocrx_word' id='word_1_36' title='bbox 417 696 551 740; x_wconf 88' lang='lat' dir='ltr'><strong>quam</strong></span> <span class='ocrx_word' id='word_1_37' title='bbox 588 695 712 724; x_wconf 88' lang='lat' dir='ltr'><strong>arma</strong></span> <span class='ocrx_word' id='word_1_38' title='bbox 746 684 839 724; x_wconf 85' lang='lat' dir='ltr'><strong>tuta</strong></span> <span class='ocrx_word' id='word_1_39' title='bbox 875 684 987 724; x_wconf 80' lang='lat' dir='ltr'><strong>sunt.</strong></span> 
     </span>
    </p>
   </div>
   <div class='ocr_carea' id='block_1_4' title="bbox 133 813 1530 2802">
    <p class='ocr_par' dir='ltr' id='par_1_4' title="bbox 133 813 1530 2802">
     <span class='ocr_line' id='line_1_7' title="bbox 133 813 1525 864; baseline -0.003 -12"><span class='ocrx_word' id='word_1_40' title='bbox 133 818 245 864; x_wconf 85' lang='lat' dir='ltr'><strong>igitur</strong></span> <span class='ocrx_word' id='word_1_41' title='bbox 277 818 407 853; x_wconf 86' lang='lat' dir='ltr'><strong>iudicio</strong></span> <span class='ocrx_word' id='word_1_42' title='bbox 441 818 581 853; x_wconf 84' lang='lat' dir='ltr'><strong>Curtius</strong></span> <span class='ocrx_word' id='word_1_43' title='bbox 611 818 721 852; x_wconf 77' lang='lat' dir='ltr'><strong>verba</strong></span> <span class='ocrx_word' id='word_1_44' title='bbox 753 819 826 852; x_wconf 85' lang='lat' dir='ltr'><strong>eius</strong></span> <span class='ocrx_word' id='word_1_45' title='bbox 859 818 1013 859; x_wconf 81' lang='lat' dir='ltr'><strong>milites,</strong></span> <span class='ocrx_word' id='word_1_46' title='bbox 1050 826 1142 860; x_wconf 82' lang='lat' dir='ltr'><strong>quae</strong></span> <span class='ocrx_word' id='word_1_47' title='bbox 1175 814 1211 848; x_wconf 90' lang='lat' dir='ltr'><strong>in</strong></span> <span class='ocrx_word' id='word_1_48' title='bbox 1241 813 1402 849; x_wconf 80' lang='lat' dir='ltr'><strong>omnibus</strong></span> <span class='ocrx_word' id='word_1_49' title='bbox 1426 814 1525 848; x_wconf 87' lang='lat' dir='ltr'><strong>codd.</strong></span> 
     </span>
     <span class='ocr_line' id='line_1_8' title="bbox 134 876 1525 920; baseline -0.004 -8"><span class='ocrx_word' id='word_1_50' title='bbox 134 883 333 914; x_wconf 76' lang='lat' dir='ltr'><strong>constanter</strong></span> <span class='ocrx_word' id='word_1_51' title='bbox 355 884 558 919; x_wconf 82' lang='lat' dir='ltr'><strong>servantur,</strong></span> <span class='ocrx_word' id='word_1_52' title='bbox 582 879 752 913; x_wconf 84' lang='lat' dir='ltr'><strong>eiicienda</strong></span> <span class='ocrx_word' id='word_1_53' title='bbox 776 878 892 919; x_wconf 83' lang='lat' dir='ltr'><strong>duxit,</strong></span> <span class='ocrx_word' id='word_1_54' title='bbox 918 888 1056 919; x_wconf 81' lang='lat' dir='ltr'><strong>omnes,</strong></span> <span class='ocrx_word' id='word_1_55' title='bbox 1082 876 1160 920; x_wconf 83' lang='lat' dir='ltr'><strong>pius</strong></span> <span class='ocrx_word' id='word_1_56' title='bbox 1183 886 1290 919; x_wconf 89' lang='lat' dir='ltr'><strong>quam</strong></span> <span class='ocrx_word' id='word_1_57' title='bbox 1312 878 1525 919; x_wconf 83' lang='lat' dir='ltr'><strong>suspectum,</strong></span> 
     </span>
     <span class='ocr_line' id='line_1_9' title="bbox 133 936 1526 985; baseline -0.001 -13"><span class='ocrx_word' id='word_1_58' title='bbox 133 939 286 974; x_wconf 77' lang='lat' dir='ltr'><strong>retinuit.</strong></span> <span class='ocrx_word' id='word_1_59' title='bbox 310 959 354 964; x_wconf 97' lang='lat'><strong>—</strong></span> <span class='ocrx_word' id='word_1_60' title='bbox 379 940 449 974; x_wconf 86' lang='lat' dir='ltr'><strong>Pro</strong></span> <span class='ocrx_word' id='word_1_61' title='bbox 474 951 660 985; x_wconf 81' lang='lat' dir='ltr'><strong>congressu</strong></span> <span class='ocrx_word' id='word_1_62' title='bbox 685 939 824 974; x_wconf 78' lang='lat' dir='ltr'><strong>Cottius</strong></span> <span class='ocrx_word' id='word_1_63' title='bbox 848 939 1044 973; x_wconf 80' lang='lat' dir='ltr'><strong>inconsulto</strong></span> <span class='ocrx_word' id='word_1_64' title='bbox 1070 936 1202 971; x_wconf 84' lang='lat' dir='ltr'><strong>invexit</strong></span> <span class='ocrx_word' id='word_1_65' title='bbox 1223 948 1407 979; x_wconf 82' lang='lat' dir='ltr'><strong><em>concursu,</em></strong></span> <span class='ocrx_word' id='word_1_66' title='bbox 1431 936 1526 980; x_wconf 89' lang='lat' dir='ltr'><strong>quod</strong></span> 
     </span>
     <span class='ocr_line' id='line_1_10' title="bbox 133 997 1524 1045; baseline -0.003 -10"><span class='ocrx_word' id='word_1_67' title='bbox 133 1001 374 1040; x_wconf 70' lang='lat' dir='ltr'><strong>tautummodo</strong></span> <span class='ocrx_word' id='word_1_68' title='bbox 407 1005 518 1034; x_wconf 78' lang='lat' dir='ltr'><strong>exstat</strong></span> <span class='ocrx_word' id='word_1_69' title='bbox 547 1001 582 1034; x_wconf 90' lang='lat' dir='ltr'><strong>in</strong></span> <span class='ocrx_word' id='word_1_70' title='bbox 614 1001 719 1034; x_wconf 63' lang='lat' dir='ltr'><strong>Fabr.</strong></span> <span class='ocrx_word' id='word_1_71' title='bbox 754 1002 787 1036; x_wconf 90' lang='grc'><strong>1.</strong></span> <span class='ocrx_word' id='word_1_72' title='bbox 819 1000 852 1034; x_wconf 84' lang='grc'><strong>2.</strong></span> <span class='ocrx_word' id='word_1_73' title='bbox 888 999 1007 1033; x_wconf 82' lang='lat' dir='ltr'><strong>Guelf.</strong></span> <span class='ocrx_word' id='word_1_74' title='bbox 1032 998 1065 1033; x_wconf 88' lang='grc'><strong>6.</strong></span> <span class='ocrx_word' id='word_1_75' title='bbox 1102 998 1198 1032; x_wconf 78' lang='lat' dir='ltr'><strong>Leid.</strong></span> <span class='ocrx_word' id='word_1_76' title='bbox 1222 999 1270 1032; x_wconf 84' lang='lat' dir='ltr'><strong>H.</strong></span> <span class='ocrx_word' id='word_1_77' title='bbox 1295 1002 1329 1032; x_wconf 87' lang='lat' dir='ltr'><strong>et</strong></span> <span class='ocrx_word' id='word_1_78' title='bbox 1360 997 1524 1045; x_wconf 63' lang='lat' dir='ltr'><strong>Goeriit„</strong></span> 
     </span>
     <span class='ocr_line' id='line_1_11' title="bbox 133 1059 1528 1106; baseline -0.003 -11"><span class='ocrx_word' id='word_1_79' title='bbox 133 1071 237 1095; x_wconf 78' lang='lat' dir='ltr'><strong>sensu</strong></span> <span class='ocrx_word' id='word_1_80' title='bbox 259 1061 399 1105; x_wconf 86' lang='lat' dir='ltr'><strong>quidem</strong></span> <span class='ocrx_word' id='word_1_81' title='bbox 431 1062 577 1104; x_wconf 87' lang='lat' dir='ltr'><strong>eodem,</strong></span> <span class='ocrx_word' id='word_1_82' title='bbox 608 1062 666 1095; x_wconf 87' lang='lat' dir='ltr'><strong>sed</strong></span> <span class='ocrx_word' id='word_1_83' title='bbox 691 1061 820 1106; x_wconf 84' lang='lat' dir='ltr'><strong>exigua</strong></span> <span class='ocrx_word' id='word_1_84' title='bbox 843 1060 1051 1094; x_wconf 83' lang='lat' dir='ltr'><strong>auctoritate</strong></span> <span class='ocrx_word' id='word_1_85' title='bbox 1076 1059 1356 1103; x_wconf 83' lang='lat' dir='ltr'><strong>improbandum.</strong></span> <span class='ocrx_word' id='word_1_86' title='bbox 1381 1077 1425 1083; x_wconf 91' lang='lat'>—</span> <span class='ocrx_word' id='word_1_87' title='bbox 1450 1059 1528 1092; x_wconf 82' lang='lat' dir='ltr'><strong>Me-</strong></span> 
     </span>
     <span class='ocr_line' id='line_1_12' title="bbox 134 1119 1526 1166; baseline 0.001 -13"><span class='ocrx_word' id='word_1_88' title='bbox 134 1119 204 1154; x_wconf 82' lang='lat' dir='ltr'><strong>lius</strong></span> <span class='ocrx_word' id='word_1_89' title='bbox 226 1120 319 1155; x_wconf 87' lang='lat' dir='ltr'><strong>idem</strong></span> <span class='ocrx_word' id='word_1_90' title='bbox 342 1121 454 1155; x_wconf 87' lang='lat' dir='ltr'><strong>editor</strong></span> <span class='ocrx_word' id='word_1_91' title='bbox 475 1121 511 1156; x_wconf 88' lang='lat' dir='ltr'><strong>in</strong></span> <span class='ocrx_word' id='word_1_92' title='bbox 546 1122 767 1166; x_wconf 83' lang='lat' dir='ltr'><strong>sequentibus</strong></span> <span class='ocrx_word' id='word_1_93' title='bbox 801 1127 854 1163; x_wconf 78' lang='lat' dir='ltr'><strong>et,</strong></span> <span class='ocrx_word' id='word_1_94' title='bbox 885 1121 977 1165; x_wconf 89' lang='lat' dir='ltr'><strong>quod</strong></span> <span class='ocrx_word' id='word_1_95' title='bbox 1000 1121 1036 1154; x_wconf 89' lang='lat' dir='ltr'><strong>in</strong></span> <span class='ocrx_word' id='word_1_96' title='bbox 1061 1120 1242 1164; x_wconf 84' lang='lat' dir='ltr'><strong>permultis</strong></span> <span class='ocrx_word' id='word_1_97' title='bbox 1267 1120 1365 1153; x_wconf 86' lang='lat' dir='ltr'>codd.</span> <span class='ocrx_word' id='word_1_98' title='bbox 1394 1124 1426 1154; x_wconf 86' lang='lat' dir='ltr'><strong>et</strong></span> <span class='ocrx_word' id='word_1_99' title='bbox 1449 1120 1526 1154; x_wconf 84' lang='lat' dir='ltr'><strong>edd.</strong></span> 
     </span>
     <span class='ocr_line' id='line_1_13' title="bbox 134 1180 1528 1228; baseline 0 -13"><span class='ocrx_word' id='word_1_100' title='bbox 134 1184 216 1215; x_wconf 78' lang='lat' dir='ltr'><strong>ante</strong></span> <span class='ocrx_word' id='word_1_101' title='bbox 238 1183 419 1227; x_wconf 74' lang='lat' dir='ltr'><strong>aliquanto</strong></span> <span class='ocrx_word' id='word_1_102' title='bbox 443 1183 629 1228; x_wconf 82' lang='lat' dir='ltr'><strong>legebatur</strong></span> <span class='ocrx_word' id='word_1_103' title='bbox 645 1208 656 1224; x_wconf 92' lang='lat'><strong>,</strong></span> <span class='ocrx_word' id='word_1_104' title='bbox 681 1193 747 1226; x_wconf 83' lang='lat' dir='ltr'><strong>ope</strong></span> <span class='ocrx_word' id='word_1_105' title='bbox 770 1182 906 1226; x_wconf 74' lang='lat' dir='ltr'><strong>aliquot</strong></span> <span class='ocrx_word' id='word_1_106' title='bbox 929 1182 1027 1215; x_wconf 85' lang='lat' dir='ltr'>codd.</span> <span class='ocrx_word' id='word_1_107' title='bbox 1053 1181 1214 1222; x_wconf 80' lang='lat' dir='ltr'><strong>sustulit3</strong></span> <span class='ocrx_word' id='word_1_108' title='bbox 1239 1180 1266 1214; x_wconf 89' lang='lat' dir='ltr'><strong>ii</strong></span> <span class='ocrx_word' id='word_1_109' title='bbox 1288 1185 1367 1214; x_wconf 81' lang='lat' dir='ltr'><strong>suut</strong></span> <span class='ocrx_word' id='word_1_110' title='bbox 1390 1180 1467 1214; x_wconf 68' lang='lat' dir='ltr'><strong>Vin.</strong></span> <span class='ocrx_word' id='word_1_111' title='bbox 1493 1181 1528 1215; x_wconf 90' lang='lat'><strong>1.</strong></span> 
     </span>
     <span class='ocr_line' id='line_1_14' title="bbox 135 1242 1528 1287; baseline 0.001 -11"><span class='ocrx_word' id='word_1_112' title='bbox 135 1242 253 1276; x_wconf 76' lang='lat' dir='ltr'><strong>Guelf.</strong></span> <span class='ocrx_word' id='word_1_113' title='bbox 277 1243 311 1277; x_wconf 82' lang='lat'><strong>3.</strong></span> <span class='ocrx_word' id='word_1_114' title='bbox 336 1244 392 1278; x_wconf 86' lang='lat'><strong>10.</strong></span> <span class='ocrx_word' id='word_1_115' title='bbox 419 1244 475 1277; x_wconf 90' lang='lat'><strong>11.</strong></span> <span class='ocrx_word' id='word_1_116' title='bbox 500 1244 557 1277; x_wconf 77' lang='lat'><strong>12.</strong></span> <span class='ocrx_word' id='word_1_117' title='bbox 583 1244 709 1287; x_wconf 87' lang='lat' dir='ltr'><strong>quibus</strong></span> <span class='ocrx_word' id='word_1_118' title='bbox 733 1247 850 1287; x_wconf 81' lang='lat' dir='ltr'><strong>postea</strong></span> <span class='ocrx_word' id='word_1_119' title='bbox 872 1247 1093 1277; x_wconf 79' lang='lat' dir='ltr'><strong>accesserunt</strong></span> <span class='ocrx_word' id='word_1_120' title='bbox 1114 1242 1226 1277; x_wconf 80' lang='lat' dir='ltr'><strong>Paris.</strong></span> <span class='ocrx_word' id='word_1_121' title='bbox 1251 1242 1291 1275; x_wconf 91' lang='lat' dir='ltr'><strong>E.</strong></span> <span class='ocrx_word' id='word_1_122' title='bbox 1312 1242 1350 1275; x_wconf 91' lang='lat' dir='ltr'><strong>Z.</strong></span> <span class='ocrx_word' id='word_1_123' title='bbox 1372 1246 1406 1276; x_wconf 88' lang='lat' dir='ltr'><strong>et</strong></span> <span class='ocrx_word' id='word_1_124' title='bbox 1423 1242 1528 1277; x_wconf 77' lang='lat' dir='ltr'><strong>Misn-</strong></span> 
     </span>
     <span class='ocr_line' id='line_1_15' title="bbox 134 1301 1528 1348; baseline 0 -11"><span class='ocrx_word' id='word_1_125' title='bbox 134 1301 278 1337; x_wconf 80' lang='lat' dir='ltr'><strong>Scilicet</strong></span> <span class='ocrx_word' id='word_1_126' title='bbox 299 1303 367 1338; x_wconf 82' lang='lat' dir='ltr'><strong>sibi</strong></span> <span class='ocrx_word' id='word_1_127' title='bbox 390 1308 611 1347; x_wconf 83' lang='lat' dir='ltr'><strong>opponuntur</strong></span> <span class='ocrx_word' id='word_1_128' title='bbox 635 1305 876 1348; x_wconf 76' lang='lat' dir='ltr'><strong>aliquanto</strong></span> <span class='ocrx_word' id='word_1_129' title='bbox 900 1315 1039 1337; x_wconf 84' lang='lat' dir='ltr'><strong>numero</strong></span> <span class='ocrx_word' id='word_1_130' title='bbox 1063 1307 1098 1337; x_wconf 84' lang='lat' dir='ltr'><strong>et</strong></span> <span class='ocrx_word' id='word_1_131' title='bbox 1117 1314 1330 1347; x_wconf 85' lang='lat' dir='ltr'><strong>paucorum,</strong></span> <span class='ocrx_word' id='word_1_132' title='bbox 1354 1306 1528 1337; x_wconf 73' lang='lat' dir='ltr'><strong>structura</strong></span> 
     </span>
     <span class='ocr_line' id='line_1_16' title="bbox 135 1362 1527 1406; baseline 0.001 -10"><span class='ocrx_word' id='word_1_133' title='bbox 135 1362 236 1396; x_wconf 83' lang='lat' dir='ltr'><strong>verbi</strong></span> <span class='ocrx_word' id='word_1_134' title='bbox 258 1363 308 1397; x_wconf 83' lang='lat' dir='ltr'><strong>ita</strong></span> <span class='ocrx_word' id='word_1_135' title='bbox 333 1364 489 1406; x_wconf 77' lang='lat' dir='ltr'><strong>variata,</strong></span> <span class='ocrx_word' id='word_1_136' title='bbox 515 1369 554 1399; x_wconf 92' lang='lat' dir='ltr'><strong>ut</strong></span> <span class='ocrx_word' id='word_1_137' title='bbox 577 1365 750 1400; x_wconf 88' lang='lat' dir='ltr'><strong>interdum</strong></span> <span class='ocrx_word' id='word_1_138' title='bbox 775 1364 852 1398; x_wconf 74' lang='lat' dir='ltr'><strong>fieri</strong></span> <span class='ocrx_word' id='word_1_139' title='bbox 878 1363 1089 1398; x_wconf 73' lang='lat' dir='ltr'><strong>ostendimus</strong></span> <span class='ocrx_word' id='word_1_140' title='bbox 1113 1363 1155 1396; x_wconf 91' lang='lat' dir='ltr'><strong>ad</strong></span> <span class='ocrx_word' id='word_1_141' title='bbox 1181 1363 1285 1398; x_wconf 81' lang='lat' dir='ltr'><strong>Catii.</strong></span> <span class='ocrx_word' id='word_1_142' title='bbox 1310 1364 1473 1404; x_wconf 88' lang='lat' dir='ltr'>XXXIII,</span> <span class='ocrx_word' id='word_1_143' title='bbox 1493 1364 1527 1397; x_wconf 93' lang='lat'><strong>1.</strong></span> 
     </span>
     <span class='ocr_line' id='line_1_17' title="bbox 136 1422 1527 1469; baseline 0.001 -12"><span class='ocrx_word' id='word_1_144' title='bbox 136 1434 172 1466; x_wconf 80' lang='lat' dir='ltr'><strong>p.</strong></span> <span class='ocrx_word' id='word_1_145' title='bbox 197 1423 275 1458; x_wconf 83' lang='lat'><strong>153.</strong></span> <span class='ocrx_word' id='word_1_146' title='bbox 322 1425 423 1468; x_wconf 85' lang='lat' dir='ltr'><strong>Quod</strong></span> <span class='ocrx_word' id='word_1_147' title='bbox 448 1437 661 1469; x_wconf 82' lang='lat' dir='ltr'><strong>quamquam</strong></span> <span class='ocrx_word' id='word_1_148' title='bbox 687 1427 765 1459; x_wconf 86' lang='lat' dir='ltr'><strong>Iuce</strong></span> <span class='ocrx_word' id='word_1_149' title='bbox 787 1424 916 1460; x_wconf 82' lang='lat' dir='ltr'><strong>clarius</strong></span> <span class='ocrx_word' id='word_1_150' title='bbox 941 1427 994 1458; x_wconf 79' lang='lat' dir='ltr'><strong>est</strong></span> <span class='ocrx_word' id='word_1_151' title='bbox 1012 1448 1023 1464; x_wconf 90' lang='lat'><strong>,</strong></span> <span class='ocrx_word' id='word_1_152' title='bbox 1056 1422 1209 1456; x_wconf 81' lang='lat' dir='ltr'><strong>Weisius</strong></span> <span class='ocrx_word' id='word_1_153' title='bbox 1234 1426 1363 1465; x_wconf 86' lang='lat' dir='ltr'><strong>tamen,</strong></span> <span class='ocrx_word' id='word_1_154' title='bbox 1387 1430 1425 1457; x_wconf 86' lang='lat' dir='ltr'><strong>ut</strong></span> <span class='ocrx_word' id='word_1_155' title='bbox 1449 1425 1527 1468; x_wconf 83' lang='lat' dir='ltr'><strong>plu-</strong></span> 
     </span>
     <span class='ocr_line' id='line_1_18' title="bbox 136 1483 1526 1530; baseline 0 -13"><span class='ocrx_word' id='word_1_156' title='bbox 136 1483 245 1518; x_wconf 81' lang='lat' dir='ltr'><strong>rimas</strong></span> <span class='ocrx_word' id='word_1_157' title='bbox 268 1484 346 1520; x_wconf 88' lang='lat' dir='ltr'><strong>edd.</strong></span> <span class='ocrx_word' id='word_1_158' title='bbox 369 1490 528 1520; x_wconf 78' lang='lat' dir='ltr'><strong>veterum</strong></span> <span class='ocrx_word' id='word_1_159' title='bbox 553 1487 672 1520; x_wconf 84' lang='lat' dir='ltr'><strong>sordes</strong></span> <span class='ocrx_word' id='word_1_160' title='bbox 695 1485 856 1530; x_wconf 87' lang='lat' dir='ltr'><strong>repetiit,</strong></span> <span class='ocrx_word' id='word_1_161' title='bbox 891 1486 940 1519; x_wconf 88' lang='lat' dir='ltr'><strong>ita</strong></span> <span class='ocrx_word' id='word_1_162' title='bbox 964 1484 1120 1528; x_wconf 84' lang='lat' dir='ltr'>ineptam</span> <span class='ocrx_word' id='word_1_163' title='bbox 1144 1483 1322 1518; x_wconf 74' lang='lat' dir='ltr'><strong>revocavit</strong></span> <span class='ocrx_word' id='word_1_164' title='bbox 1345 1485 1526 1528; x_wconf 63' lang='lat' dir='ltr'><strong>Grjphia-</strong></span> 
     </span>
     <span class='ocr_line' id='line_1_19' title="bbox 136 1544 1528 1589; baseline 0 -12"><span class='ocrx_word' id='word_1_165' title='bbox 136 1554 203 1578; x_wconf 81' lang='lat' dir='ltr'><strong>nac</strong></span> <span class='ocrx_word' id='word_1_166' title='bbox 225 1544 406 1589; x_wconf 86' lang='lat' dir='ltr'><strong>utriusque</strong></span> <span class='ocrx_word' id='word_1_167' title='bbox 429 1552 463 1581; x_wconf 80' lang='lat' dir='ltr'><strong>et</strong></span> <span class='ocrx_word' id='word_1_168' title='bbox 487 1547 718 1581; x_wconf 80' lang='lat' dir='ltr'><strong>Putschianae</strong></span> <span class='ocrx_word' id='word_1_169' title='bbox 740 1545 900 1580; x_wconf 77' lang='lat' dir='ltr'>editionis</span> <span class='ocrx_word' id='word_1_170' title='bbox 923 1544 1151 1588; x_wconf 80' lang='lat' dir='ltr'><strong>scripturam:</strong></span> <span class='ocrx_word' id='word_1_171' title='bbox 1177 1544 1329 1577; x_wconf 78' lang='lat' dir='ltr'><strong>Romam·</strong></span> <span class='ocrx_word' id='word_1_172' title='bbox 1349 1544 1528 1589; x_wconf 81' lang='lat' dir='ltr'><strong>signorum</strong></span> 
     </span>
     <span class='ocr_line' id='line_1_20' title="bbox 138 1605 1528 1653; baseline -0.001 -13"><span class='ocrx_word' id='word_1_173' title='bbox 138 1610 173 1640; x_wconf 83' lang='lat' dir='ltr'><strong>et</strong></span> <span class='ocrx_word' id='word_1_174' title='bbox 196 1618 394 1650; x_wconf 80' lang='lat' dir='ltr'><strong>armorum,</strong></span> <span class='ocrx_word' id='word_1_175' title='bbox 422 1613 456 1642; x_wconf 83' lang='lat' dir='ltr'><strong>et</strong></span> <span class='ocrx_word' id='word_1_176' title='bbox 480 1609 659 1653; x_wconf 77' lang='lat' dir='ltr'><strong>aliquanto</strong></span> <span class='ocrx_word' id='word_1_177' title='bbox 690 1619 830 1641; x_wconf 78' lang='lat' dir='ltr'><strong>numero</strong></span> <span class='ocrx_word' id='word_1_178' title='bbox 854 1607 1002 1641; x_wconf 77' lang='lat' dir='ltr'><strong>hostium</strong></span> <span class='ocrx_word' id='word_1_179' title='bbox 1023 1605 1140 1649; x_wconf 80' lang='lat' dir='ltr'><strong>potiti.</strong></span> <span class='ocrx_word' id='word_1_180' title='bbox 1189 1605 1316 1646; x_wconf 73' lang='lat' dir='ltr'><strong>Vides,</strong></span> <span class='ocrx_word' id='word_1_181' title='bbox 1353 1605 1528 1639; x_wconf 81' lang='lat' dir='ltr'><strong>neminem</strong></span> 
     </span>
     <span class='ocr_line' id='line_1_21' title="bbox 137 1665 1529 1713; baseline 0.001 -14"><span class='ocrx_word' id='word_1_182' title='bbox 137 1665 190 1700; x_wconf 79' lang='lat' dir='ltr'><strong>ita</strong></span> <span class='ocrx_word' id='word_1_183' title='bbox 222 1667 372 1702; x_wconf 82' lang='lat' dir='ltr'><strong>scribere</strong></span> <span class='ocrx_word' id='word_1_184' title='bbox 405 1679 526 1713; x_wconf 81' lang='lat' dir='ltr'><strong>posse,</strong></span> <span class='ocrx_word' id='word_1_185' title='bbox 569 1668 637 1702; x_wconf 76' lang='lat' dir='ltr'><strong>nisi</strong></span> <span class='ocrx_word' id='word_1_186' title='bbox 679 1667 738 1711; x_wconf 89' lang='lat' dir='ltr'><strong>qui</strong></span> <span class='ocrx_word' id='word_1_187' title='bbox 777 1667 908 1701; x_wconf 83' lang='lat' dir='ltr'><strong>nesciat</strong></span> <span class='ocrx_word' id='word_1_188' title='bbox 941 1667 1159 1711; x_wconf 79' lang='lat' dir='ltr'><strong>aliquantum</strong></span> <span class='ocrx_word' id='word_1_189' title='bbox 1203 1666 1406 1711; x_wconf 84' lang='lat' dir='ltr'><strong>significare</strong></span> <span class='ocrx_word' id='word_1_190' title='bbox 1441 1668 1529 1701; x_wconf 81' lang='lat' dir='ltr'><strong>satis</strong></span> 
     </span>
     <span class='ocr_line' id='line_1_22' title="bbox 141 1726 1526 1773; baseline 0.001 -13"><span class='ocrx_word' id='word_1_191' title='bbox 141 1738 310 1773; x_wconf 81' lang='lat' dir='ltr'><strong>magnum</strong></span> <span class='ocrx_word' id='word_1_192' title='bbox 335 1729 400 1772; x_wconf 79' lang='lat' dir='ltr'><strong>(cf.</strong></span> <span class='ocrx_word' id='word_1_193' title='bbox 426 1734 547 1764; x_wconf 81' lang='lat' dir='ltr'><strong>notata</strong></span> <span class='ocrx_word' id='word_1_194' title='bbox 567 1730 611 1764; x_wconf 79' lang='lat' dir='ltr'><strong>ad</strong></span> <span class='ocrx_word' id='word_1_195' title='bbox 635 1729 738 1763; x_wconf 83' lang='lat' dir='ltr'><strong>Catil.</strong></span> <span class='ocrx_word' id='word_1_196' title='bbox 764 1729 858 1768; x_wconf 82' lang='lat' dir='ltr'><strong>vlu,</strong></span> <span class='ocrx_word' id='word_1_197' title='bbox 890 1728 924 1761; x_wconf 87' lang='lat'><strong>2.</strong></span> <span class='ocrx_word' id='word_1_198' title='bbox 950 1739 982 1771; x_wconf 84' lang='lat' dir='ltr'><strong>p.</strong></span> <span class='ocrx_word' id='word_1_199' title='bbox 1006 1726 1062 1761; x_wconf 73' lang='lat'><strong>44.</strong></span> <span class='ocrx_word' id='word_1_200' title='bbox 1087 1728 1165 1772; x_wconf 86' lang='lat' dir='ltr'><strong>lug.</strong></span> <span class='ocrx_word' id='word_1_201' title='bbox 1192 1727 1353 1769; x_wconf 82' lang='lat' dir='ltr'>LXXIX,</span> <span class='ocrx_word' id='word_1_202' title='bbox 1376 1727 1408 1761; x_wconf 78' lang='lat'><strong>4.</strong></span> <span class='ocrx_word' id='word_1_203' title='bbox 1435 1732 1470 1762; x_wconf 84' lang='lat' dir='ltr'><strong>et</strong></span> <span class='ocrx_word' id='word_1_204' title='bbox 1491 1727 1526 1762; x_wconf 78' lang='lat'><strong>7.</strong></span> 
     </span>
     <span class='ocr_line' id='line_1_23' title="bbox 137 1787 1529 1834; baseline 0 -12"><span class='ocrx_word' id='word_1_205' title='bbox 137 1787 327 1831; x_wconf 79' lang='lat' dir='ltr'>LXXXVI,</span> <span class='ocrx_word' id='word_1_206' title='bbox 350 1791 382 1824; x_wconf 72' lang='lat'><strong>4.</strong></span> <span class='ocrx_word' id='word_1_207' title='bbox 403 1791 470 1833; x_wconf 83' lang='lat' dir='ltr'><strong>GV,</strong></span> <span class='ocrx_word' id='word_1_208' title='bbox 487 1791 557 1834; x_wconf 67' lang='grc'><strong>4.).</strong></span> <span class='ocrx_word' id='word_1_209' title='bbox 583 1791 639 1824; x_wconf 89' lang='lat' dir='ltr'><strong>cni</strong></span> <span class='ocrx_word' id='word_1_210' title='bbox 664 1801 804 1834; x_wconf 86' lang='lat' dir='ltr'><strong>prorsus</strong></span> <span class='ocrx_word' id='word_1_211' title='bbox 826 1792 1021 1834; x_wconf 81' lang='lat' dir='ltr'><strong>repugnant</strong></span> <span class='ocrx_word' id='word_1_212' title='bbox 1045 1788 1233 1831; x_wconf 82' lang='lat' dir='ltr'><strong>sequeutia,</strong></span> <span class='ocrx_word' id='word_1_213' title='bbox 1257 1787 1382 1832; x_wconf 82' lang='lat' dir='ltr'><strong>quibus</strong></span> <span class='ocrx_word' id='word_1_214' title='bbox 1407 1792 1529 1822; x_wconf 83' lang='lat' dir='ltr'><strong>auctor</strong></span> 
     </span>
     <span class='ocr_line' id='line_1_24' title="bbox 136 1849 1530 1894; baseline 0.001 -13"><span class='ocrx_word' id='word_1_215' title='bbox 136 1858 265 1892; x_wconf 77' lang='lat' dir='ltr'><strong>paucos</strong></span> <span class='ocrx_word' id='word_1_216' title='bbox 291 1854 412 1894; x_wconf 74' lang='lat' dir='ltr'><strong>captos</strong></span> <span class='ocrx_word' id='word_1_217' title='bbox 435 1863 509 1886; x_wconf 85' lang='lat' dir='ltr'><strong>esse</strong></span> <span class='ocrx_word' id='word_1_218' title='bbox 533 1851 703 1892; x_wconf 76' lang='lat' dir='ltr'><strong>ostendit,</strong></span> <span class='ocrx_word' id='word_1_219' title='bbox 727 1854 870 1894; x_wconf 84' lang='lat' dir='ltr'><strong>propter</strong></span> <span class='ocrx_word' id='word_1_220' title='bbox 891 1849 1000 1893; x_wconf 79' lang='lat' dir='ltr'><strong>fugae</strong></span> <span class='ocrx_word' id='word_1_221' title='bbox 1024 1849 1317 1882; x_wconf 77' lang='lat' dir='ltr'><strong>consuetudinem.</strong></span> <span class='ocrx_word' id='word_1_222' title='bbox 1367 1849 1530 1883; x_wconf 84' lang='lat' dir='ltr'><strong>Praeter-</strong></span> 
     </span>
     <span class='ocr_line' id='line_1_25' title="bbox 137 1909 1529 1957; baseline 0.001 -16"><span class='ocrx_word' id='word_1_223' title='bbox 137 1919 202 1950; x_wconf 77' lang='lat' dir='ltr'><strong>ea,</strong></span> <span class='ocrx_word' id='word_1_224' title='bbox 247 1921 319 1953; x_wconf 85' lang='lat' dir='ltr'><strong>qua</strong></span> <span class='ocrx_word' id='word_1_225' title='bbox 350 1912 533 1955; x_wconf 84' lang='lat' dir='ltr'><strong>prudentia</strong></span> <span class='ocrx_word' id='word_1_226' title='bbox 567 1922 758 1957; x_wconf 81' lang='lat' dir='ltr'><strong>paucorum</strong></span> <span class='ocrx_word' id='word_1_227' title='bbox 797 1909 912 1943; x_wconf 90' lang='lat' dir='ltr'><strong>omitti</strong></span> <span class='ocrx_word' id='word_1_228' title='bbox 944 1909 1074 1952; x_wconf 81' lang='lat' dir='ltr'><strong>possit,</strong></span> <span class='ocrx_word' id='word_1_229' title='bbox 1113 1910 1204 1952; x_wconf 90' lang='lat' dir='ltr'><strong>qnod</strong></span> <span class='ocrx_word' id='word_1_230' title='bbox 1238 1910 1448 1943; x_wconf 80' lang='lat' dir='ltr'><strong>vocabulum</strong></span> <span class='ocrx_word' id='word_1_231' title='bbox 1483 1911 1529 1945; x_wconf 86' lang='lat' dir='ltr'><strong>ad</strong></span> 
     </span>
     <span class='ocr_line' id='line_1_26' title="bbox 137 1970 1530 2014; baseline 0.001 -11"><span class='ocrx_word' id='word_1_232' title='bbox 137 1979 246 2004; x_wconf 86' lang='lat' dir='ltr'><strong>unum</strong></span> <span class='ocrx_word' id='word_1_233' title='bbox 272 1981 390 2005; x_wconf 75' lang='lat' dir='ltr'><strong>omnes</strong></span> <span class='ocrx_word' id='word_1_234' title='bbox 411 1974 512 2007; x_wconf 88' lang='lat' dir='ltr'><strong>codd.</strong></span> <span class='ocrx_word' id='word_1_235' title='bbox 537 1977 672 2014; x_wconf 86' lang='lat' dir='ltr'><strong>tenent,</strong></span> <span class='ocrx_word' id='word_1_236' title='bbox 704 1982 775 2004; x_wconf 90' lang='lat' dir='ltr'><strong>non</strong></span> <span class='ocrx_word' id='word_1_237' title='bbox 808 1980 987 2013; x_wconf 83' lang='lat' dir='ltr'><strong>assequor.</strong></span> <span class='ocrx_word' id='word_1_238' title='bbox 1010 1988 1057 1994; x_wconf 95' lang='lat'>—</span> <span class='ocrx_word' id='word_1_239' title='bbox 1081 1970 1151 2003; x_wconf 86' lang='lat' dir='ltr'><strong>Pro</strong></span> <span class='ocrx_word' id='word_1_240' title='bbox 1184 1974 1292 2004; x_wconf 84' lang='lat' dir='ltr'><strong>tuta</strong></span> <span class='ocrx_word' id='word_1_241' title='bbox 1324 1976 1403 2004; x_wconf 80' lang='lat' dir='ltr'><strong>sunt</strong></span> <span class='ocrx_word' id='word_1_242' title='bbox 1426 1971 1530 2005; x_wconf 88' lang='lat' dir='ltr'><strong>multi</strong></span> 
     </span>
     <span class='ocr_line' id='line_1_27' title="bbox 140 2030 1528 2073; baseline 0.003 -11"><span class='ocrx_word' id='word_1_243' title='bbox 140 2030 240 2063; x_wconf 82' lang='lat' dir='ltr'><strong>codd.</strong></span> <span class='ocrx_word' id='word_1_244' title='bbox 271 2035 391 2065; x_wconf 78' lang='lat' dir='ltr'><strong>tutata</strong></span> <span class='ocrx_word' id='word_1_245' title='bbox 417 2037 518 2073; x_wconf 73' lang='lat' dir='ltr'><strong>eunt,</strong></span> <span class='ocrx_word' id='word_1_246' title='bbox 555 2033 617 2066; x_wconf 82' lang='lat' dir='ltr'><strong>aiii</strong></span> <span class='ocrx_word' id='word_1_247' title='bbox 651 2033 761 2066; x_wconf 81' lang='lat' dir='ltr'><strong>tutati</strong></span> <span class='ocrx_word' id='word_1_248' title='bbox 784 2036 872 2065; x_wconf 80' lang='lat' dir='ltr'><strong>sunt.</strong></span> <span class='ocrx_word' id='word_1_249' title='bbox 926 2032 1018 2064; x_wconf 74' lang='lat' dir='ltr'><strong>Tuta</strong></span> <span class='ocrx_word' id='word_1_250' title='bbox 1052 2034 1162 2064; x_wconf 80' lang='lat' dir='ltr'><strong>exstat</strong></span> <span class='ocrx_word' id='word_1_251' title='bbox 1185 2030 1220 2063; x_wconf 93' lang='lat' dir='ltr'><strong>in</strong></span> <span class='ocrx_word' id='word_1_252' title='bbox 1245 2030 1416 2065; x_wconf 83' lang='lat' dir='ltr'><strong>Gommei.</strong></span> <span class='ocrx_word' id='word_1_253' title='bbox 1441 2032 1528 2066; x_wconf 87' lang='lat' dir='ltr'><strong>Naz.</strong></span> 
     </span>
     <span class='ocr_line' id='line_1_28' title="bbox 140 2089 1528 2128; baseline 0.004 -5"><span class='ocrx_word' id='word_1_254' title='bbox 140 2090 253 2124; x_wconf 72' lang='lat' dir='ltr'><strong>Putat.</strong></span> <span class='ocrx_word' id='word_1_255' title='bbox 277 2090 310 2123; x_wconf 85' lang='lat'><strong>2.</strong></span> <span class='ocrx_word' id='word_1_256' title='bbox 336 2092 541 2125; x_wconf 87' lang='lat' dir='ltr'><strong>Pembroch.</strong></span> <span class='ocrx_word' id='word_1_257' title='bbox 565 2093 680 2126; x_wconf 83' lang='lat' dir='ltr'><strong>Mark.</strong></span> <span class='ocrx_word' id='word_1_258' title='bbox 706 2095 748 2127; x_wconf 85' lang='grc' dir='ltr'><strong>Γ.</strong></span> <span class='ocrx_word' id='word_1_259' title='bbox 774 2093 854 2126; x_wconf 85' lang='lat' dir='ltr'><strong>Bas.</strong></span> <span class='ocrx_word' id='word_1_260' title='bbox 878 2091 910 2124; x_wconf 91' lang='lat' dir='ltr'><strong>l.</strong></span> <span class='ocrx_word' id='word_1_261' title='bbox 937 2089 1079 2124; x_wconf 87' lang='lat' dir='ltr'><strong>Fabric.</strong></span> <span class='ocrx_word' id='word_1_262' title='bbox 1105 2091 1138 2124; x_wconf 90' lang='lat' dir='ltr'><strong>l.</strong></span> <span class='ocrx_word' id='word_1_263' title='bbox 1169 2091 1313 2125; x_wconf 81' lang='lat' dir='ltr'><strong>Eccard.</strong></span> <span class='ocrx_word' id='word_1_264' title='bbox 1351 2091 1468 2126; x_wconf 80' lang='lat' dir='ltr'><strong>Gueif.</strong></span> <span class='ocrx_word' id='word_1_265' title='bbox 1494 2093 1528 2128; x_wconf 90' lang='lat'><strong>1.</strong></span> 
     </span>
     <span class='ocr_line' id='line_1_29' title="bbox 139 2150 1530 2195; baseline 0.001 -10"><span class='ocrx_word' id='word_1_266' title='bbox 139 2150 174 2185; x_wconf 83' lang='lat'><strong>2.</strong></span> <span class='ocrx_word' id='word_1_267' title='bbox 196 2150 231 2186; x_wconf 81' lang='lat'><strong>3.</strong></span> <span class='ocrx_word' id='word_1_268' title='bbox 255 2150 288 2184; x_wconf 72' lang='lat'><strong>4.</strong></span> <span class='ocrx_word' id='word_1_269' title='bbox 313 2152 346 2184; x_wconf 80' lang='lat'><strong>9.</strong></span> <span class='ocrx_word' id='word_1_270' title='bbox 372 2153 428 2186; x_wconf 84' lang='lat'><strong>10.</strong></span> <span class='ocrx_word' id='word_1_271' title='bbox 461 2152 558 2186; x_wconf 82' lang='lat' dir='ltr'><strong>Leid.</strong></span> <span class='ocrx_word' id='word_1_272' title='bbox 582 2153 623 2186; x_wconf 76' lang='lat' dir='ltr'><strong>A.</strong></span> <span class='ocrx_word' id='word_1_273' title='bbox 647 2154 691 2186; x_wconf 89' lang='lat' dir='ltr'><strong>D.</strong></span> <span class='ocrx_word' id='word_1_274' title='bbox 719 2152 758 2185; x_wconf 83' lang='lat' dir='ltr'><strong>F.</strong></span> <span class='ocrx_word' id='word_1_275' title='bbox 784 2152 813 2185; x_wconf 90' lang='lat'><strong>1.</strong></span> <span class='ocrx_word' id='word_1_276' title='bbox 840 2152 924 2184; x_wconf 80' lang='lat' dir='ltr'><strong>Ven.</strong></span> <span class='ocrx_word' id='word_1_277' title='bbox 956 2151 989 2184; x_wconf 91' lang='lat'><strong>1.</strong></span> <span class='ocrx_word' id='word_1_278' title='bbox 1014 2150 1124 2184; x_wconf 65' lang='lat' dir='ltr'><strong>ratic.</strong></span> <span class='ocrx_word' id='word_1_279' title='bbox 1153 2150 1186 2184; x_wconf 84' lang='lat'><strong>3.</strong></span> <span class='ocrx_word' id='word_1_280' title='bbox 1223 2161 1270 2184; x_wconf 88' lang='lat' dir='ltr'><strong>m.</strong></span> <span class='ocrx_word' id='word_1_281' title='bbox 1306 2163 1328 2195; x_wconf 85' lang='lat' dir='ltr'>p</span> <span class='ocrx_word' id='word_1_282' title='bbox 1374 2152 1469 2185; x_wconf 79' lang='lat' dir='ltr'><strong>Med.</strong></span> <span class='ocrx_word' id='word_1_283' title='bbox 1496 2153 1530 2187; x_wconf 92' lang='lat'><strong>1.</strong></span> 
     </span>
     <span class='ocr_line' id='line_1_30' title="bbox 140 2210 1530 2257; baseline 0.001 -11"><span class='ocrx_word' id='word_1_284' title='bbox 140 2222 189 2248; x_wconf 85' lang='lat' dir='ltr'><strong>m.</strong></span> <span class='ocrx_word' id='word_1_285' title='bbox 210 2223 277 2245; x_wconf 82' lang='lat' dir='ltr'><strong>sec.</strong></span> <span class='ocrx_word' id='word_1_286' title='bbox 299 2212 410 2246; x_wconf 85' lang='lat' dir='ltr'><strong>Paris.</strong></span> <span class='ocrx_word' id='word_1_287' title='bbox 435 2214 475 2247; x_wconf 85' lang='grc' dir='ltr'><strong>Α.</strong></span> <span class='ocrx_word' id='word_1_288' title='bbox 505 2214 538 2247; x_wconf 91' lang='lat' dir='ltr'><strong>b.</strong></span> <span class='ocrx_word' id='word_1_289' title='bbox 563 2225 593 2249; x_wconf 89' lang='lat' dir='ltr'><strong>z.</strong></span> <span class='ocrx_word' id='word_1_290' title='bbox 618 2213 707 2248; x_wconf 86' lang='lat' dir='ltr'><strong>Tur.</strong></span> <span class='ocrx_word' id='word_1_291' title='bbox 731 2214 765 2247; x_wconf 91' lang='lat' dir='ltr'><strong>l.</strong></span> <span class='ocrx_word' id='word_1_292' title='bbox 790 2224 836 2247; x_wconf 90' lang='lat' dir='ltr'><strong>m.</strong></span> <span class='ocrx_word' id='word_1_293' title='bbox 861 2225 914 2257; x_wconf 85' lang='lat' dir='ltr'><strong>pr.</strong></span> <span class='ocrx_word' id='word_1_294' title='bbox 939 2217 972 2246; x_wconf 87' lang='lat' dir='ltr'><strong>et</strong></span> <span class='ocrx_word' id='word_1_295' title='bbox 998 2211 1157 2252; x_wconf 66' lang='lat' dir='ltr'><strong>Goeriit„</strong></span> <span class='ocrx_word' id='word_1_296' title='bbox 1181 2210 1285 2255; x_wconf 82' lang='lat' dir='ltr'><strong>idque</strong></span> <span class='ocrx_word' id='word_1_297' title='bbox 1309 2212 1470 2256; x_wconf 82' lang='lat' dir='ltr'><strong>primitus</strong></span> <span class='ocrx_word' id='word_1_298' title='bbox 1494 2213 1530 2248; x_wconf 90' lang='lat' dir='ltr'><strong>in</strong></span> 
     </span>
     <span class='ocr_line' id='line_1_31' title="bbox 141 2272 1528 2321; baseline 0.001 -14"><span class='ocrx_word' id='word_1_299' title='bbox 141 2278 236 2308; x_wconf 81' lang='lat' dir='ltr'><strong>textu</strong></span> <span class='ocrx_word' id='word_1_300' title='bbox 264 2274 371 2308; x_wconf 82' lang='lat' dir='ltr'><strong>fuisse</strong></span> <span class='ocrx_word' id='word_1_301' title='bbox 399 2279 494 2309; x_wconf 84' lang='lat' dir='ltr'><strong>certo</strong></span> <span class='ocrx_word' id='word_1_302' title='bbox 527 2275 736 2321; x_wconf 82' lang='lat' dir='ltr'><strong>intelligitur</strong></span> <span class='ocrx_word' id='word_1_303' title='bbox 762 2286 804 2308; x_wconf 81' lang='lat' dir='ltr'><strong>cx</strong></span> <span class='ocrx_word' id='word_1_304' title='bbox 827 2285 893 2316; x_wconf 83' lang='lat' dir='ltr'><strong>eo,</strong></span> <span class='ocrx_word' id='word_1_305' title='bbox 926 2273 1019 2317; x_wconf 89' lang='lat' dir='ltr'><strong>qnod</strong></span> <span class='ocrx_word' id='word_1_306' title='bbox 1047 2272 1217 2305; x_wconf 70' lang='lat' dir='ltr'><strong>Numidas</strong></span> <span class='ocrx_word' id='word_1_307' title='bbox 1255 2273 1290 2306; x_wconf 90' lang='lat' dir='ltr'><strong>in</strong></span> <span class='ocrx_word' id='word_1_308' title='bbox 1315 2274 1398 2309; x_wconf 79' lang='lat' dir='ltr'><strong>Bas.</strong></span> <span class='ocrx_word' id='word_1_309' title='bbox 1422 2276 1455 2309; x_wconf 88' lang='lat' dir='ltr'><strong>l.</strong></span> <span class='ocrx_word' id='word_1_310' title='bbox 1480 2286 1528 2310; x_wconf 91' lang='lat' dir='ltr'><strong>m.</strong></span> 
     </span>
     <span class='ocr_line' id='line_1_32' title="bbox 142 2333 1530 2380; baseline 0.001 -12"><span class='ocrx_word' id='word_1_311' title='bbox 142 2346 208 2380; x_wconf 63' lang='lat' dir='ltr'><strong>pr„</strong></span> <span class='ocrx_word' id='word_1_312' title='bbox 233 2336 371 2370; x_wconf 86' lang='lat' dir='ltr'><strong>Fabric.</strong></span> <span class='ocrx_word' id='word_1_313' title='bbox 398 2338 429 2370; x_wconf 86' lang='lat' dir='ltr'><strong>l.</strong></span> <span class='ocrx_word' id='word_1_314' title='bbox 455 2346 502 2369; x_wconf 90' lang='lat' dir='ltr'><strong>m.</strong></span> <span class='ocrx_word' id='word_1_315' title='bbox 526 2347 592 2379; x_wconf 87' lang='lat' dir='ltr'><strong>pr.,</strong></span> <span class='ocrx_word' id='word_1_316' title='bbox 617 2335 704 2371; x_wconf 83' lang='lat' dir='ltr'><strong>Tur.</strong></span> <span class='ocrx_word' id='word_1_317' title='bbox 728 2335 761 2369; x_wconf 92' lang='lat'><strong>1.</strong></span> <span class='ocrx_word' id='word_1_318' title='bbox 785 2346 833 2368; x_wconf 89' lang='lat' dir='ltr'><strong>m.</strong></span> <span class='ocrx_word' id='word_1_319' title='bbox 860 2346 923 2377; x_wconf 63' lang='lat' dir='ltr'><strong>pr„</strong></span> <span class='ocrx_word' id='word_1_320' title='bbox 948 2333 1132 2377; x_wconf 67' lang='lat' dir='ltr'><strong>Tegei-ns„</strong></span> <span class='ocrx_word' id='word_1_321' title='bbox 1155 2333 1268 2367; x_wconf 83' lang='lat' dir='ltr'><strong>Paris.</strong></span> <span class='ocrx_word' id='word_1_322' title='bbox 1293 2346 1323 2367; x_wconf 90' lang='lat' dir='ltr'><strong>c.</strong></span> <span class='ocrx_word' id='word_1_323' title='bbox 1347 2346 1378 2368; x_wconf 90' lang='lat' dir='ltr'><strong>z.</strong></span> <span class='ocrx_word' id='word_1_324' title='bbox 1404 2335 1530 2379; x_wconf 83' lang='lat' dir='ltr'><strong>depra-</strong></span> 
     </span>
     <span class='ocr_line' id='line_1_33' title="bbox 142 2393 1530 2440; baseline 0.001 -11"><span class='ocrx_word' id='word_1_325' title='bbox 142 2400 262 2430; x_wconf 80' lang='lat' dir='ltr'><strong>vatum</strong></span> <span class='ocrx_word' id='word_1_326' title='bbox 288 2397 356 2430; x_wconf 80' lang='lat' dir='ltr'><strong>fuit</strong></span> <span class='ocrx_word' id='word_1_327' title='bbox 388 2396 423 2430; x_wconf 91' lang='lat' dir='ltr'><strong>in</strong></span> <span class='ocrx_word' id='word_1_328' title='bbox 462 2396 642 2439; x_wconf 77' lang='lat' dir='ltr'><strong>Numidis,</strong></span> <span class='ocrx_word' id='word_1_329' title='bbox 678 2406 780 2439; x_wconf 89' lang='lat' dir='ltr'><strong>quem</strong></span> <span class='ocrx_word' id='word_1_330' title='bbox 816 2405 938 2428; x_wconf 79' lang='lat' dir='ltr'><strong>casum</strong></span> <span class='ocrx_word' id='word_1_331' title='bbox 962 2394 1102 2427; x_wconf 81' lang='lat' dir='ltr'><strong>scribae</strong></span> <span class='ocrx_word' id='word_1_332' title='bbox 1133 2393 1352 2428; x_wconf 79' lang='lat' dir='ltr'><strong>comminisci</strong></span> <span class='ocrx_word' id='word_1_333' title='bbox 1375 2406 1442 2429; x_wconf 88' lang='lat' dir='ltr'><strong>non</strong></span> <span class='ocrx_word' id='word_1_334' title='bbox 1466 2407 1530 2440; x_wconf 79' lang='lat' dir='ltr'><strong>po-</strong></span> 
     </span>
     <span class='ocr_line' id='line_1_34' title="bbox 141 2454 1529 2499; baseline -0.001 -8"><span class='ocrx_word' id='word_1_335' title='bbox 141 2458 308 2499; x_wconf 84' lang='lat' dir='ltr'><strong>tuissent,</strong></span> <span class='ocrx_word' id='word_1_336' title='bbox 342 2456 409 2491; x_wconf 82' lang='lat' dir='ltr'><strong>nisi</strong></span> <span class='ocrx_word' id='word_1_337' title='bbox 439 2461 540 2497; x_wconf 75' lang='lat' dir='ltr'><strong>tuta,</strong></span> <span class='ocrx_word' id='word_1_338' title='bbox 573 2455 609 2490; x_wconf 84' lang='lat' dir='ltr'><strong>in</strong></span> <span class='ocrx_word' id='word_1_339' title='bbox 641 2455 893 2499; x_wconf 70' lang='lat' dir='ltr'><strong>antiquissimis</strong></span> <span class='ocrx_word' id='word_1_340' title='bbox 924 2454 1092 2497; x_wconf 84' lang='lat' dir='ltr'><strong>exemplis</strong></span> <span class='ocrx_word' id='word_1_341' title='bbox 1115 2458 1309 2498; x_wconf 81' lang='lat' dir='ltr'><strong>repertum,</strong></span> <span class='ocrx_word' id='word_1_342' title='bbox 1346 2467 1410 2499; x_wconf 83' lang='lat' dir='ltr'><strong>pro</strong></span> <span class='ocrx_word' id='word_1_343' title='bbox 1433 2457 1529 2491; x_wconf 85' lang='lat' dir='ltr'><strong>adie-</strong></span> 
     </span>
     <span class='ocr_line' id='line_1_35' title="bbox 143 2514 1528 2560; baseline 0 -8"><span class='ocrx_word' id='word_1_344' title='bbox 143 2518 239 2555; x_wconf 85' lang='lat' dir='ltr'><strong>ctivo</strong></span> <span class='ocrx_word' id='word_1_345' title='bbox 274 2517 488 2552; x_wconf 82' lang='lat' dir='ltr'><strong>habuissent.</strong></span> <span class='ocrx_word' id='word_1_346' title='bbox 546 2516 584 2550; x_wconf 86' lang='lat' dir='ltr'><strong>Id</strong></span> <span class='ocrx_word' id='word_1_347' title='bbox 616 2516 730 2560; x_wconf 83' lang='lat' dir='ltr'><strong>ipsum</strong></span> <span class='ocrx_word' id='word_1_348' title='bbox 770 2521 886 2550; x_wconf 84' lang='lat' dir='ltr'><strong>tamen</strong></span> <span class='ocrx_word' id='word_1_349' title='bbox 921 2514 1131 2549; x_wconf 80' lang='lat' dir='ltr'><strong>Geriachius</strong></span> <span class='ocrx_word' id='word_1_350' title='bbox 1173 2515 1209 2549; x_wconf 91' lang='lat' dir='ltr'><strong>in</strong></span> <span class='ocrx_word' id='word_1_351' title='bbox 1247 2515 1301 2549; x_wconf 84' lang='lat' dir='ltr'><strong>ed.</strong></span> <span class='ocrx_word' id='word_1_352' title='bbox 1338 2515 1528 2552; x_wconf 72' lang='lat' dir='ltr'><strong>novissima</strong></span> 
     </span>
     <span class='ocr_line' id='line_1_36' title="bbox 141 2575 1527 2623; baseline -0.001 -10"><span class='ocrx_word' id='word_1_353' title='bbox 141 2579 299 2623; x_wconf 56' lang='lat' dir='ltr'><strong>sci-ipsiu</strong></span> <span class='ocrx_word' id='word_1_354' title='bbox 323 2578 382 2612; x_wconf 86' lang='lat' dir='ltr'><strong>sed</strong></span> <span class='ocrx_word' id='word_1_355' title='bbox 405 2577 580 2621; x_wconf 88' lang='lat' dir='ltr'><strong>quomodo</strong></span> <span class='ocrx_word' id='word_1_356' title='bbox 603 2588 730 2611; x_wconf 79' lang='lat' dir='ltr'><strong>arma</strong></span> <span class='ocrx_word' id='word_1_357' title='bbox 764 2577 871 2610; x_wconf 78' lang='lat' dir='ltr'><strong>alicui</strong></span> <span class='ocrx_word' id='word_1_358' title='bbox 900 2580 1002 2610; x_wconf 79' lang='lat' dir='ltr'><strong>tuta</strong></span> <span class='ocrx_word' id='word_1_359' title='bbox 1027 2586 1100 2609; x_wconf 74' lang='lat' dir='ltr'><strong>csse</strong></span> <span class='ocrx_word' id='word_1_360' title='bbox 1121 2575 1278 2619; x_wconf 75' lang='lat' dir='ltr'><strong>possint,</strong></span> <span class='ocrx_word' id='word_1_361' title='bbox 1315 2587 1527 2620; x_wconf 84' lang='lat' dir='ltr'><strong>quamquam</strong></span> 
     </span>
     <span class='ocr_line' id='line_1_37' title="bbox 143 2635 1528 2685; baseline -0.002 -11"><span class='ocrx_word' id='word_1_362' title='bbox 143 2641 219 2685; x_wconf 76' lang='lat' dir='ltr'><strong>ipse</strong></span> <span class='ocrx_word' id='word_1_363' title='bbox 252 2639 347 2673; x_wconf 77' lang='lat' dir='ltr'><strong>haud</strong></span> <span class='ocrx_word' id='word_1_364' title='bbox 381 2638 486 2672; x_wconf 87' lang='lat' dir='ltr'><strong>dubie</strong></span> <span class='ocrx_word' id='word_1_365' title='bbox 519 2637 605 2678; x_wconf 76' lang='lat' dir='ltr'><strong>scit,</strong></span> <span class='ocrx_word' id='word_1_366' title='bbox 638 2638 727 2671; x_wconf 80' lang='lat' dir='ltr'><strong>alios</strong></span> <span class='ocrx_word' id='word_1_367' title='bbox 757 2637 880 2672; x_wconf 86' lang='lat' dir='ltr'><strong>docere</strong></span> <span class='ocrx_word' id='word_1_368' title='bbox 915 2635 1042 2670; x_wconf 81' lang='lat' dir='ltr'><strong>omisit.</strong></span> <span class='ocrx_word' id='word_1_369' title='bbox 1103 2637 1253 2671; x_wconf 79' lang='lat' dir='ltr'><strong>Tutotus</strong></span> <span class='ocrx_word' id='word_1_370' title='bbox 1279 2642 1397 2671; x_wconf 83' lang='lat' dir='ltr'><strong>autem</strong></span> <span class='ocrx_word' id='word_1_371' title='bbox 1420 2649 1528 2681; x_wconf 84' lang='lat' dir='ltr'><strong>quum</strong></span> 
     </span>
     <span class='ocr_line' id='line_1_38' title="bbox 146 2695 1526 2741; baseline -0.002 -7"><span class='ocrx_word' id='word_1_372' title='bbox 146 2701 255 2735; x_wconf 84' lang='lat' dir='ltr'><strong>mnito</strong></span> <span class='ocrx_word' id='word_1_373' title='bbox 287 2699 450 2734; x_wconf 78' lang='lat' dir='ltr'><strong>usitatior</strong></span> <span class='ocrx_word' id='word_1_374' title='bbox 483 2697 626 2741; x_wconf 80' lang='lat' dir='ltr'><strong>perfecti</strong></span> <span class='ocrx_word' id='word_1_375' title='bbox 659 2698 773 2732; x_wconf 77' lang='lat' dir='ltr'><strong>forma</strong></span> <span class='ocrx_word' id='word_1_376' title='bbox 806 2697 869 2737; x_wconf 86' lang='lat' dir='ltr'><strong>sit,</strong></span> <span class='ocrx_word' id='word_1_377' title='bbox 900 2707 1005 2741; x_wconf 86' lang='lat' dir='ltr'><strong>quam</strong></span> <span class='ocrx_word' id='word_1_378' title='bbox 1036 2701 1130 2730; x_wconf 76' lang='lat' dir='ltr'><strong>tutus</strong></span> <span class='ocrx_word' id='word_1_379' title='bbox 1163 2697 1222 2740; x_wconf 78' lang='lat' dir='ltr'><strong>(v-</strong></span> <span class='ocrx_word' id='word_1_380' title='bbox 1256 2696 1301 2731; x_wconf 86' lang='lat' dir='ltr'><strong>ad</strong></span> <span class='ocrx_word' id='word_1_381' title='bbox 1331 2709 1360 2731; x_wconf 90' lang='lat' dir='ltr'><strong>c.</strong></span> <span class='ocrx_word' id='word_1_382' title='bbox 1387 2696 1469 2738; x_wconf 79' lang='lat' dir='ltr'><strong>ml,</strong></span> <span class='ocrx_word' id='word_1_383' title='bbox 1493 2695 1526 2731; x_wconf 87' lang='lat'><strong>4.</strong></span> 
     </span>
     <span class='ocr_line' id='line_1_39' title="bbox 146 2757 1528 2802; baseline -0.002 -9"><span class='ocrx_word' id='word_1_384' title='bbox 146 2760 406 2795; x_wconf 72' lang='lat' dir='ltr'><strong>Drakenborch.</strong></span> <span class='ocrx_word' id='word_1_385' title='bbox 430 2759 473 2793; x_wconf 80' lang='lat' dir='ltr'><strong>ud</strong></span> <span class='ocrx_word' id='word_1_386' title='bbox 498 2759 573 2793; x_wconf 82' lang='lat' dir='ltr'><strong>Liv.</strong></span> <span class='ocrx_word' id='word_1_387' title='bbox 600 2760 646 2800; x_wconf 84' lang='lat' dir='ltr'><strong>X,</strong></span> <span class='ocrx_word' id='word_1_388' title='bbox 667 2757 726 2800; x_wconf 72' lang='lat'><strong>3⁷,</strong></span> <span class='ocrx_word' id='word_1_389' title='bbox 749 2758 783 2793; x_wconf 86' lang='lat'><strong>2.</strong></span> <span class='ocrx_word' id='word_1_390' title='bbox 809 2757 1029 2801; x_wconf 80' lang='lat' dir='ltr'><strong>Oudendorp.</strong></span> <span class='ocrx_word' id='word_1_391' title='bbox 1063 2757 1107 2792; x_wconf 76' lang='lat' dir='ltr'><strong>ad</strong></span> <span class='ocrx_word' id='word_1_392' title='bbox 1130 2757 1285 2792; x_wconf 80' lang='lat' dir='ltr'><strong>Frontin.</strong></span> <span class='ocrx_word' id='word_1_393' title='bbox 1307 2757 1459 2802; x_wconf 76' lang='lat' dir='ltr'><strong>Strateg.</strong></span> <span class='ocrx_word' id='word_1_394' title='bbox 1485 2758 1528 2797; x_wconf 90' lang='lat' dir='ltr'><strong>II,</strong></span> 
     </span>
    </p>
   </div>
  </div>
 </body>
</html>
