1630 3034
237 129 295 171 60
847 125 1003 168 INDEX

239 242 338 273 Patria
356 241 379 273 i.
396 250 427 282 q.
442 239 646 282 reipublicae
660 239 770 279 sedes,
798 240 822 272 Ι.
845 239 877 280 3,
896 240 929 272 2.

239 297 375 329 Patronis
388 296 471 328 Rom.
492 299 651 328 externae
669 295 826 328 civitates
841 296 1034 335 utebantur,
1061 292 1101 328 G.
1122 295 1177 333 41,
1201 297 1231 328 4.

239 353 328 385 Pauci
345 352 508 384 invidiose
528 352 683 384 dicuntur
699 352 885 396 optimates,
913 353 967 394 qui
985 352 1155 394 imperium
1185 351 1217 383 in
1235 351 1405 394 republica
1425 355 1551 384 tenent.
1583 350 1617 382 C.

327 408 383 448 20,
403 406 435 440 7.

239 466 409 506 Paullisper
423 464 591 496 diversum
605 474 625 496 a
639 474 816 506 parumper,
841 463 866 496 l.
888 463 919 503 1,
938 465 971 498 4.
1023 463 1076 503 56,
1093 463 1124 496 6.
1175 463 1230 501 68,
1251 463 1279 495 1.

238 522 377 553 Paullum
393 525 428 553 et
439 521 623 561 paullulum,
648 519 673 553 I.
693 520 749 560 60,
768 520 800 560 3,

238 578 362 610 Paullus
379 574 467 620 (L.)‚
488 576 524 614 C,
539 575 594 615 31,
612 576 645 608 4.

238 635 348 666 Pavere
365 635 500 674 aliquam
513 642 587 672 rem,
614 629 655 665 C.
675 632 730 672 31,
750 632 782 665 3.

239 691 331 723 Pedes
350 690 554 733 appositione
570 689 610 721 ad
629 699 744 722 nomen
763 690 854 722 aliud
871 691 1026 730 relatum,
1045 687 1088 723 C.
1110 689 1164 729 59,
1187 689 1216 722 1.

238 747 366 780 Pedibus
383 747 414 777 in
432 746 559 778 alicuius
578 747 756 778 sententiam
772 747 826 786 ire,
841 743 882 780 C.
904 745 958 786 50,
978 747 1010 780 4.

240 803 357 835 Pedites
376 802 542 835 interdum
560 802 770 844 intelligendi
788 813 830 835 ex
847 804 1051 846 oppositione
1069 804 1212 844 equitum,
1230 802 1254 836 1.
1272 802 1326 835 49.
1343 804 1373 834 5.

239 859 354 891 Pedites
372 858 404 891 in
421 869 531 901 pugna
550 859 714 891 interdum
734 860 870 891 admixti
888 859 1069 901 equitibus,
1094 859 1118 892 1.
1137 859 1192 898 59,
1214 859 1246 891 3.

239 916 362 956 Pellqna
379 915 495 946 cohors
514 915 546 946 in
563 915 649 948 Rom.
667 915 829 955 exercitu,
854 914 880 948 Ι.
901 914 977 955 105,
996 915 1029 948 2.

240 972 334 1003 Pelles
352 972 374 1003 i.
396 981 426 1013 q.
444 971 601 1010 tentoria,
626 971 650 1003 Ι.
674 971 751 1011 105,
770 971 800 1004 1.

240 1028 331 1060 Penes
347 1027 404 1059 ubi
419 1027 484 1059 dici
503 1031 658 1069 nequeat,
685 1024 724 1060 C.
742 1026 799 1067 27,
819 1028 851 1060 4.

239 1084 326 1116 Pensi
343 1085 453 1116 habere
471 1084 599 1124 aliquid,
618 1094 681 1126 quo
699 1093 802 1116 sensu
820 1088 854 1116 et
871 1089 1041 1117 structura
1059 1086 1182 1118 «lictum
1201 1085 1258 1123 sit,
1277 1085 1312 1117 C.
1332 1086 1364 1123 5,
1381 1084 1413 1116 6.

240 1141 294 1173 Per
311 1140 469 1183 quomodo
483 1139 614 1172 differat
630 1139 671 1172 ab
689 1141 720 1171 in
737 1150 808 1172 cuin
826 1140 989 1180 ablativo,
1016 1139 1042 1174 Ι.
1064 1141 1119 1179 30,
1140 1141 1171 1174 1.

240 1197 294 1229 Per
310 1197 350 1229 (le
366 1201 510 1234 tempore
528 1196 661 1236 dictum,
682 1206 744 1239 quo
762 1197 888 1239 aliquid
906 1198 1030 1230 factum
1048 1202 1111 1237 est,
1132 1199 1152 1230 i.
1174 1207 1203 1239 q.
1226 1198 1318 1235 cirea,
1339 1197 1362 1229 l.
1384 1197 1439 1236 63,
1462 1197 1489 1229 1.

240 1254 295 1285 Per
312 1263 383 1285 cum
400 1253 610 1285 substantivo
628 1253 663 1286 vi
679 1253 829 1285 adverbii
843 1255 996 1296 positum,
1018 1254 1053 1286 C.
1074 1254 1130 1293 20,
1149 1254 1182 1287 2.
1230 1253 1254 1285 Ι.
1277 1253 1332 1292 14,
1347 1253 1404 1287 25.

240 1310 295 1342 Per
312 1310 345 1342 in
364 1309 559 1342 obtestando
577 1310 650 1341 sine
668 1309 770 1342 verbo
791 1321 842 1341 vro
857 1311 913 1342 vel
929 1311 1029 1342 simili
1048 1311 1201 1353 positum,
1227 1309 1251 1342 Ι.
1275 1309 1327 1348 14,
1345 1309 1400 1342 24.
1451 1309 1506 1348 24,
1528 1308 1578 1342 10.

242 1366 296 1398 Per
312 1376 345 1398 se
362 1367 426 1408 ipse
446 1366 546 1397 dictio
565 1376 661 1408 quam
675 1371 866 1398 structurae
880 1367 989 1408 legem
1007 1367 1142 1407 habeat,
1162 1366 1184 1398 Ι.
1207 1367 1262 1405 14,
1281 1367 1313 1399 4.
1363 1365 1418 1404 96,
1434 1365 1470 1401 ,2.

241 1423 296 1455 Per
307 1433 339 1455 se
354 1433 412 1466 pro
429 1424 494 1464 ipse
511 1422 633 1454 dicitur
645 1423 679 1454 in
697 1423 900 1465 oppositione
919 1423 1138 1455 concinnitais
1157 1432 1290 1462 caussa,
1309 1421 1344 1455 C.
1366 1421 1421 1460 39,
1435 1422 1468 1455 6.

242 1479 296 1511 Per
312 1490 377 1511 sese
394 1479 417 1511 i.
438 1489 468 1522 q.
489 1483 647 1521 quantum
667 1479 699 1510 in
715 1489 751 1511 se
770 1484 873 1519 essct,
893 1479 917 1513 Ι.
937 1480 992 1518 33,
1013 1479 1044 1514 3.

242 1536 297 1567 Pei·
315 1546 369 1567 ora
386 1536 407 1567 i.
429 1546 458 1578 q.
478 1536 598 1578 palam,
618 1533 643 1568 l.
664 1535 718 1575 31,
741 1535 793 1568 10.

243 1593 296 1623 Per
314 1592 539 1633 restringendi
558 1592 603 1630 vi,
621 1591 646 1624 Ι.
663 1592 718 1631 64,
738 1592 769 1625 3.

242 1648 296 1679 Pei·
313 1648 481 1689 significat
498 1648 542 1686 id,
561 1648 645 1689 quod
664 1650 851 1689 germanice
869 1650 991 1683 dieitur
1006 1651 1037 1681 in
1058 1651 1292 1691 Veranlassunfl,
1310 1649 1334 1682 1.
1354 1648 1409 1689 99,
1431 1649 1459 1681 1.

244 1704 297 1735 Per
315 1708 348 1735 et
363 1707 432 1744 post
449 1702 598 1742 confusa,
628 1701 669 1736 C.
691 1704 746 1744 38,
765 1705 796 1737 3.

244 1760 415 1791 percontari
430 1760 517 1791 unde
533 1760 724 1799 descendat,
745 1759 779 1792 C.
800 1760 855 1801 40,
873 1761 906 1795 2.

243 1817 414 1847 Pereontari
430 1816 555 1848 rectius
574 1817 732 1848 scribitur
749 1827 843 1859 quain
861 1819 1062 1859 percunctari,
1082 1814 1123 1850 C.
1144 1816 1199 1856 40,
1218 1817 1248 1848 2.

243 1873 398 1904 Perculsus
413 1872 569 1914 quomodo
595 1873 726 1905 differat
739 1884 758 1905 a
780 1884 954 1915 percussus,
975 1874 1009 1906 C.
1027 1873 1059 1912 6,
1079 1874 1110 1906 4.

245 1930 370 1961 Perdere
388 1928 464 1971 quid
484 1928 617 1960 differat
629 1929 670 1961 ab
699 1931 844 1964 amium-e.
863 1930 887 1962 1.
906 1930 960 1962 31.
990 1929 1042 1962 17.

244 1986 408 2017 Γννᾱιιεονι·
425 1984 581 2026 aliquem,
599 1985 667 2017 sim·
686 1985 750 2017 loci
768 1986 1012 2027 significatione
1032 1986 1165 2020 dictum.
1184 1982 1224 2018 C.
1247 1985 1301 2023 46,
1325 1987 1355 2018 5.

245 2042 383 2074 Perennis
402 2041 478 2084 quid
498 2041 630 2073 differat
643 2052 662 2074 a
681 2043 770 2081 iustis,
791 2042 814 2075 I.
835 2042 892 2082 89,
911 2042 942 2074 6.

244 2099 406 2139 1ἰ»ι·[εοιηηι7
423 2107 495 2129 cum
508 2098 680 2138 imperfecto
705 2099 885 2138 sociatum,
906 2095 946 2131 C.
966 2097 1018 2135 10,
1040 2097 1069 2130 1.
1120 2098 1174 2135 51,
1194 2098 1248 2130 32.
1298 2097 1353 2136 51,
1369 2097 1421 2130 37.
1474 2098 1498 2130 1.
1520 2097 1574 2137 70,
1593 2099 1625 2131 3.

244 2155 406 2195 Perfectum
429 2163 500 2185 cuin
526 2159 684 2194 praesente
707 2155 848 2186 histmico
872 2155 1052 2193 sociatum,
1081 2153 1116 2187 C.
1144 2154 1201 2193 20,
1233 2153 1260 2186 l.
1311 2154 1336 2186 1.
1359 2153 1412 2193 12,
1430 2156 1461 2188 4.
1513 2153 1569 2193 20,
1597 2154 1625 2187 1.

335 2210 391 2250 26,
411 2211 441 2243 3.
493 2210 547 2249 34,
565 2210 597 2244 2.
648 2211 702 2250 35,
722 2211 752 2244 4.

244 2267 404 2307 Perfectum
422 2268 593 2298 historicum
611 2277 668 2309 pro
687 2272 829 2310 tempore
848 2268 991 2300 relativo
1018 2268 1048 2300 in
1068 2267 1301 2299 enunciatione
1318 2267 1518 2300 secundm-ia
1536 2267 1628 2310 posi—

335 2328 414 2359 tum,
441 2322 477 2356 C.
495 2321 548 2362 17,
566 2323 597 2355 ·2.
648 2323 703 2362 39,
719 2324 750 2355 5.
800 2324 824 2357 Ι.
847 2323 923 2362 102,
937 2324 969 2357 2.

247 2380 405 2419 Perfectum
426 2390 481 2422 pro
501 2379 611 2411 futuro
636 2384 765 2414 exacto,
787 2379 822 2413 C.
843 2381 897 2420 52,
918 2381 948 2413 4.

246 2436 403 2475 Perfectum
425 2436 455 2466 in
474 2436 706 2468 cnunciatione
724 2437 867 2469 relativa
887 2438 1044 2480 quomodo
1070 2436 1202 2469 differat
1218 2447 1236 2468 a
1252 2437 1545 2478 plusquatum-secio
1559 2460 1566 2472 .
1601 2434 1623 2467 Ι.

335 2492 390 2527 85,
411 2491 464 2523 32.

247 2548 404 2586 Pri-fectum»
425 2550 529 2578 aur-isi.
551 2549 614 2580 vim
630 2549 722 2580 verbi
741 2549 837 2581 solere
855 2549 975 2586 habet,
1007 2550 1041 2581 C.
1065 2549 1117 2585 10,
1137 2550 1168 2582 4.
1219 2548 1274 2587 51,
1291 2548 1342 2582 11.
1394 2546 1418 2581 Ι.
1442 2546 1494 2587 17,
1510 2547 1541 2581 6.
1570 2547 1624 2580 42.

338 2604 367 2635 4.
419 2602 474 2638 7-1,
493 2604 524 2636 3.
580 2604 652 2642 102,
671 2603 701 2635 7.

248 2660 406 2698 Perfectum
425 2660 480 2693 ubi
499 2661 614 2693 aoristi
635 2660 699 2693 vim
717 2661 839 2694 habere
859 2666 1012 2703 nequeat.
1039 2660 1062 2695 l.
1084 2660 1138 2698 75,
1157 2662 1187 2693 5.
