1630 3034
419 135 770 179 IUGURTHA.
833 135 958 177 CAP.
992 135 1216 179 LXXXV.
1413 141 1498 182 455

121 254 193 298 dia
229 252 500 314 flagitiosior.
570 253 632 297 Et
670 251 876 312 profecto
912 252 974 294 ita
1009 267 1056 295 se
1097 263 1166 296 res
1201 252 1362 309 habet3
1396 271 1492 300 ma·
1506 264 1559 304 23

118 351 261 394 iorum
306 350 453 410 gloria
495 349 686 410 posteris
723 348 848 407 quasi
881 348 1031 392 lumen
1066 355 1158 406 est,
1193 365 1341 409 neque
1375 351 1493 396 bona

117 461 272 490 eorum
306 461 452 504 neque
496 447 614 490 mala
653 446 698 490 in
732 445 908 490 occulto
951 445 1131 504 patitur.
1201 446 1399 492 Huiusce
1426 449 1488 493 rei
1504 450 1558 493 24

114 558 203 603 ego
239 543 433 602 inopiam
467 543 627 603 patior,
664 542 883 597 Quirites3
915 556 1083 599 verum,
1118 541 1163 585 id
1198 543 1322 600 quod
1350 545 1490 590 multo

111 639 382 699 praeclarius
404 645 484 695 est,
520 644 714 683 meamet
742 637 859 682 facta
885 637 991 681 mihi
1020 637 1170 682 dicere
1198 638 1313 683 licet.
1357 641 1488 685 Nunc
1501 640 1554 682 25

109 736 282 795 videte,
331 751 467 795 quam
509 736 649 794 iniqui
695 736 790 779 sint.
863 733 1001 789 Quod
1048 749 1102 778 ex
1145 733 1290 779 aliena
1328 737 1487 782 virtute

110 833 191 876 sibi
227 839 459 893 arrogant,
495 832 542 876 id
572 831 680 877 mihi
716 847 770 876 ex
811 846 911 875 mea
946 846 1037 875 non
1067 832 1331 889 concedunt,
1368 834 1486 878 scili-

105 974 245 1015 prueter
267 971 482 1013 ablativum,
507 971 566 1015 qui
590 982 690 1006 casus
715 969 894 1015 legitimus
916 972 988 1012 est,
1022 969 1127 1005 etiam
1151 970 1351 1005 accusativo
1373 974 1487 1015 potest

105 1031 254 1066 indicari
279 1031 336 1075 (v.
370 1033 413 1067 ad
438 1032 542 1067 Catil.
568 1033 660 1075 vul,
684 1031 718 1066 2.
754 1043 786 1075 p.
811 1029 869 1065 (Η.
895 1033 929 1064 et
952 1030 1152 1064 Frotscher.
1177 1030 1221 1065 ad
1249 1030 1416 1074 Quinctil.
1440 1032 1485 1074 X,

104 1089 140 1133 1,
166 1088 225 1123 94.
257 1102 291 1134 p.
315 1088 383 1131 83,
408 1090 487 1134 a.),
525 1093 643 1125 tamen
676 1100 784 1133 quum
815 1093 979 1132 sequatur
1008 1095 1131 1132 tanto,
1161 1102 1223 1135 per
1260 1103 1298 1125 se
1331 1094 1425 1135 patet
1447 1091 1483 1125 iu
1529 1111 1540 1127 t

103 1149 277 1194 prioribus
301 1153 466 1194 quartum
489 1160 609 1184 casum
640 1161 708 1184 non
739 1148 825 1183 ferri
849 1161 961 1193 posse,
985 1150 1067 1194 quia
1092 1151 1161 1185 duo
1183 1152 1343 1186 membra
1365 1151 1415 1186 ita
1439 1153 1482 1186 ad

101 1217 139 1240 se
160 1207 368 1250 referuntur,
391 1214 429 1245 ut
451 1211 598 1245 alterum
622 1211 733 1245 altero
757 1222 799 1244 ex
822 1222 933 1254 aequo
958 1212 1172 1255 respondeat.
1219 1213 1258 1246 In
1281 1212 1482 1246 huiusmodi

100 1267 193 1302 enim
225 1269 416 1304 enunciatis
454 1270 694 1305 concinnitatis
726 1273 782 1305 lex
818 1271 933 1317 magis
962 1273 1075 1315 valet,
1100 1283 1207 1317 quam
1230 1261 1398 1306 orationis
1419 1283 1481 1306 va·-

100 1328 242 1364 flandae
264 1330 380 1372 ratio3
405 1342 439 1365 v.
463 1335 627 1367 annotata
651 1333 695 1366 ad
717 1344 747 1367 c.
772 1333 893 1374 LXIV,
917 1332 951 1366 1.

189 1392 224 1433 §-
247 1390 306 1425 23.
353 1392 454 1437 quasi
476 1394 622 1436 tamen]
651 1394 759 1437 Quasi
782 1393 1013 1437 particulam,
1048 1403 1140 1436 quae
1162 1392 1258 1428 deest
1281 1390 1316 1426 in
1340 1391 1369 1425 F
1372 1390 1479 1426 abric.

97 1451 131 1486 1.
158 1451 193 1487 2.
217 1451 337 1487 Guelf.
361 1452 394 1486 3.
422 1453 503 1487 Bas.
527 1453 560 1488 4.
596 1454 695 1488 codd.
720 1453 817 1488 Rivii
851 1458 886 1488 et
913 1454 1047 1497 aliquot
1077 1452 1231 1495 Wassii,
1264 1452 1402 1487 Cortius
1425 1451 1479 1486 in-

96 1512 252 1546 consulto
276 1512 425 1555 abiecit,
446 1513 592 1558 ignarus
616 1515 874 1550 consuetudinis
897 1516 1068 1549 bonorum
1092 1518 1295 1554 auctorum,
1329 1512 1390 1557 qui
1411 1512 1479 1546 hac

95 1572 269 1616 particula
292 1576 436 1608 utuntur
461 1573 505 1607 ud
528 1574 624 1609 vocis
646 1575 792 1610 alicuius
817 1575 951 1620 tropice
975 1574 1110 1620 positae
1134 1575 1208 1608 vim
1231 1573 1478 1618 mitigandam,

93 1644 163 1677 quo
186 1636 343 1675 caveant,
367 1645 410 1667 ne
432 1633 623 1670 similitudo
647 1636 807 1680 quaesita
829 1636 934 1670 nimis
957 1636 1107 1670 insolens
1131 1639 1193 1670 aut
1214 1635 1331 1669 aliena
1355 1633 1475 1668 videu-

92 1697 160 1728 tur.
182 1693 230 1727 cf.
255 1693 360 1727 Catil.
386 1695 430 1737 X,
455 1694 489 1730 3.
523 1699 557 1730 et
580 1696 614 1730 6.
641 1698 712 1740 XI,
734 1697 770 1732 3.
794 1698 866 1732 Cic.
890 1698 933 1731 de
956 1697 1029 1731 off.
1052 1696 1099 1738 11,
1123 1695 1157 1739 9,
1181 1695 1238 1730 32.
1286 1695 1477 1728 Honestum

92 1755 318 1798 decorumque
348 1756 486 1798 quasi
512 1758 735 1801 perlucet
759 1770 799 1793 ez·
822 1760 884 1802 iis,
916 1769 1004 1803 quas
1027 1755 1310 1797 commemoravi,
1335 1754 1474 1788 virtuti-

91 1817 163 1850 bus.
189 1815 238 1849 ib.
264 1815 300 1856 Ι,
324 1814 369 1856 4,
394 1814 450 1851 11.
498 1815 613 1851 Homo
645 1830 760 1853 rerum
792 1829 996 1864 progressus
1026 1823 1060 1852 et
1092 1816 1227 1862 quasi
1268 1820 1476 1849 anteces-

89 1876 244 1910 siones
275 1886 344 1908 non
376 1875 528 1921 ignorat.
567 1889 599 1912 v.
631 1891 740 1923 supra
770 1880 815 1913 ad
845 1891 876 1913 c.
911 1880 1010 1920 xm,
1040 1878 1096 1911 10.
1132 1876 1212 1911 coll.
1240 1877 1409 1910 Goerenz.
1431 1875 1473 1908 ad

89 1935 218 1970 Aoadd.
242 1934 274 1979 1,
296 1935 332 1976 6,
354 1934 413 1969 24.
437 1940 471 1970 et
494 1938 538 1971 ad
563 1938 607 1980 11,
633 1939 691 1982 28,
715 1939 772 1975 91.
818 1939 955 1982 Quare,
986 1949 1094 1981 quum
1117 1936 1234 1982 gloria
1257 1947 1320 1979 per
1342 1946 1379 1968 se
1402 1945 1473 1968 non

89 1995 174 2029 satis
196 1994 378 2029 commode
401 1996 516 2030 lumen
540 1999 658 2032 vocari
680 1999 809 2043 possit,
841 1998 915 2032 sine
952 1999 1052 2042 quasi
1075 1996 1247 2041 particula
1271 1994 1386 2029 oratio
1408 2005 1473 2038 pa·

87 2048 169 2090 rum
199 2058 364 2090 accurata
387 2055 488 2090 foret.
512 2076 558 2082 —
592 2058 673 2102 Quo
703 2060 806 2093 modo
828 2069 937 2103 neque
960 2078 1005 2084 —
1030 2067 1141 2102 neque
1167 2055 1362 2100 particulae
1383 2055 1417 2088 h.
1447 2056 1471 2092 Ι.

87 2116 333 2162 intelligendae
364 2115 432 2151 sint
455 2116 605 2152 diximus
635 2119 680 2153 ad
704 2131 731 2152 c.
757 2119 857 2161 LXI,
880 2119 912 2151 1.
944 2136 985 2142 —
1010 2119 1138 2151 Eorum
1162 2121 1238 2161 post
1262 2117 1357 2150 mola
1381 2117 1469 2151 Cor-

87 2178 157 2213 tius
188 2177 342 2218 delevit,
373 2182 509 2213 secutus
543 2179 659 2214 Guelf.
693 2179 728 2213 4.
753 2182 787 2213 et
821 2179 854 2213 6.
903 2177 974 2212 Sed
997 2176 1204 2221 pronomine
1233 2177 1352 2220 utique
1383 2187 1471 2220 opus

85 2242 157 2281 est,
180 2243 219 2272 ut
242 2237 458 2283 intelligatur
479 2250 546 2273 non
571 2240 605 2273 in
629 2239 829 2274 universum
854 2239 924 2273 dici
955 2238 998 2272 de
1020 2238 1120 2272 bonis
1142 2242 1203 2272 aut
1226 2238 1330 2272 malis
1354 2238 1469 2272 homi-

86 2311 190 2342 num,
224 2299 283 2333 sed
317 2301 558 2334 tantummodo
590 2305 828 2344 posterorum,
867 2298 928 2343 qui
954 2297 1127 2332 maiorum
1162 2297 1300 2342 gloriae
1337 2298 1469 2333 lumino

83 2360 310 2395 illustrentur.
356 2360 526 2395 Similiter
550 2361 586 2394 in
617 2360 832 2405 pronominis
855 2358 1118 2394 demonstrativi
1139 2370 1204 2393 usu
1226 2358 1358 2394 erravit
1380 2359 1466 2393 Cor-

83 2421 152 2456 tius
174 2420 218 2455 ad
241 2419 345 2455 Catil.
366 2422 457 2464 vm,
479 2421 514 2456 4.
537 2421 600 2455 ubi
623 2432 658 2457 v-

178 2482 211 2526 §.
235 2481 292 2515 24.
321 2485 356 2516 et
376 2481 433 2516 25.
480 2493 621 2523 verum,
653 2482 691 2516 id
714 2480 825 2526 quod]
856 2481 971 2525 Vulgo
994 2479 1252 2524 interpungitur
1275 2490 1393 2514 verum
1415 2480 1464 2522 ia,

83 2543 175 2587 quod
199 2546 278 2584 etc„
300 2542 344 2576 de
373 2554 443 2586 qua
466 2553 632 2586 perversa
654 2541 789 2576 ratione
811 2541 949 2586 egimus
979 2540 1024 2575 ad
1055 2551 1085 2573 c.
1110 2540 1199 2582 LVI,
1223 2539 1256 2575 1.
1291 2559 1328 2565 -
1364 2540 1464 2574 Meo—

84 2609 176 2645 mct,
200 2613 290 2646 quae
312 2602 427 2637 forma
450 2602 614 2637 librarios
638 2602 806 2644 offendit,
842 2606 879 2635 ut
903 2600 1084 2635 ostendunt
1117 2600 1237 2634 variae
1258 2599 1462 2644 scripturae,

84 2663 167 2698 satis
201 2663 453 2698 illustravimus
486 2663 528 2696 ad
563 2663 639 2698 Cat.
671 2663 810 2703 ΧΧΙΙΙ,
832 2662 866 2695 2.
892 2665 925 2695 et
948 2661 992 2696 ad
1016 2661 1093 2706 lug.
1116 2661 1208 2702 Vm,
1232 2660 1264 2698 2.
1289 2680 1334 2686 -
1359 2660 1460 2702 Mihi,

84 2725 176 2765 qnod
201 2724 235 2758 in
258 2725 385 2760 Heuss.
409 2725 488 2758 Sen.
513 2723 547 2758 2.
572 2724 691 2758 Guelf.
715 2724 747 2757 1.
774 2723 830 2757 1⁰.
855 2723 950 2757 deest
974 2727 1011 2756 et
1032 2721 1066 2755 in
1092 2721 1167 2758 Vin.
1191 2721 1225 2756 1.
1250 2723 1327 2765 post
1349 2721 1460 2755 dicere
