1630 3034
384 192 730 239 cA'ranxA„
787 191 925 236 CAP.
953 190 1097 237 v.v1.
1374 196 1431 241 31

52 319 148 371 tur,
184 310 395 371 quoniam
430 310 490 356 de
524 310 723 355 moribus
758 309 942 355 civitatis
976 314 1156 369 tempus
1187 309 1434 369 admonuit,

52 420 190 465 supra
236 408 442 462 repetere
496 416 551 447 ac
595 401 754 461 paucis
801 400 997 451 instituta
1040 401 1262 446 maiorum
1308 402 1435 447 domi

52 495 349 552 militiaeque,
385 492 618 551 quomodo
652 492 980 551 rempublicam
1014 491 1268 551 habuerint,
1291 510 1437 552 quan-

51 591 236 643 tamque
280 583 564 642 reliquerint,
606 589 656 627 ut
696 582 932 642 paullatim
964 582 1197 628 immutata
1241 597 1294 629 ex
1328 587 1437 645 pul-

51 675 293 722 cherruma
325 689 536 735 pessuma
578 688 633 720 ac
675 673 1033 735 flagitiosissuma
1067 674 1188 720 facta
1237 676 1292 719 sit
1340 676 1436 721 dis-

43 782 210 813 serere.

152 858 233 903 vl.
301 855 479 902 Urbem
512 855 733 912 Romam,
767 854 898 902 sicuti
931 869 1022 915 ego
1059 855 1240 915 accepi,
1275 856 1436 902 condi-

50 949 161 995 dere
196 955 332 1008 atque
366 946 569 992 habuere
601 947 727 992 initio
762 943 974 1005 Troiani,
1018 947 1096 1005 qui
1128 948 1283 993 Aenea
1319 949 1437 996 duce

50 1092 258 1138 Gerlachius
281 1090 480 1125 duriuscule
511 1090 651 1125 insolito
684 1089 790 1124 modo
812 1089 966 1135 positum
995 1093 1131 1131 censet,
1153 1090 1329 1134 duplicem
1352 1104 1437 1127 con-

46 1149 272 1184 structionem
293 1149 422 1193 habet,
454 1160 538 1182 nam
560 1148 675 1192 primo
699 1145 779 1180 inde
801 1147 928 1191 pendet
951 1147 1174 1181 accusativus
1197 1149 1346 1193 obiecti,
1378 1151 1435 1184 in—

48 1209 176 1244 stituta
206 1208 398 1247 maiorum,
432 1209 507 1239 tum
544 1203 783 1238 coniunctivae
818 1203 985 1239 orationis
1026 1203 1213 1247 obliquae,
1255 1207 1442 1250 particulis

49 1265 229 1309 quomodo,
250 1268 430 1307 quantum,
454 1266 504 1301 ut,
529 1272 551 1295 a
575 1262 681 1295 verbo
706 1265 821 1305 aptae.
868 1261 1043 1294 Disserere
1061 1263 1194 1306 aliquid
1219 1263 1306 1299 dixit
1328 1266 1436 1301 etiam

49 1321 167 1357 Tacit.
192 1321 329 1355 Annall.
351 1321 379 1360 1,
399 1319 432 1353 4.
452 1319 527 1353 init.
550 1319 657 1363 pauci
679 1319 767 1351 bona
788 1318 957 1352 libertatis
974 1319 1145 1354 incassum
1160 1321 1335 1356 disserere.
1362 1324 1435 1361 Cic.

51 1379 94 1413 de
117 1379 158 1412 N.
182 1379 226 1413 D.
245 1378 307 1418 111,
325 1376 382 1418 40,
401 1376 459 1410 95.
484 1386 527 1408 ea
547 1375 714 1408 disserere
736 1375 857 1409 malui.
881 1375 929 1410 id.
953 1376 1041 1420 Epp.
1068 1378 1112 1411 ad
1135 1378 1273 1413 Famm.
1300 1381 1378 1422 ΧΠ,
1400 1382 1435 1416 7.

49 1436 140 1481 qnod
161 1436 199 1468 in
217 1435 350 1469 Senatu
364 1433 522 1477 pluribus
538 1431 694 1466 disserui.
719 1432 764 1465 cf.
789 1432 937 1467 Ernesti.
962 1435 1008 1468 ad
1027 1435 1143 1472 Tacit.
1167 1437 1305 1470 Annall.
1318 1438 1363 1481 ΙΙ,
1376 1439 1436 1481 27,

48 1493 96 1539 in.
130 1491 259 1524 Duker.
284 1494 319 1524 et
340 1490 606 1525 Drakenborch.
638 1489 684 1522 ad
705 1487 783 1522 Liv.
807 1489 898 1532 XLI,
919 1489 954 1532 6,
975 1491 1007 1525 4.
1033 1490 1200 1526 Goerenz.
1226 1495 1269 1528 ad
1295 1495 1367 1530 Cic.
1392 1498 1436 1531 do

48 1549 160 1594 Legg.
199 1548 260 1589 ΠΙ,
293 1548 328 1589 8,
363 1549 420 1584 19.
482 1547 672 1581 Diversam
710 1545 864 1579 eiusdem
909 1548 1007 1582 verbi
1049 1548 1087 1582 in
1129 1551 1251 1584 eadem
1291 1554 1435 1596 periodo

49 1611 262 1656 structuram
295 1606 406 1639 habes
440 1606 518 1650 Ing.
548 1604 662 1645 XXX,
690 1603 724 1636 1.
753 1608 939 1648 postquam
962 1615 1034 1638 res
1058 1606 1094 1639 in
1118 1609 1240 1650 Africa
1263 1615 1437 1653 gestas,

48 1674 223 1710 quoque
258 1663 380 1696 modo
413 1668 557 1696 actae
580 1663 771 1704 forent,
805 1663 911 1704 sama
944 1662 1151 1707 divolgavit.
1186 1666 1375 1708 LXXXIV,
1400 1668 1434 1702 4.

48 1732 151 1756 sese
184 1721 324 1764 quisque
344 1719 483 1763 pracda
507 1719 708 1763 locupletem
734 1720 865 1761 sore,
893 1720 1057 1752 victorem
1090 1722 1227 1756 domum
1250 1725 1436 1759 reditu-

47 1790 161 1819 rum,
186 1779 286 1811 alia
312 1776 546 1810 huiuscemodi
569 1777 695 1809 animis
718 1776 915 1810 trahebant.
948 1776 1026 1811 Liv.
1041 1778 1068 1817 I,
1088 1778 1122 1820 6,
1141 1779 1173 1813 1,
1198 1782 1378 1816 scelera
1397 1781 1442 1816 in*

47 1847 84 1870 ee
105 1836 253 1880 fratris,
277 1834 515 1879 originem
538 1839 720 1877 nepotum,
749 1838 797 1868 ut
818 1834 954 1879 geniti,
987 1838 1027 1868 ut
1051 1836 1209 1879 educati,
1241 1842 1280 1872 ut
1303 1840 1436 1884 cogniti

48 1898 224 1933 essent,
258 1892 419 1926 ostendit.
466 1889 583 1924 Tacit.
608 1891 748 1924 Annali.
771 1891 801 1933 1,
826 1891 884 1932 39,
908 1896 994 1925 extr.
1037 1892 1159 1927 Planci
1190 1905 1338 1939 gravem
1365 1909 1435 1930 ea-

47 1962 160 1992 eum,
184 1951 290 1997 simul
312 1954 532 1994 quantum
559 1949 735 1982 dedecoris
758 1949 940 1983 adierit
964 1952 1068 1995 legio,
1086 1953 1244 1994 facunde
1266 1954 1434 1988 miseran-

46 2013 116 2042 tur.
153 2008 202 2042 ib.
226 2008 288 2048 Ill,
309 2007 366 2048 40,
387 2011 472 2041 extr.
498 2006 681 2051 egregium
705 2003 934 2041 resumendae
957 2009 1112 2042 libertati
1134 2015 1289 2053 tempus,
1313 2012 1344 2044 si
1366 2011 1436 2055 ipsi

42 2067 208 2109 florentes
231 2077 336 2109 quam
359 2065 456 2109 inops
479 2065 610 2104 Italia,
642 2072 747 2106 quam
770 2063 916 2097 imbellis
938 2067 1075 2099 urbana
1094 2067 1233 2110 plebes,
1257 2068 1346 2101 nihil
1367 2079 1434 2101 va-

47 2123 157 2156 lidum
192 2124 229 2156 in
253 2123 457 2157 exercitibus
487 2122 555 2154 nisi
587 2120 678 2165 qnod
701 2125 903 2161 externum,
936 2124 1149 2168 cogitarent,
1180 2136 1283 2167 quem
1314 2126 1434 2160 locum

47 2179 241 2223 Rupertius
264 2179 412 2223 pessime
435 2180 702 2222 interpretatur,
725 2177 842 2221 magis
864 2179 1076 2220 particulam
1099 2181 1329 2224 supplendum
1353 2193 1436 2216 cen-

47 2248 138 2273 sens.
185 2237 347 2272 Plurima
369 2248 412 2271 ex
435 2236 549 2281 poetis
573 2232 745 2278 congessit
765 2233 911 2268 Iahnius
942 2236 986 2269 ad
1011 2237 1109 2282 virg.
1132 2238 1208 2271 Ecl.
1231 2239 1288 2279 vl,
1309 2239 1369 2273 71.
1387 2258 1432 2265 —

49 2295 248 2329 Habuerint
278 2294 302 2328 i.
332 2305 363 2329 e.
404 2292 576 2339 gesserint
616 2303 677 2325 seu
721 2291 932 2325 curaverint.
992 2294 1203 2328 Gerlachius
1252 2299 1433 2340 comparat

48 2352 194 2396 Fragm.
218 2351 326 2386 Histt.
350 2352 411 2392 111,
430 2351 489 2392 22,
506 2350 562 2384 13.
588 2353 623 2383 et
645 2348 693 2382 ib.
717 2351 749 2390 §-
770 2348 824 2382 18.
849 2350 890 2382 V.
914 2349 1006 2385 infra
1030 2352 1075 2385 ad
1099 2364 1130 2386 c.
1149 2352 1210 2395 XI,
1226 2351 1258 2386 5.
1279 2372 1325 2379 —-
1347 2354 1434 2387 Post

46 2408 283 2452 pulcherrima
306 2408 440 2452 aliquot
469 2407 552 2441 libri
576 2407 707 2440 addunt
733 2410 766 2440 et
789 2411 951 2450 optuma,
984 2419 1074 2451 quae
1096 2408 1206 2442 verba
1230 2408 1433 2453 interpretes

48 2464 199 2504 merito,
222 2467 262 2497 ut
290 2465 335 2498 ab
360 2464 607 2508 interpolatore
630 2463 805 2506 profecta,
829 2463 1044 2507 reiecerunt3
1067 2466 1163 2499 haud
1186 2466 1278 2499 enim
1301 2468 1432 2511 proba-

48 2519 122 2554 bile
145 2523 215 2560 est,
237 2520 388 2562 scribas,
412 2520 442 2554 si
465 2532 508 2554 ea
531 2520 715 2565 legissent,
741 2521 914 2563 omisisse,
939 2527 1060 2557 contra
1087 2523 1192 2557 facile
1216 2524 1432 2567 perspicitur,

49 2577 168 2612 addita
191 2588 284 2619 csse,
307 2581 348 2612 ut
369 2576 534 2622 singulae
555 2587 657 2611 voces
680 2577 749 2611 sibi
770 2579 1034 2623 responderent3
1058 2591 1126 2623 quo
1150 2584 1265 2614 tamen
1287 2592 1356 2615 non
1379 2584 1432 2615 est

49 2643 200 2727 ⁰¹,us-VI.
248 2692 282 2735 §-
306 2691 340 2726 1.
386 2691 489 2727 sicuti
523 2701 590 2738 cgo
620 2691 765 2737 accepi]
795 2692 937 2728 Horum
957 2691 1144 2727 verborum
1173 2705 1311 2730 sensum
1337 2695 1430 2729 solus
