1630 3034
227 136 283 179 64
838 137 996 177 INDEX

228 251 295 282 Post
312 250 343 282 ici
361 240 494 281 locor-1175
511 253 545 281 et
559 253 627 290 post
644 258 680 280 ea
697 249 767 287 loci,
785 247 811 281 I.
826 247 882 288 63,
901 247 933 281 6.
984 246 1062 287 102,
1081 247 1112 280 1.
1623 234 1630 270 5

228 307 298 338 Post
313 306 421 347 paullo
439 309 474 337 et
488 305 595 347 pauno
606 308 687 346 post,
715 303 750 336 C.
771 303 826 345 33,
845 305 876 337 5.
924 303 949 337 Ι.
969 303 1024 343 56,
1044 303 1076 336 3.
1125 300 1180 343 71,
1199 303 1230 336 5,
1280 300 1335 343 74,
1355 301 1386 336 1.
1437 301 1513 343 106,
1532 301 1577 336 3.“
1628 347 1630 351 Ι

227 362 296 393 Post
319 362 512 394 adverbium
536 361 684 393 ablativo
715 361 870 403 temporis
898 360 1107 392 coniunctum
1138 358 1296 401 quomodo
1329 358 1462 392 differat
1495 369 1515 392 a
1539 358 1610 390 solo

317 417 477 457 ablativo,
502 417 526 450 Ι.
548 417 649 457 11,2.

227 473 388 514 Postquam
405 483 476 506 cum
494 479 670 517 praesente
687 475 908 512 coniunctum,
935 471 971 505 C.
990 471 1046 511 40,
1065 470 1098 504 3.
1147 469 1202 510 57,
1217 471 1249 503 5.
1298 469 1322 503 I.
1343 469 1398 510 38,
1416 471 1449 503 4.

227 528 389 570 Postquam
405 540 478 562 cum
494 530 686 572 imperfecto
704 531 925 568 coniunctum,
950 528 975 561 Ι.
996 527 1051 567 13,
1071 527 1101 560 5.

226 584 387 626 Postquam
401 596 473 618 cum
486 586 633 629 perfecto
653 587 875 626 coniunctum,
901 585 925 618 Ι.
944 584 1001 623 29,
1019 583 1050 616 3.

226 640 385 682 Postquam
405 652 477 676 cum
494 643 816 686 plusquamperfecto
835 642 1057 679 coniunctum,
1083 638 1107 672 Ι.
1128 638 1183 680 11,
1201 639 1234 673 2.
1282 639 1340 679 29,
1358 638 1390 672 3.

226 697 386 738 Postquam
405 708 476 730 cum
493 699 656 731 infinitivo
674 699 832 731 historico
850 699 1073 735 coniunctum,
1091 694 1117 728 1.
1135 694 1191 735 98,
1208 695 1242 729 2.

228 752 380 785 Postremo
397 755 463 787 vim
477 756 772 798 comprehendendi
790 755 902 794 habet,
928 753 965 787 C.
984 752 1039 793 14,
1057 750 1091 784 6.
1139 749 1194 791 37,
1213 752 1244 784 5.
1293 750 1320 785 Ι.
1340 750 1394 791 16,
1413 750 1445 784 3.
1496 749 1551 791 35,
1573 752 1604 784 5.

226 809 333 841 Potare
350 810 372 842 i.
393 820 423 852 q.
445 810 585 852 largiter
597 811 724 851 bibere,
744 811 779 844 C.
799 811 854 849 11,
873 810 905 844 6.

226 864 333 897 Potens
347 870 381 898 et
395 867 514 908 pollens
533 868 610 910 quid
628 868 794 907 differant,
812 867 838 900 Ι.
859 867 889 907 1,
909 866 941 899 3.

226 920 360 953 Potentia
377 925 413 954 et
425 927 560 963 potentes
577 924 737 956 invidiam
754 923 888 962 habent,
916 922 952 955 C.
971 922 1028 961 20,
1045 921 1078 954 7.
1126 921 1151 954 Ι.
1171 919 1228 959 27,
1245 920 1278 955 2.
1328 918 1385 960 41,
1403 919 1434 952 9.

227 976 360 1009 Potentia
378 978 536 1020 quomodo
554 979 687 1012 differat
703 990 722 1012 a
737 984 895 1021 potestate,
915 978 950 1010 C.
973 978 1028 1018 38,
1044 977 1074 1011 1.
1124 977 1148 1011 Ι.
1169 976 1202 1017 3,
1223 976 1252 1009 1.

227 1033 389 1066 Potestates
407 1038 442 1067 et
458 1035 586 1077 imperia
603 1036 682 1078 quid
699 1035 867 1075 differant,
885 1035 910 1068 Ι.
930 1034 985 1074 63,
1005 1034 1037 1066 5.
1086 1032 1142 1073 85,
1161 1032 1192 1065 9.

226 1088 262 1122 In
277 1093 457 1131 potestatem
474 1101 537 1124 esse
554 1092 610 1124 vel
626 1093 738 1124 habere
755 1101 817 1134 qua
835 1092 965 1124 ratione
983 1090 1125 1130 dicatur,
1151 1088 1176 1122 I.
1198 1087 1275 1128 112,
1293 1087 1325 1121 3.

228 1145 366 1178 Potestur
382 1148 517 1190 antique
535 1159 591 1192 pro
606 1152 716 1190 potest,
734 1148 758 1181 Ι.
779 1147 835 1188 31,
853 1147 885 1181 8.

228 1201 322 1233 Potiri
339 1213 411 1235 cum
430 1205 578 1245 genitivo
597 1205 819 1245 coniunctum,
847 1202 959 1253 (3247,
976 1203 1010 1238 2.
1059 1202 1085 1236 Ι.
1104 1202 1159 1243 13,
1174 1203 1205 1235 5.

226 1257 319 1290 Potiri
336 1269 408 1292 cum
421 1261 615 1293 accusativo
634 1262 856 1300 coniunctum,
874 1260 898 1293 Ι.
914 1260 970 1299 25,
990 1258 1044 1292 10.

226 1314 320 1347 Potiri
332 1316 432 1349 simul
447 1326 518 1349 cum
537 1318 687 1358 genitivo
705 1322 739 1350 et
752 1317 900 1350 ablativo
915 1317 1137 1354 coniunctum,
1164 1314 1189 1349 Ι.
1209 1313 1265 1354 74,
1283 1314 1316 1347 3.

227 1370 319 1402 Potiri
339 1372 362 1405 i.
383 1382 413 1415 q.
434 1373 618 1416 possidere,
637 1378 762 1414 tenere,
780 1373 806 1406 Ι.
827 1372 881 1412 13,
900 1374 932 1405 5.

227 1426 328 1458 Potius
345 1437 435 1468 quam
467 1431 654 1462 sententias
673 1430 917 1473 comparativus
935 1428 1104 1470 inaequali
1122 1432 1292 1461 structura
1309 1427 1425 1467 nectit,
1443 1425 1468 1460 Ι.
1485 1424 1562 1465 106,
1578 1425 1610 1458 3.

226 1482 373 1525 Praeceps
391 1495 455 1517 esse
469 1485 534 1518 dici
553 1487 677 1529 nequit,
698 1485 733 1519 C.
750 1485 805 1525 37,
825 1486 858 1519 4.

227 1538 373 1581 Praeceps
392 1541 446 1581 ire,
467 1540 503 1574 C.
524 1540 580 1582 37,
598 1543 630 1575 4.
679 1542 705 1576 I.
725 1542 780 1582 31,
800 1542 831 1574 6.
882 1541 938 1581 63,
953 1540 985 1574 6.

229 1594 399 1628 praecisum
419 1598 439 1629 i.
461 1607 490 1639 q.
511 1598 698 1642 abruptum,
716 1598 741 1631 Ι.
761 1598 816 1638 92,
831 1597 862 1630 8.

229 1650 408 1683 Praeclarus
423 1654 547 1696 aliquo,
573 1655 597 1687 I.
621 1655 674 1695 14,
691 1654 746 1689 21.

229 1706 408 1739 Praeclarus
426 1708 527 1749 bello,
551 1709 577 1743 Ι.
597 1710 652 1750 39,
674 1710 703 1742 1.

227 1763 349 1795 Praeda
372 1765 392 1796 i.
414 1774 444 1807 q.
464 1767 649 1808 praedatio,
668 1765 692 1799 I.
713 1767 767 1805 55,
787 1767 818 1798 5.

227 1818 343 1851 Praeda
363 1820 384 1851 i.
408 1830 437 1863 q.
457 1831 511 1853 res
526 1822 566 1854 ad
584 1822 807 1865 praedandum
824 1827 912 1865 apta,
930 1822 953 1855 I.
974 1821 1029 1862 87,
1050 1822 1079 1854 1.

228 1875 362 1907 Praedae
375 1876 497 1919 plurali
514 1883 720 1921 usurpatum,
745 1878 771 1911 Ι.
791 1878 847 1917 20,
864 1878 896 1911 8.
946 1878 1002 1916 88,
1020 1878 1051 1911 3.

229 1931 377 1963 Praedari
397 1943 433 1964 es
450 1944 536 1975 ayro,
554 1933 579 1967 Ι.
599 1934 654 1973 88,
673 1934 705 1967 3.

228 1987 409 2020 Praedicare
426 1989 447 2021 i.
465 2000 495 2032 q.
511 2000 611 2033 saepe
628 1995 663 2023 et
679 1991 786 2034 palam
803 1991 926 2030 dicere,
954 1987 996 2023 C.
1014 1989 1070 2029 48,
1087 1989 1121 2023 8.
1169 1989 1193 2023 1.
1212 1989 1288 2028 108,
1306 1989 1339 2022 3.

229 2044 409 2077 Praedicare
425 2056 484 2089 per
500 2056 536 2079 se
551 2057 614 2079 non
633 2052 686 2079 est
711 2049 849 2087 laudare,
867 2047 890 2080 Ι.
909 2047 965 2086 85,
983 2045 1038 2080 27.

229 2100 398 2133 Praedicare
414 2112 553 2134 wunnerus
572 2108 605 2135 ct
618 2114 709 2144 yemis
726 2105 890 2136 interdum
905 2113 967 2135 non
978 2103 1019 2135 ad
1029 2103 1230 2146 primarium,
1248 2101 1307 2134 sed
1324 2102 1365 2134 ad
1379 2102 1611 2135 secundarium

320 2157 565 2191 substantivum
583 2170 619 2192 se
638 2161 871 2198 accommodat,
900 2159 935 2192 C.
954 2159 1007 2199 18,
1028 2159 1057 2191 1.

230 2213 397 2245 Praedicati
415 2225 570 2247 numerus
587 2217 740 2259 pluralis,
770 2217 826 2249 ubi
851 2216 994 2249 subiecti
1019 2215 1149 2248 nomina
1173 2225 1239 2247 cum
1261 2215 1507 2257 praepositione
1531 2223 1610 2246 eon-

321 2270 516 2311 iunguntur,
537 2271 571 2304 C.
592 2272 647 2311 43,
668 2273 696 2305 1.

231 2325 436 2357 Praedicatmn
455 2327 495 2359 ad
513 2328 608 2370 plura
634 2329 764 2361 nomina
789 2329 993 2372 appellativa
1016 2328 1186 2371 pertinens
1213 2336 1276 2370 quo
1300 2337 1406 2368 genere
1428 2326 1611 2370 ponendum

321 2381 377 2421 sit,
405 2379 444 2415 C.
467 2382 520 2422 10,
539 2384 573 2417 2.
624 2384 647 2417 Ι.
665 2385 719 2421 38.
739 2384 770 2416 7.
822 2384 876 2423 49,
896 2385 926 2416 5.

232 2437 437 2469 praedicatum
454 2439 494 2471 ad
512 2450 684 2483 personam
698 2441 839 2474 relatum
856 2441 985 2483 quando
1003 2445 1105 2473 'maro
1120 2450 1243 2482 genere
1260 2444 1419 2483 ponatur,
1459 2438 1483 2471 Ι.
1503 2437 1559 2476 49,
1577 2439 1607 2470 5.

232 2493 437 2526 Praedicatum
456 2505 527 2528 cum
546 2497 578 2528 vi
596 2498 821 2539 praemissum.
848 2496 871 2529 1.
890 2497 946 2537 82,
965 2496 997 2530 2.
1045 2496 1101 2535 85,
1119 2497 1173 2530 34.

234 2548 405 2581 Praedicerr
424 2551 445 2583 i.
465 2561 495 2594 q.
516 2552 642 2591 iubere,
668 2553 692 2586 Ι.
713 2552 768 2592 75,
787 2555 818 2585 5.

233 2604 386 2637 praeditus
405 2608 551 2650 imperio,
574 2608 608 2641 C.
630 2609 683 2643 51.
706 2609 756 2642 12.

235 2660 372 2693 Praeesse
389 2663 541 2696 absoluto
559 2665 710 2707 positum.
731 2665 765 2696 C.
789 2665 842 2698 51.
862 2665 914 2697 28.
