1630 3034
164 212 250 253 368
534 201 582 246 C.
612 193 939 245 SALLUSTI
968 201 1183 247 CRISPI

166 339 254 369 non
290 319 484 381 amplius
520 320 641 364 mille
676 333 890 378 passuum
927 319 1108 373 abesse3
1143 319 1308 365 decere
1342 320 1444 365 illos
1477 335 1554 365 re·-

166 422 332 466 licuum
362 418 566 462 laborem
602 432 750 475 aequo
785 416 933 460 animo
964 416 1081 476 pati,
1126 416 1236 461 dum
1263 431 1352 477 pro
1389 417 1558 462 civibus

168 519 282 574 suis,
317 516 420 560 viris
456 514 717 558 fortissumis
754 520 888 572 atque
923 513 1222 571 miserrumis,
1270 529 1444 575 poenas
1480 529 1558 560 ca-

132 620 350 676 4perent3
395 617 632 673 praeterea
683 610 903 670 praedam
955 610 1151 672 benigne
1207 617 1412 656 ostentat.
1483 611 1560 656 Sic

264 738 297 779 §-
325 735 358 770 3.
401 732 540 779 fessos]
578 733 728 767 Sensum
761 732 925 767 vocabuli
949 733 1201 778 explicavimus
1224 733 1268 768 ad
1291 745 1320 768 c.
1346 733 1437 775 Lm,
1461 732 1495 768 5.
1516 754 1561 759 —

169 798 362 833 Abnuentis
384 796 455 830 hac
480 794 724 829 terminatione
748 794 913 829 exhibent
936 795 1021 829 Naz.
1053 795 1136 829 Bas.
1162 795 1196 830 1.
1221 796 1339 830 Guelf.
1364 796 1398 829 1.
1422 815 1467 821 -
1492 796 1562 830 Pro

167 861 265 894 docet
285 859 321 892 in
345 858 419 891 cod.
446 856 534 890 Min.
558 855 593 890 2.
619 855 730 889 Paris.
755 855 790 888 b.
814 854 910 888 Leid.
943 855 984 891 A.
1010 857 1048 890 Ε.
1073 857 1118 890 Κ.
1142 857 1184 891 N.
1218 861 1270 890 est
1299 857 1437 896 edocet,
1470 856 1562 900 quod

166 919 376 954 Gerlachius
410 918 447 951 in
480 917 688 950 Commentt.
721 928 755 960 p.
780 914 850 949 3⁰8
898 927 1079 960 perperam
1103 918 1273 952 Sallustio
1297 917 1459 951 usitatius
1489 928 1564 951 esse

164 981 263 1023 dicit,
284 991 396 1023 neque
418 982 535 1013 tamen
560 978 595 1011 in
619 978 673 1011 ed.
698 976 782 1010 min.
800 976 943 1020 recepit.
990 978 1043 1011 De
1066 978 1247 1022 utriusque
1268 978 1370 1012 verbi
1395 982 1564 1021 potestate

165 1054 198 1076 ν.
223 1042 268 1076 ad
292 1042 368 1075 Cat.
394 1040 551 1081 XLVIII,
574 1039 608 1073 4.
644 1051 679 1083 p.
702 1038 782 1072 221.
830 1037 994 1071 ceterum
1028 1038 1057 1070 F
1059 1039 1144 1071 aber
1174 1038 1418 1084 coniungenda
1447 1042 1564 1072 censet

166 1103 277 1137 verba
300 1102 416 1135 omnia
441 1102 563 1143 docet,
587 1112 655 1134 non
680 1099 787 1134 aliam
813 1099 858 1132 ob
883 1109 1067 1139 caussam,
1092 1109 1198 1142 quam
1224 1100 1309 1143 quia
1331 1101 1483 1133 abnuere
1501 1099 1563 1135 ,in-

165 1163 304 1197 terdum
329 1162 489 1196 absolute
511 1166 672 1206 ponatur.
720 1160 825 1204 Quod
850 1169 1066 1203 quamquam
1093 1170 1220 1192 verum
1244 1165 1298 1195 est
1319 1161 1387 1204 (cf.
1414 1161 1563 1206 Fragm.

165 1223 320 1258 Historr.
343 1222 406 1265 lv,
428 1223 488 1266 12,
513 1222 569 1257 13.
595 1222 673 1257 Liv.
699 1221 835 1263 XXIV,
859 1219 925 1262 49,
949 1220 983 1254 3.
1010 1220 1106 1255 Flor.
1132 1220 1195 1261 111,
1221 1219 1278 1263 16,
1303 1221 1337 1255 2.
1363 1220 1449 1254 Tac.
1475 1221 1563 1256 Ann.

165 1284 229 1325 XI,
253 1284 311 1327 12,
336 1283 414 1328 2),
437 1288 555 1318 tamen
579 1284 615 1317 h.
642 1284 667 1317 l.
689 1294 802 1326 neque
828 1280 1085 1322 necessarium,
1108 1292 1222 1325 neque
1244 1281 1438 1326 probabile.
1471 1281 1563 1316 Num

165 1348 204 1379 ut
234 1345 351 1378 omnia
385 1345 598 1378 vocabulum
633 1344 679 1378 ad
713 1344 896 1378 abnuentis
930 1343 1083 1376 relatum
1113 1341 1184 1375 vim
1209 1353 1250 1376 ac
1275 1342 1564 1387 perspicuitatem

164 1404 335 1439 orationis
365 1404 460 1438 haud
490 1416 615 1449 parum
648 1409 776 1449 auget,
813 1404 864 1439 ita
897 1415 977 1437 cum
1016 1403 1116 1437 docet
1147 1403 1371 1438 coniunctum
1405 1403 1564 1448 ineptum

164 1465 249 1510 quid
273 1466 405 1508 habet,
439 1477 548 1509 quum
572 1465 686 1510 quivis
711 1465 850 1507 videat,
884 1464 975 1497 nihil
1000 1464 1135 1497 referre
1157 1469 1195 1499 ut
1219 1467 1336 1500 omnia
1359 1465 1563 1509 doceantur,

163 1526 223 1560 sed
247 1537 291 1560 ea
314 1530 474 1567 tantum,
509 1537 600 1570 quae
622 1527 667 1560 ad
690 1537 766 1560 rem
791 1525 1008 1570 pertineant3
1044 1525 1150 1572 idque
1173 1530 1212 1561 ut
1235 1526 1456 1573 significetur
1477 1525 1565 1560 sim·-

163 1588 244 1631 plex
269 1587 366 1621 docet
390 1587 531 1621 sufficit.
550 1607 596 1613 —
625 1587 724 1620 Mille
746 1597 913 1631 passuum
937 1585 1076 1620 Curtius
1099 1591 1133 1621 et
1153 1588 1364 1622 Iaumannus
1386 1586 1437 1621 ita
1460 1586 1565 1621 iutel-

111 1684 114 1687 ,
163 1648 345 1693 ligendum
370 1651 533 1691 censent,
570 1652 610 1682 ut
631 1648 836 1691 suppleatur
859 1647 996 1690 spatio,
1031 1648 1089 1682 vel
1112 1650 1257 1690 itinere,
1281 1649 1340 1683 vel
1363 1649 1562 1692 intervallo,

163 1709 459 1753 quemadmodum
484 1708 671 1743 Sallustius
704 1708 797 1742 infra
820 1707 948 1742 dixerit
978 1719 1009 1742 c.
1035 1709 1122 1752 cvl,
1146 1709 1181 1744 5.
1229 1710 1440 1757 Iugurtham
1464 1709 1565 1743 circi-

164 1775 219 1806 ter
253 1770 385 1804 duam
424 1771 622 1804 millium
669 1770 928 1804 intervallo
952 1774 1035 1803 ante
1059 1781 1116 1804 eos
1140 1772 1343 1805 consedisse.
1388 1770 1459 1804 Sed
1484 1769 1564 1813 qui·

164 1842 233 1866 nou
257 1831 352 1865 videt
375 1830 481 1865 huius
506 1830 575 1865 loci
607 1830 716 1865 aliam
749 1840 825 1864 esse
848 1829 1020 1863 rationem
1036 1854 1046 1871 ,
1081 1833 1185 1873 atque
1209 1830 1342 1874 nostri,
1374 1830 1503 1875 quippe
1526 1830 1563 1864 in

163 1903 234 1937 quo
263 1893 360 1926 mille
393 1903 461 1925 non
495 1891 671 1936 genitivo,
703 1891 762 1924 sed
795 1890 994 1925 accusativo
1027 1890 1180 1934 positum
1214 1892 1259 1925 ab
1294 1891 1425 1927 omissa
1456 1902 1563 1937 quam

165 1953 338 1998 particula
362 1953 513 1997 pendeat
538 1953 591 1996 (V.
617 1952 661 1986 ad
687 1952 761 1986 Cat.
789 1952 872 1993 LI‘I,
897 1951 931 1985 2.
956 1952 1033 1996 Iug.
1059 1952 1179 1993 LVIII,
1203 1952 1281 1997 3.),
1303 1964 1471 1998 passuum
1497 1963 1563 1987 au-

164 2020 237 2049 tem
262 2026 284 2048 a
307 2015 403 2048 mille
427 2014 600 2048 vocabulo
625 2017 747 2058 aptum
772 2012 826 2047 sit.
874 2013 963 2047 Nam
990 2013 1099 2047 multo
1124 2014 1275 2057 saepius,
1301 2025 1408 2057 quam
1433 2014 1565 2048 Gram-

163 2075 315 2110 maticae
347 2074 491 2119 docent,
525 2075 618 2109 mille
650 2072 824 2119 singulari
855 2083 1000 2107 numero
1031 2072 1184 2117 positum
1217 2074 1413 2119 genitivum
1438 2075 1564 2109 adiun-

163 2141 259 2172 ctum
283 2136 412 2180 habet,
448 2136 541 2180 quod
564 2139 760 2170 structurae
791 2145 902 2180 genus
935 2134 1020 2168 satis
1041 2134 1129 2168 bene
1155 2134 1346 2170 illustravit
1370 2134 1508 2169 Gellius
1534 2135 1563 2178 I,

164 2197 224 2235 16.
251 2198 355 2232 istam
388 2208 512 2231 vocem
547 2207 628 2230 cum
662 2195 819 2241 genitivo
848 2206 974 2229 nexam
1006 2206 1146 2230 censens
1170 2207 1238 2230 non
1266 2197 1405 2230 Graeeo
1437 2197 1562 2240 χίλιοι,

165 2259 225 2294 sed
249 2256 367 2303 χιλιάς
390 2258 611 2303 respondere.
636 2258 683 2291 cf.
709 2256 894 2291 Heindorf.
922 2257 965 2291 ad
991 2258 1080 2292 Hor.
1105 2258 1181 2293 Sat.
1205 2258 1251 2301 11,
1274 2257 1310 2299 8,
1334 2257 1414 2292 19⁴1.
1440 2256 1563 2291 Brenni

166 2320 211 2354 ad
237 2320 323 2365 Nep.
351 2319 446 2354 Milt.
472 2331 502 2353 c.
530 2319 570 2361 V,
597 2318 629 2352 l.
680 2320 734 2353 Ea
767 2318 897 2352 mille
929 2318 1025 2352 mitit
1055 2319 1271 2353 militum.
1299 2318 1347 2352 Id.
1372 2319 1511 2355 natam.
1529 2329 1561 2353 e.

166 2381 259 2422 vm,
283 2380 319 2415 3.
363 2380 476 2424 Quum
501 2379 544 2413 de
566 2380 673 2424 ipsius
698 2379 849 2413 exercitu
871 2390 940 2412 non
964 2380 1164 2423 amplius
1187 2380 1414 2414 hominum
1439 2381 1564 2415 mille

167 2442 363 2477 cedi-linet.
413 2440 571 2475 Plurima
607 2440 753 2475 contulit
784 2440 1048 2475 Drakenborch.
1082 2440 1127 2474 ad
1161 2439 1236 2475 Liv.
1261 2441 1362 2483 XXI,
1387 2441 1445 2485 61,
1471 2440 1505 2477 l.
1527 2443 1564 2476 ot

167 2503 213 2537 ad
246 2503 296 2543 V,
319 2502 390 2546 26,
419 2501 453 2536 5.
503 2503 637 2536 Mille
671 2505 752 2546 scre
792 2513 1007 2546 passuum
1039 2502 1082 2535 ab
1124 2503 1248 2547 oppido
1280 2507 1400 2536 castra
1431 2502 1559 2535 locant.

168 2563 362 2604 XXXVIII,
390 2561 455 2605 21,
491 2562 521 2596 1.
574 2563 749 2604 Quattuor
776 2566 890 2606 ferme
921 2564 1033 2598 millia
1069 2568 1282 2597 armatorum
1311 2563 1359 2596 ad
1390 2563 1561 2596 tumulum

168 2625 403 2659 imminentem
431 2625 512 2658 viae
545 2626 694 2659 minus
727 2626 855 2658 mille
887 2635 1105 2669 passuum
1131 2635 1154 2657 a
1177 2623 1301 2657 castris
1324 2623 1561 2666 occupandum

171 2686 325 2720 mittunt.
363 2685 532 2727 XXXIII,
560 2686 626 2728 14,
659 2685 693 2719 4.
744 2685 950 2719 Tenendum
983 2690 1100 2719 tamen
1124 2689 1175 2719 ent
1198 2685 1294 2717 mille
1322 2683 1373 2718 ita
1393 2684 1451 2717 vix
1477 2684 1562 2728 alio,

172 2756 279 2789 quam
305 2744 420 2789 primo
447 2750 506 2779 aut
532 2750 655 2789 quarto
678 2757 762 2780 casu
786 2746 938 2791 positum
961 2745 1122 2780 inveniri.
1148 2765 1191 2771 —
1221 2745 1394 2778 Praedam
1418 2750 1562 2779 osten-

174 2811 245 2841 tat
269 2806 292 2841 i.
320 2818 349 2839 e.
375 2806 579 2850 praegnanti
604 2818 717 2849 sensu,
741 2806 775 2840 in
800 2807 965 2851 praedam
989 2806 1116 2842 intueri
1146 2806 1260 2848 iubet,
1284 2816 1390 2850 quam
1414 2805 1459 2840 ii·
1479 2816 1562 2851 pro·
