1630 3034
175 170 260 211 494
545 161 593 204 G.
622 159 947 203 SALLUSTI
975 159 1199 205 CRISPI

177 294 324 338 neque
359 292 446 338 pro
477 291 619 337 opere
651 276 907 335 consistere,
939 284 1132 338 propter
1160 279 1438 338 iniquitatem
1466 281 1582 336 loci,

177 391 325 435 neque
359 375 473 418 inter
506 374 657 418 vineas
688 373 782 418 sine
818 375 1023 434 periculo
1056 376 1396 431 administrare3
1433 386 1570 439 optu-

176 490 274 519 mus
307 473 497 531 quisque
523 471 686 516 cadere
713 478 790 515 aut
822 472 1020 529 sauciari,
1043 474 1201 519 ceteris
1229 481 1372 519 metus
1401 476 1571 536 augeri.

313 569 478 614 xcnl.
511 549 514 551 ’
547 569 609 614 At
643 568 840 626 Marius,
877 570 1024 614 multis
1068 570 1226 616 diebus
1262 578 1307 616 et
1342 573 1572 617 laboribus

178 667 479 728 consumptis,
524 666 675 711 anxius
729 665 907 711 trahere
955 682 1058 711 cum
1103 669 1253 713 animo
1296 685 1402 727 suo,
1439 670 1572 714 omit-

178 773 350 812 teretne
397 764 653 824 inceptum,
701 764 914 823 quoniam
962 765 1127 810 frustra
1171 772 1288 824 erat,
1332 783 1390 811 an
1426 767 1573 812 fortu-

177 880 281 907 nam
329 862 637 923 opperiretur,
683 877 772 919 qua
817 877 954 922 saepe
996 878 1218 924 prospere
1263 880 1365 909 usus
1412 865 1572 909 fuerat.

138 962 310 1017 2Quae
340 975 479 1019 quum
515 959 676 1003 multos
714 958 809 1003 dies
853 960 1086 1019 noctisque
1122 968 1329 1005 aestuans
1366 962 1573 1023 agitaret,

178 1118 234 1153 vis
267 1116 464 1161 intelliget,
502 1114 562 1159 qui
587 1127 657 1159 quo
688 1126 781 1151 nexu
812 1118 904 1152 haec
935 1129 1018 1152 cnm
1049 1117 1204 1161 proxime
1235 1118 1519 1153 antecedentibus
1540 1122 1577 1153 et
1596 1111 1604 1127 ⁹

177 1179 403 1222 sequentibus
431 1177 643 1211 cohaereant
666 1177 891 1221 reputaverit.
938 1179 1009 1213 Isto
1032 1178 1156 1213 itinere
1182 1183 1301 1214 autem
1326 1191 1434 1223 quum
1458 1179 1576 1215 Sallu·-

175 1240 262 1275 stius
293 1238 385 1273 dicat
415 1238 536 1272 vineas
570 1249 645 1272 cum
680 1239 819 1283 ingenti
849 1240 1001 1284 periculo
1036 1251 1111 1274 esse
1142 1246 1258 1284 actas,
1289 1240 1324 1275 id
1348 1253 1416 1275 non
1441 1241 1515 1276 alia
1537 1251 1576 1275 re

178 1301 377 1343 constabat,
415 1311 521 1344 quam
555 1300 647 1343 quod
668 1312 736 1333 nor·
771 1302 898 1336 licebat
922 1312 1030 1345 prope
1053 1301 1239 1344 accedere,
1264 1302 1323 1336 sed
1355 1302 1448 1346 quod
1468 1302 1575 1347 paul-

176 1363 248 1398 lum
280 1362 384 1396 mndo
419 1373 630 1407 progressae
670 1363 995 1406 corrumpebantur.
1028 1382 1072 1387 -
1111 1364 1231 1408 Opust,
1263 1364 1355 1407 quod
1380 1365 1422 1398 de
1452 1363 1576 1407 quovis

176 1424 410 1459 mur-itionum
443 1434 595 1468 genere,
632 1423 759 1466 quibus
784 1423 916 1458 obsessi
939 1427 1120 1467 petuntur,
1146 1424 1284 1467 dicitur,
1310 1425 1346 1458 h'.
1373 1426 1397 1459 1.
1422 1426 1577 1459 maxime

175 1487 219 1520 de
242 1486 352 1519 vineis
383 1488 435 1519 est
465 1484 756 1530 intelligendum3
789 1485 834 1518 cf.
867 1486 1025 1529 Herzog.
1059 1486 1104 1520 ad
1130 1486 1228 1520 Caes.
1251 1486 1297 1520 Β.
1323 1487 1368 1521 G.
1392 1486 1454 1527 ΠΙ,
1480 1485 1516 1529 3,
1542 1485 1576 1521 l.

176 1548 225 1581 ib.
250 1548 324 1588 vu,
349 1545 407 1581 24.
431 1547 533 1582 Auct.
559 1546 600 1581 B.
625 1545 734 1580 Afric.
766 1558 797 1580 c.
823 1547 878 1581 LI.
904 1551 939 1580 et
962 1547 1036 1581 LII.
1062 1567 1106 1573 —
1134 1548 1252 1590 Inter,
1276 1558 1339 1591 pro
1367 1557 1437 1590 quo
1461 1546 1574 1580 Muel-

175 1609 270 1643 lerus
293 1617 335 1641 ex
362 1607 531 1641 Glareani
556 1607 758 1643 coniectura
782 1607 921 1652 scripsit
944 1608 1054 1651 intra,
1078 1619 1120 1642 ex
1145 1608 1307 1642 omnibus
1329 1607 1431 1641 libris
1453 1607 1576 1642 firma-

175 1674 255 1714 tur,
286 1680 398 1713 neque
437 1668 626 1703 sollicitari
657 1669 783 1710 debet,
825 1680 1041 1712 quamquam
1080 1669 1176 1703 intra
1213 1667 1411 1713 accuratius
1444 1667 1576 1703 dictum

176 1731 317 1773 fuisset,
342 1741 449 1774 quum
475 1730 566 1764 inter
588 1729 859 1774 praepositionis
884 1729 980 1764 notio
1004 1728 1109 1763 latius
1132 1733 1272 1772 pateat,
1297 1729 1515 1772 alteramque
1538 1728 1574 1762 in

173 1804 211 1829 se
245 1790 529 1836 comprehendat.
588 1791 685 1825 Inter
720 1791 814 1826 enim
851 1791 885 1825 in
918 1789 1288 1835 universumKdit-itur
1319 1789 1363 1822 de
1386 1800 1447 1831 re,
1484 1799 1575 1832 quae

174 1854 247 1889 alia
269 1865 307 1887 re
331 1853 375 1886 ab
399 1857 548 1896 utruque
577 1857 681 1896 parte
705 1857 904 1892 coercetur3
938 1852 1032 1886 intra
1055 1861 1141 1884 vero
1166 1854 1376 1894 usurpatur,
1401 1850 1430 1884 si
1454 1849 1575 1894 aliqua

174 1927 230 1950 res
259 1914 411 1958 undique
443 1911 632 1948 clauditur.
681 1913 813 1949 Milites
846 1912 958 1958 igitur
993 1911 1024 1946 si
1055 1911 1256 1957 cogitantur
1287 1911 1398 1946 vineis
1423 1912 1575 1956 undique

176 1977 280 2019 tecti,
313 1975 497 2010 dicendum
522 1979 573 2009 est
596 1974 691 2009 intra
716 1975 859 2015 vineas3
890 1974 949 2008 sed
973 1985 1082 2017 quum
1105 1972 1196 2006 nihil
1220 1973 1353 2014 obstet,
1385 1973 1574 2016 quominus

175 2038 374 2083 cogitentur
397 2035 640 2071 tantummodo
674 2035 860 2071 vinearum
887 2035 1053 2069 lateribus
1079 2033 1322 2077 comprehensi
1345 2037 1381 2069 et
1403 2034 1438 2068 iu
1465 2046 1575 2069 unum

177 2098 346 2138 coartati,
391 2097 499 2132 etiam
533 2098 624 2132 inter
660 2097 781 2131 vineas
815 2100 925 2140 potest
962 2095 1044 2131 dici.
1100 2094 1250 2138 Saepius
1281 2094 1348 2128 has
1379 2095 1574 2139 paniculas

174 2157 410 2200 commutari,
433 2157 495 2192 ubi
520 2158 565 2193 ad
590 2162 723 2202 tempus
746 2158 940 2203 pertinent,
972 2155 1175 2192 observavit
1200 2155 1398 2191 Gronovius
1421 2161 1457 2192 et
1482 2159 1573 2192 Dra-

174 2219 412 2255 kenborchius
435 2220 479 2254 ad
505 2219 581 2255 Liv.
606 2219 634 2261 Ι,
667 2219 725 2261 lo,
749 2219 785 2254 7.
836 2219 927 2253 Bina
951 2223 1075 2264 postca·
1099 2218 1221 2252 inter
1247 2222 1297 2253 tot
1322 2229 1432 2252 annos
1455 2219 1572 2263 opima

173 2288 284 2327 parta
308 2287 389 2316 sunt
411 2281 534 2325 spolia.
560 2280 632 2315 Cic.
658 2292 694 2324 p.
722 2280 746 2317 l.
769 2279 894 2316 Manil.
926 2291 956 2314 c.
981 2279 1113 2322 xxm,
1135 2278 1192 2313 67.
1243 2278 1426 2324 Pompeius
1450 2279 1573 2314 inter

175 2355 286 2378 annos
309 2347 360 2377 tot
383 2354 472 2377 unus
499 2342 658 2377 inuentus
683 2347 755 2384 est,
786 2353 888 2386 quem
911 2341 994 2375 socii
1017 2341 1054 2375 in
1085 2341 1186 2374 urbes
1208 2351 1292 2374 suas
1318 2350 1395 2374 cum
1420 2341 1573 2376 exercitu

176 2405 310 2440 venisse
343 2404 548 2449 gaudeant,
577 2402 639 2438 ubi
671 2403 847 2437 noluerim
879 2412 960 2436 cum
995 2401 1149 2436 Matthia
1172 2401 1263 2437 inter
1287 2401 1464 2445 explicare
1484 2412 1573 2446 per,-

175 2476 258 2500 num
284 2466 468 2500 commode
494 2463 680 2507 Pompeius
702 2463 837 2498 medius
860 2463 962 2506 qnasi
985 2462 1021 2495 in
1044 2462 1132 2496 illud
1156 2462 1304 2507 longum
1328 2467 1466 2506 tempus
1489 2473 1572 2497 con-

174 2525 316 2560 stitutus
339 2525 490 2570 cogitari
513 2530 636 2569 potest.
662 2545 707 2550 --
733 2525 988 2559 Administrare
1011 2523 1266 2566 explicuimus
1289 2523 1332 2557 ad
1358 2534 1387 2557 c.
1414 2522 1569 2563 Lxxw,

175 2586 209 2621 3.
241 2587 384 2622 Erravit
417 2592 538 2622 autem
570 2587 806 2628 laumannus,
842 2597 947 2630 opus,
978 2584 1071 2628 quod
1094 2584 1347 2629 interpretatur
1369 2583 1569 2627 863οῆιίμί-

175 2659 301 2693 gang,
326 2648 556 2692 supplendum
582 2659 735 2683 censens.

271 2709 395 2744 xcul.
419 2710 455 2754 §.
481 2703 515 2746 1'.
563 2708 800 2754 consumptis]
821 2708 873 2742 De
896 2707 968 2741 hoc
991 2707 1097 2742 verbo
1123 2717 1154 2739 v.
1180 2705 1224 2741 ml
1248 2717 1280 2742 c.
1304 2705 1430 2747 xxvi,
1455 2704 1569 2739 ll.—

180 2770 382 2806 Trahere
423 2782 498 2807 cum
531 2771 649 2806 animo
689 2769 905 2814 explicatum
929 2767 974 2803 ud
1009 2779 1038 2802 c.
1063 2765 1310 2809 Lxxxlvfffl
1360 2767 1450 2808 Suo,
1475 2765 1569 2811 quod
