1630 3034
430 152 785 199 IUGURTHA.
843 151 966 196 GAP.
995 150 1150 195 XLIV.
1401 152 1483 194 251

105 271 194 316 culi
218 286 365 329 neque
396 271 558 315 laboris
590 270 781 330 patiens,
816 268 968 328 lingua
998 281 1132 326 quam
1161 280 1296 311 manu
1326 280 1484 326 prom-

103 368 236 427 ptior,
264 367 507 427 praedator
538 382 593 412 ex
621 367 748 411 sociis
777 370 822 408 et
849 366 947 424 ipse
975 363 1149 424 praeda
1180 363 1390 419 hostium,
1426 364 1486 408 si·-

104 480 160 508 ne
188 465 379 524 imperio
411 471 455 510 et
487 464 708 509 modestia
740 462 929 507 habitus,
980 461 1047 506 lta
1081 460 1340 519 imperatori
1369 471 1526 509 nov02

104 561 206 621 plus
233 576 288 606 ex
319 563 441 606 malis
470 561 666 605 moribus
690 559 992 604 sollicitudinis
1016 572 1151 616 quam
1173 572 1227 602 ex
1249 558 1381 618 copia
1400 558 1487 602 mi·-

107 657 230 701 litum
259 659 390 702 auxili
424 663 497 701 aut
527 659 622 718 spei
653 657 799 701 bonae
819 644 1089 702 accedebat.
1145 655 1307 700 Statuit
1340 660 1526 702 tamen3

108 801 229 835 sicilia
255 802 295 835 T.
314 803 512 836 Otacilii
530 802 850 847 propraetoris
873 802 1044 836 recitatae
1068 804 1158 835 suat.
1205 801 1397 844 Perperam
1421 801 1490 846 igi-

105 865 162 895 tur
178 862 400 904 Gen-laubias,
423 874 531 906 quum
556 862 590 896 in
615 863 669 896 ed.
691 863 774 897 mai.
795 863 1006 908 proconsulis
1029 861 1202 903 edidisset,
1228 862 1263 896 in
1282 863 1490 897 Commentt.

106 933 141 965 p.
165 921 245 956 281.
269 924 443 957 soloecam
468 925 577 958 Cortii
600 924 808 968 scripturam
832 924 1062 964 commendat,
1087 933 1192 966 quam
1218 922 1251 955 in
1278 923 1333 957 ed.
1356 923 1492 969 minore

103 993 225 1017 rursus
249 984 420 1026 deseruit,
452 986 605 1019 scribens
630 998 653 1020 a
676 987 734 1029 Sp.
760 986 882 1019 Albino
906 984 1116 1028 proconsule.
1165 983 1349 1017 Genitivus
1373 988 1492 1018 autem

105 1053 129 1077 a
150 1043 306 1078 librariis
329 1056 397 1078 nou
422 1046 528 1079 aliam
555 1047 600 1079 ob
624 1058 781 1081 caussam
806 1046 841 1079 in
866 1046 972 1080 ablat.
998 1056 1028 1078 c.
1054 1057 1076 1078 a
1102 1044 1354 1087 praepositione
1378 1049 1493 1078 muta-

106 1107 162 1138 tus
186 1108 258 1147 est,
286 1117 392 1148 quam
418 1106 510 1148 quod
536 1117 601 1139 non
626 1094 715 1140 satis
734 1112 897 1141 accurate
921 1106 1003 1151 ipsis
1027 1106 1158 1139 dictum
1182 1105 1369 1147 videretur,
1393 1117 1492 1139 exer-

106 1164 228 1207 eitum,
258 1176 361 1208 quem
385 1166 529 1200 Albinus
553 1167 777 1211 ductaverat,
804 1169 894 1201 nude
916 1167 1085 1201 traditum
1109 1165 1257 1200 narrari.
1280 1187 1326 1192 —
1352 1166 1495 1211 Lingua

104 1230 301 1269 promptum
326 1236 398 1260 esse
424 1228 628 1271 plerumque
655 1229 731 1262 leve
754 1233 788 1262 et
811 1227 1065 1271 vituperatione
1089 1226 1233 1272 dignum
1257 1230 1422 1270 putatum
1445 1228 1491 1260 cl’.

107 1296 198 1328 quae
222 1285 361 1320 Cottius
385 1287 541 1322 laudavit
565 1288 640 1323 Liv.
664 1290 714 1331 11,
740 1288 805 1330 45,
830 1288 886 1322 15.
917 1300 1007 1322 nunc
1032 1289 1148 1322 iubent
1174 1288 1336 1322 Etruscos
1366 1289 1494 1332 probru

106 1347 241 1388 iacere,
270 1359 360 1381 nunc
393 1349 541 1383 armatis
572 1350 638 1382 sibi
669 1349 810 1394 quisque
834 1349 993 1394 lingua
1015 1354 1260 1394 promptum
1285 1349 1416 1383 hostem
1440 1352 1494 1393 os—

102 1408 203 1451 ferri.
230 1408 349 1449 xxn,
373 1409 441 1451 44,
466 1410 500 1444 7.
537 1411 692 1452 videret,
718 1415 756 1444 nt
781 1409 901 1454 quibus
925 1410 1096 1454 lingua
1121 1414 1194 1443 tam
1216 1415 1429 1453 promota
1453 1423 1496 1444 ac

106 1470 316 1511 temeraria,
351 1479 460 1514 «reque
494 1471 531 1504 in
563 1483 686 1516 pugna
718 1471 878 1515 vigerent
911 1481 1044 1504 manus.
1094 1468 1158 1504 Sil.
1191 1470 1272 1504 Ital.
1308 1472 1406 1513 xlv,
1436 1471 1496 1508 31.

105 1535 346 1574 promptae
379 1542 467 1576 gens
500 1532 698 1577 linguae.
757 1533 890 1565 Eodem
924 1542 1025 1564 sensu
1061 1529 1187 1564 Noster
1219 1530 1307 1565 dixit
1339 1541 1497 1575 promere

108 1590 285 1634 linguam,
320 1591 466 1635 Fragm.
491 1592 642 1626 Historr.
668 1594 736 1626 lnc.
762 1592 841 1628 168.
867 1593 962 1626 Gerl.
988 1593 1031 1625 de
1054 1603 1122 1636 quo
1149 1592 1227 1626 loco
1250 1603 1285 1627 v,
1313 1593 1494 1638 Kreyssig.

107 1650 143 1684 in
167 1651 359 1685 comment.
385 1652 426 1685 ll.
464 1652 506 1685 de
530 1653 690 1687 Sallustii
724 1653 876 1688 Histoi-r.
911 1653 1057 1688 libem.
1093 1654 1275 1698 Fragmm.
1308 1665 1340 1697 p.
1365 1653 1423 1687 26.
1450 1674 1496 1679 -—

108 1712 189 1756 Qua
219 1712 354 1746 ratione
385 1713 576 1755 praedator
611 1716 840 1756 vocabulum,
875 1715 966 1758 quod
992 1714 1200 1748 Gerlachius
1231 1727 1294 1758 pro
1324 1715 1497 1750 adiectivo

107 1772 259 1816 positum
283 1777 418 1814 censet,
453 1773 718 1818 intelligendum
751 1775 816 1816 sit,
852 1775 1002 1808 diximus
1026 1775 1069 1808 ad
1095 1774 1198 1810 Catil.
1223 1787 1253 1808 c.
1278 1775 1376 1817 ΠΧ,
1401 1777 1434 1810 1.
1460 1788 1495 1820 p.

107 1833 178 1868 312
194 1838 229 1868 et
243 1834 324 1868 213.
361 1839 396 1868 et
419 1835 453 1869 in
478 1837 592 1870 Iahnii
615 1837 754 1871 Annall.
777 1836 908 1870 Philol.
932 1841 966 1870 et
989 1837 1142 1881 Paedag.
1167 1847 1201 1870 a.
1224 1835 1326 1870 1829.
1354 1836 1431 1869 vol.
1454 1837 1498 1871 11.

46 1910 57 1914 -
107 1895 208 1930 Faue.
234 1894 260 1928 Ι.
287 1907 320 1938 p.
341 1895 400 1933 57.
425 1897 469 1930 cf.
495 1898 574 1942 Ing.
600 1899 688 1942 LIV,
715 1897 750 1931 3.
774 1898 904 1938 anl,
928 1896 962 1929 2.
996 1897 1117 1937 thv,
1143 1897 1175 1931 1.
1203 1898 1321 1938 Lvm,
1344 1897 1378 1933 5.
1405 1899 1498 1932 Dra-

108 1957 297 1991 kenborch.
322 1957 365 1990 ad
391 1957 467 1992 Liv.
491 1958 559 2000 IV,
585 1957 651 2000 15,
675 1957 709 1992 6.
741 1957 861 1998 XXV,
885 1956 950 1998 19,
973 1957 1009 1992 2.
1043 1977 1088 1982 —-
1123 1960 1176 1991 Ex
1209 1959 1350 1992 sociis
1382 1959 1440 1992 est·
1457 1971 1498 1993 ex

110 2029 219 2061 agro
243 2018 434 2057 sociorum3
457 2028 490 2051 v.
511 2019 552 2051 ad
576 2018 802 2058 LXXXVlll,
827 2018 860 2053 3.
883 2035 930 2042 —-
955 2018 1128 2052 Modestia
1150 2019 1358 2052 Gerlachins
1379 2020 1499 2054 Coi-tio

111 2082 254 2111 anctore
278 2078 407 2120 duplici
439 2090 539 2110 sensu
563 2079 599 2111 h.
625 2079 649 2111 Ι.
674 2078 753 2122 capi
787 2089 888 2121 posse
913 2078 1101 2122 praecipit,
1141 2083 1179 2112 ut
1209 2084 1243 2113 et
1275 2081 1498 2114 moderamen

110 2126 207 2171 ducis
231 2142 265 2171 et
291 2139 531 2171 verecundiam
559 2139 710 2172 militum
735 2139 997 2181 complectatur.
1046 2139 1115 2172 Sed
1138 2141 1230 2182 quod
1266 2141 1417 2184 priorem
1450 2143 1498 2176 si·-

109 2199 369 2243 gniticationem
391 2186 520 2232 'Donati
545 2200 693 2242 quadem
716 2199 968 2239 observatione,
994 2211 1097 2243 quam
1117 2212 1185 2234 non
1210 2201 1335 2245 legisse
1358 2212 1395 2236 se
1412 2199 1498 2247 vpi'o-

110 2260 246 2313 fitetpr,
273 2260 501 2302 comprobare
524 2261 655 2301 studet,
683 2260 716 2292 id
742 2259 845 2292 nihili
869 2265 940 2300 est3
979 2260 1133 2303 loquitur
1157 2261 1249 2294 enim
1273 2260 1498 2299 Dona'me'ad

111 2320 197 2354 Ter.
221 2320 325 2353 Andr.
352 2321 386 2360 1,
417 2321 458 2360 l,
483 2320 541 2354 68.
565 2332 632 2354 non
657 2321 699 2353 de
722 2321 911 2354 modestiae
935 2321 992 2353 aed
1018 2321 1059 2353 de
1083 2321 1177 2354 modi
1200 2323 1295 2357 vocis
1318 2329 1497 2367 potestate,

111 2392 326 2425 quamquam
358 2391 426 2423 non
457 2381 543 2415 satis
575 2386 698 2423 acute,
734 2385 772 2414 ut
798 2385 892 2415 recte
916 2381 1050 2414 monuit
1072 2381 1301 2417 Doederlinns
1324 2384 1358 2418 in
1383 2385 1494 2430 Syno-

112 2453 244 2487 nymm.
270 2442 361 2476 Latt.
385 2442 462 2475 vol.
489 2442 530 2475 u.
557 2455 591 2486 p.
615 2441 695 2476 204.
721 2442 850 2476 Sensus
873 2442 1059 2475 verborum
1091 2446 1162 2477 θεῖε
1199 2443 1326 2488 quippe
1355 2445 1415 2489 qui
1447 2446 1498 2480 ita

111 2503 319 2545 haberetur,
344 2506 382 2536 ut
405 2513 516 2545 neque
540 2502 725 2546 imperium
750 2506 925 2536 exerceret
948 2502 1038 2545 dux,
1063 2514 1173 2547 neque
1197 2504 1298 2539 miles
1321 2504 1387 2539 sibi
1412 2507 1496 2540 ohe.-

112 2563 275 2596 diendum
318 2574 393 2596 esse
424 2563 575 2596 sentiret.
631 2564 926 2597 Modestiarenim
959 2575 1077 2597 sensus
1110 2569 1163 2598 est
1197 2567 1291 2600 modi
1323 2569 1496 2609 servandi,

113 2623 172 2666 qui
197 2625 319 2657 modus
343 2623 379 2656 iu
404 2623 532 2657 militia
556 2624 753 2658 obedientia
777 2628 812 2657 et
834 2623 1018 2667 disciplina
1040 2628 1183 2659 constat.

204 2686 236 2726 §.
261 2684 296 2719 2.
320 2687 354 2717 et
377 2684 410 2719 3.
461 2696 500 2717 et
525 2684 626 2718 malis
650 2685 811 2728 moribus]
848 2685 927 2718 Vim
952 2697 992 2718 e:
1015 2685 1282 2730 praepositionis
1305 2687 1497 2721 illustrati-

118 2753 194 2777 mus
215 2744 260 2779 ad
286 2745 362 2779 Cat.
387 2745 476 2789 ΧΠ,
499 2744 533 2780 2.
561 2763 605 2769 —
640 2744 721 2790 Spei
745 2746 852 2780 bonae
878 2750 970 2780 recte
994 2746 1149 2792 reposuit
1171 2746 1308 2783 Cottius
1331 2758 1396 2792 pro
1417 2748 1498 2782 vul-
