1630 3034
230 118 287 160 44
838 107 1002 157 INDEX

223 232 384 270 Infinitivus
401 229 541 272 perfecti
559 238 622 262 non
642 230 775 272 ponitur
790 239 847 272 pro
866 229 955 261 infin.
976 228 1220 272 praesentissl.
1241 228 1296 267 31,
1313 227 1368 263 27.

224 287 382 326 Infinitivus
399 284 503 317 futuri
521 285 624 318 activi
642 295 704 317 non
723 285 912 318 necessario
931 285 972 316 ad
993 295 1084 325 yenus
1110 289 1143 316 et
1164 294 1319 315 numerum
1343 285 1482 316 nominis
1501 284 1606 317 refbr-
1626 279 1630 305 ἵ

313 345 379 380 tur,
403 340 428 373 Ι.
449 340 525 380 100,
544 342 577 374 4.

222 398 384 437 infinitivus
403 396 508 429 futuri
526 398 652 440 passivi
670 397 816 440 pendens
835 406 877 429 ex
893 396 995 429 verbo
1012 400 1153 435 statuere,
1172 395 1197 427 1.
1214 395 1268 435 39,
1287 397 1318 428 5.

222 454 384 493 Infinitivus
399 452 500 485 futuri
520 454 647 496 passivi
675 463 736 485 non
763 453 800 484 fit
825 462 867 485 ex
890 452 1063 496 participio
1088 452 1226 495 perfecti
1255 461 1327 484 cum
1344 454 1408 492 fore
1427 451 1607 489 coniuncti,

312 508 337 541 Ι.
358 508 414 548 88,
433 508 464 541 3.
1541 515 1543 517 ·

223 566 384 605 Infinitirus
402 566 583 598 historicus
602 575 697 607 quam
714 565 779 597 vim
797 565 931 603 habeat,
957 564 980 596 1.
1002 563 1056 603 98,
1075 564 1108 597 2.

224 622 386 661 infinitivus
406 621 586 654 historicus
605 631 676 653 cum
694 621 796 653 verbo
813 621 906 653 finito
923 621 1068 658 iunctus,
1085 618 1119 652 C.
1140 619 1196 659 22,
1214 620 1246 653 2.

223 677 383 717 infinitivus
400 677 581 709 historicus
598 677 654 709 ubi
675 688 735 709 non
754 678 859 720 possit
883 686 954 708 culn
971 676 1117 719 perfecto
1136 676 1283 714 misceri,
1309 675 1332 709 I.
1356 675 1410 714 18,
1430 675 1482 708 12.

222 735 382 774 infinitivus
399 734 579 765 historicus
595 733 681 766 male
699 733 731 765 in
750 733 930 775 perfectum
949 736 1134 775 corruptus⁷
1161 732 1185 765 I.
1207 731 1262 771 67,
1281 732 1314 765 2.

222 791 382 830 infinitivus
399 791 578 822 historicus
595 789 707 822 addito
724 790 825 821 iubere
840 789 942 821 verbo
960 793 1145 831 corruptus,
1163 787 1189 821 Ι.
1208 786 1263 822 76.
1283 786 1313 821 3.

217 846 399 886 ‘infinitivum
417 846 610 879 historicum
628 846 752 889 excipit
768 845 1005 888 imperfectum.
1034 844 1069 877 C.
1091 844 1144 883 16,
1159 845 1191 878 2.
1243 845 1297 880 54,
1316 845 1347 878 4.
1399 844 1452 880 56,
1472 845 1504 876 4.
1554 843 1609 881 60,

312 903 344 935 4.
393 901 418 934 Ι.
440 902 493 941 15,
512 902 544 935 2.
595 902 649 942 30,
669 902 699 935 3.
750 902 805 941 32,
825 901 855 934 3.
906 901 961 939 43,
982 902 1012 933 4.

223 958 360 998 Infinitivi
376 958 528 990 historici
546 958 609 990 (luo
625 958 808 1001 pendentes
827 967 869 989 ex
885 956 1058 1000 particulis
1078 967 1137 988 mm
1154 966 1238 989 secus
1256 962 1356 997 atque,
1381 957 1405 989 Ι.
1428 955 1503 996 100,
1522 957 1567 988 4,’

223 1014 383 1054 Infinitivus
403 1025 488 1046 esse
505 1014 562 1046 ubi
579 1014 770 1053 amiciatur,
798 1013 832 1046 C.
855 1013 886 1053 1,
906 1013 936 1046 3.
987 1012 1042 1051 20,
1063 1012 1093 1046 3.
1143 1013 1198 1050 48,
1218 1014 1248 1045 5.
1299 1012 1322 1045 Ι.
1350 1012 1405 1051 20,
1426 1011 1456 1045 1.
1498 1011 1561 1051 22,
1579 1011 1609 1044 1.

314 1068 370 1110 40,
388 1071 421 1103 4.
1362 1112 1365 1113 7

223 1127 397 1166 Infinitivum
413 1127 539 1169 passivi
556 1126 610 1159 IV.
630 1127 874 1167 coniugationis
892 1128 991 1159 etiam
1002 1126 1158 1158 nonnulla
1175 1125 1276 1158 verba
1294 1124 1347 1158 ΙΙΙ.
1367 1124 1613 1166 coniugationis

313 1182 449 1222 habent,
478 1182 502 1215 Ι.
519 1183 574 1218 62,
593 1183 623 1215 4.

223 1240 359 1280 Inqerere
375 1240 435 1271 tela
452 1239 473 1270 i.
494 1249 524 1281 q.
548 1239 663 1271 crebro
681 1239 827 1278 mittere,
854 1238 878 1271 Ι.
900 1238 954 1277 60,
974 1238 1004 1270 6.

222 1296 344 1337 Inqredi
361 1296 478 1335 aliquid
495 1296 653 1337 quomodo
669 1295 802 1327 differat
819 1295 860 1327 ab
877 1296 994 1336 ium-edi
1012 1295 1128 1335 aliqud,
1154 1294 1178 1327 Ι.
1199 1294 1254 1330 42,
1276 1294 1303 1326 1.

223 1352 397 1383 Inhonestus
415 1352 436 1384 i.
458 1361 488 1394 q.
512 1352 687 1393 inglorius,
715 1351 749 1384 C.
767 1351 822 1391 20,
841 1351 873 1384 9.

224 1408 363 1440 Inimicus
382 1408 541 1450 quomodo
559 1408 692 1440 differat
709 1408 749 1440 ab
768 1409 862 1447 hoste,
880 1407 905 1441 Ι.
926 1406 980 1447 10,
999 1408 1029 1440 5.

224 1464 361 1497 Inimicus
380 1465 590 1497 substantive
609 1475 680 1496 cum
696 1465 807 1497 dativo
827 1465 1048 1502 coniunctum,
1077 1463 1110 1495 C.
1136 1462 1188 1501 19,
1210 1462 1237 1496 1.

224 1521 362 1552 Inimicus
381 1525 415 1553 et
431 1522 551 1561 iniquus
569 1520 719 1560 confusa,
745 1520 770 1554 Ι.
792 1522 845 1559 54.
865 1522 895 1553 5.

227 1578 362 1617 Iniquum
381 1581 547 1610 certamen
567 1579 588 1610 i.
610 1588 640 1620 q.
661 1578 774 1621 impar,
792 1577 816 1610 I.
835 1578 889 1616 54,
906 1578 935 1610 5.

225 1634 310 1664 Initio
329 1633 394 1665 alio
414 1643 515 1665 sensu
533 1634 656 1666 dicitur
673 1644 768 1676 quam
785 1635 822 1665 ab
841 1636 936 1670 initio,
955 1632 979 1666 Ι.
1001 1624 1056 1673 29,
1076 1632 1108 1667 2.

224 1690 355 1721 Iniuriae
373 1689 501 1720 alicuius
521 1690 540 1721 i.
563 1700 592 1731 q.
613 1690 756 1721 iniuriae
775 1690 876 1721 alicui
894 1690 1026 1728 illatae,
1054 1689 1089 1722 C.
1111 1689 1165 1727 52,
1185 1690 1214 1722 6.

225 1745 343 1777 Iniussu
362 1755 426 1787 qua
446 1746 601 1786 analogia
620 1746 753 1784 dictum,
779 1745 803 1778 Ι.
823 1746 855 1780 2,
876 1747 907 1778 4.
936 1745 990 1782 39,
1009 1745 1040 1778 2.

226 1802 400 1833 hmoccntia
417 1801 582 1834 avaritiae
596 1802 780 1844 opponitur,
808 1799 847 1834 G.
871 1802 923 1839 1⁴2,
946 1802 975 1834 1.
1026 1803 1079 1838 54.
1100 1801 1131 1832 6.
1182 1801 1204 1833 Ι.
1248 1802 1302 1838 46,
1327 1802 1352 1832 Ι.

225 1858 395 1890 innocentia
411 1858 431 1889 i.
454 1867 484 1899 q.
504 1867 627 1889 morum
646 1858 835 1897 integritas,
861 1857 886 1890 Ι.
907 1857 962 1892 85,
978 1858 1009 1890 4.

225 1915 370 1946 Innorcz'us
392 1914 504 1945 activa
522 1918 556 1945 ct
572 1913 708 1956 passiva
727 1914 759 1946 vi
779 1914 912 1950 dictum,
941 1913 975 1945 C.
997 1912 1051 1948 39.
1071 1914 1103 1946 2.

226 1972 332 2011 Inopia
349 1975 384 2002 et
401 1971 488 2011 copia
506 1970 670 2011 singulari
687 1971 780 2002 modo
799 1971 862 2002 sibi
881 1971 1040 2013 opposita,
1067 1967 1106 2003 C.
1132 1971 1182 2009 11,
1202 1972 1231 2003 3.

224 2027 396 2059 Insularum
412 2026 543 2058 nomina
561 2026 723 2058 interdum
741 2026 813 2059 sine
832 2028 859 2057 in
879 2031 1055 2069 ponuntur,
1073 2026 1096 2059 Ι.
1117 2027 1173 2065 28,
1194 2026 1223 2059 6.

224 2083 378 2115 Instituere
395 2087 429 2116 et
446 2084 622 2114 constituere
639 2082 789 2121 confusa,
816 2082 838 2115 Ι.
861 2082 915 2122 79,
932 2082 983 2115 10.

225 2140 355 2171 intactus
374 2140 395 2171 i.
413 2149 442 2182 q.
465 2139 607 2179 integer,
633 2138 656 2171 l.
675 2140 729 2175 54,
751 2137 802 2171 10.

225 2196 338 2237 Integyer
351 2195 371 2227 i.
393 2205 423 2237 q.
443 2195 612 2234 robustus,
639 2195 662 2227 Ι.
680 2195 734 2234 03,
754 2194 784 2227 3.

219 2252 370 2294 ‚luti-yrum
389 2251 513 2283 benum
530 2252 550 2282 i.
571 2262 601 2293 q.
619 2253 775 2291 flagrans.
802 2252 825 2285 Ι.
847 2251 902 2287 73,
923 2252 953 2284 1.

226 2309 366 2349 humeya
392 2308 572 2340 Sallustius
593 2308 688 2342 dixit.
708 2318 770 2340 non
783 2309 931 2349 intelliqo,
957 2306 996 2341 C.
1018 2309 1073 2345 28,
1095 2309 1124 2342 1.
1174 2309 1198 2342 Ι.
1219 2309 1251 2346 6,
1271 2309 1301 2340 2.
1353 2309 1408 2344 21,
1431 2309 1458 2342 1.
1511 2308 1608 2343 23.2.

229 2365 406 2404 Intelliqitur
432 2365 681 2407 impersonalem
702 2369 902 2397 structuram
930 2365 1029 2397 habet
1057 2370 1219 2408 sequeme
1243 2366 1436 2398 accusativo
1463 2375 1489 2396 c.
1521 2365 1596 2398 infin

318 2420 339 2452 Ι.
362 2419 438 2457 191,
460 2419 489 2452 1.

227 2477 405 2517 Iutf‘mpa-sta
422 2486 484 2506 nam
502 2476 521 2508 i.
547 2486 576 2518 q.
600 2482 770 2519 provecta,
790 2478 963 2509 concubia.
992 2478 1026 2510 C.
1047 2477 1102 2514 ⁶27.
1121 2479 1150 2510 3,

227 2533 379 2563 intrudere
397 2532 525 2572 aliqum·
519 2543 538 2563 ι.
560 2543 589 2573 q.
611 2533 747 2573 aggredi
766 2533 903 2575 aliquid
931 2534 953 2565 Ι
975 2533 1028 2567 74,
1052 2534 1079 2567 1

229 2589 281 2619 In!
283 2590 381 2619 ›watien‹
399 2589 561 2629 uliquirli.
583 2599 611 2630 q.
633 2599 769 2627 angero.
798 2589 819 2621 Ι.
841 2589 894 2623 75.
914 2590 944 2621 8.

231 2645 385 2676 intendere
402 2646 519 2684 aliquid
538 2644 557 2676 i
579 2655 608 2687 q.
630 2645 826 2687 propositum
846 2646 980 2679 habere.
1006 2645 1029 2677 Ι.
1054 2646 1160 2680 104.1
