1630 3034
179 180 267 222 266
552 177 598 220 G.
627 176 956 220 SALLUSTI
985 177 1209 223 CRISPI

182 292 361 338 militiae
396 297 514 349 erat,
549 299 599 336 ut
632 293 793 338 absens
828 310 884 338 an
912 310 1142 355 praesens,
1177 311 1343 356 pacem
1377 312 1435 341 an
1462 298 1561 343 bel-

181 390 275 434 lum
308 405 472 451 gerens
506 389 798 449 perniciosior
831 398 946 437 esset
978 393 1025 438 in
1056 394 1228 439 incerto
1263 393 1518 438 haberetur.

317 486 501 534 XLVII.
571 486 683 531 Erat
715 487 838 532 haud
872 489 1012 550 longe
1055 490 1115 534 ab
1160 506 1216 535 eo
1251 491 1436 549 itinere,
1470 506 1563 550 quo

180 582 391 629 Metellus
435 584 693 645 pergebat,
739 584 962 645 oppidum
1006 586 1304 631 Numidarum
1323 622 1337 646 ,
1385 589 1564 632 nomine

179 764 358 800 intellecta
386 768 504 801 autem
534 759 690 810 ineptam
725 766 931 801 sententiam
953 767 1132 812 praebere.
1176 766 1297 812 Neque
1318 767 1411 803 enim
1435 768 1583 813 ubique<

177 826 310 870 equites
332 827 486 860 hostium
509 831 627 870 erant,
650 839 761 871 neque
785 828 947 862 Metellus
968 829 1004 862 id
1027 828 1211 862 consilium
1233 819 1407 871 habebat,
1431 834 1470 863 ut
1493 840 1564 871 eos,

177 887 240 931 qui
261 887 328 921 sibi
352 888 504 922 maxime
521 890 666 923 cavendi
689 892 810 930 essent,
836 893 1018 931 quaereret
1039 894 1258 933 peteretque3
1283 901 1403 929 verum
1428 889 1463 923 id
1479 900 1566 934 age-

177 948 257 988 bat,
289 952 329 981 ut
360 953 483 982 contra
511 950 645 983 subitas
680 948 911 984 Numidarum
935 948 1092 993 equitum
1125 950 1368 994 aggressiones
1389 950 1562 984 exercitus

174 1019 281 1051 quam
304 1008 526 1043 firmissimus
549 1014 657 1052 essct,
682 1021 830 1053 eamque
853 1010 897 1042 ob
921 1021 1080 1043 caussam
1096 1010 1272 1053 peditibus
1295 1010 1331 1044 in
1352 1012 1469 1044 medio
1484 1012 1562 1045 col-

173 1069 316 1111 locatis,
350 1074 423 1103 tum
455 1071 491 1104 in
524 1070 637 1114 primo
663 1076 767 1114 atque
802 1075 1001 1115 postremo,
1039 1075 1115 1104 tum
1146 1070 1182 1104 in
1213 1071 1324 1105 latere
1344 1075 1494 1114 utroque
1517 1081 1561 1104 ea

173 1130 330 1164 militum
361 1142 491 1175 genera
524 1132 781 1173 collocaverat,
814 1131 874 1175 qui
907 1130 1067 1165 hostibus
1089 1130 1246 1165 arcendis
1270 1131 1423 1165 maxime
1445 1130 1561 1165 idonei

172 1196 298 1227 essent.
345 1191 412 1225 His
439 1192 545 1226 rebus
568 1192 618 1225 ita
643 1192 792 1235 provisis
827 1204 864 1226 se
897 1192 1096 1226 confidebat
1122 1192 1290 1226 Numidas
1307 1217 1317 1234 ‚
1357 1203 1561 1237 quacunque

171 1254 234 1287 via
255 1254 315 1286 vel
340 1265 540 1298 quacunque
564 1265 605 1286 ex
620 1258 723 1297 parte
746 1254 952 1288 invaderent
976 1254 1156 1286 Romanos
1182 1252 1249 1286 iter
1272 1253 1451 1294 facientes,
1476 1264 1561 1296 pro-

170 1315 312 1358 pulsare
349 1326 471 1358 posse3
505 1314 550 1348 ef.
584 1326 613 1348 c.
648 1315 729 1356 LV,
754 1314 788 1350 8.
832 1327 914 1359 qua
947 1319 1189 1348 venturum
1219 1314 1350 1347 hostem
1384 1312 1560 1346 audierat.

169 1376 369 1418 xxxvnl,
401 1375 437 1408 63.
485 1376 645 1419 anue
677 1375 851 1409 Numidae
883 1375 996 1409 cuncti
1026 1376 1195 1419 irrupere.
1230 1374 1308 1408 Liv.
1341 1373 1411 1414 lv,
1436 1371 1501 1413 19,
1523 1371 1560 1406 2.

171 1436 347 1469 Cornelius
373 1436 494 1470 Cossus
526 1449 630 1481 quum
664 1438 713 1470 ad
754 1437 920 1479 impetum
957 1436 1149 1476 Tolumnii,
1193 1444 1479 1479 quacumque
1511 1443 1557 1467 se

168 1497 468 1539 intendisset,
491 1498 708 1540 trepidantes
732 1498 912 1530 Romanas
933 1497 1066 1530 videret
1090 1502 1234 1531 turmas.
1283 1495 1358 1529 Iam
1384 1494 1479 1527 vides
1497 1505 1558 1527 ae·-

167 1558 288 1590 cedcre
310 1568 415 1600 quam
440 1559 662 1590 commodum
686 1569 824 1591 sensum
857 1557 987 1590 habeat
1018 1557 1061 1590 de
1083 1556 1207 1590 subitis
1228 1556 1422 1601 Iugurthae
1445 1555 1556 1597 impe·

166 1618 259 1651 tibus
285 1617 519 1659 intellectum,
551 1619 671 1661 quales
699 1619 904 1662 saepissime
925 1619 985 1651 ille
1018 1618 1135 1651 facere
1167 1618 1322 1659 solebat,
1360 1616 1411 1650 uti
1437 1616 1555 1649 Sallu-

163 1679 249 1712 stius
273 1683 393 1712 narrat
417 1691 448 1712 c.
474 1679 513 1719 L,
533 1678 566 1712 5.
593 1679 677 1719 mv,
697 1678 729 1711 9.
755 1679 842 1718 LVI,
865 1678 899 1711 1.
923 1679 1011 1719 LIX,
1028 1679 1060 1712 2.
1088 1679 1161 1719 LX,
1185 1679 1218 1712 3.
1268 1679 1458 1722 Equitatus
1477 1677 1555 1719 plu-

162 1741 231 1774 rali
266 1739 420 1783 positum
454 1739 584 1783 legitur
615 1739 722 1772 etiam
753 1741 843 1781 apud
878 1739 975 1772 Caes.
1007 1739 1052 1771 Β.
1077 1738 1116 1772 C.
1142 1740 1176 1779 1,
1200 1739 1257 1780 61,
1280 1738 1313 1772 3.
1346 1737 1408 1770 ubi
1434 1736 1553 1770 Davis.

163 1801 310 1835 contulit
335 1802 434 1836 Auct.
457 1801 501 1833 de
526 1801 566 1834 B.
591 1800 693 1843 Hisp.
717 1810 747 1832 c.
773 1798 830 1832 36.
855 1799 897 1831 de
920 1799 964 1831 B.
988 1798 1063 1832 Afr.
1089 1809 1119 1833 c.
1147 1799 1203 1834 l-l».
1228 1803 1261 1832 et
1288 1798 1384 1830 Flor.
1408 1797 1468 1837 Ill,
1495 1797 1552 1838 11,

162 1862 196 1899 8.
235 1864 289 1897 Ad
318 1862 572 1896 emendandum
603 1861 720 1893 locum
758 1864 914 1892 nostrum
951 1858 1163 1892 Gerlachius
1200 1864 1294 1892 recte
1326 1858 1413 1891 vidit
1443 1858 1552 1891 etiam

161 1928 352 1965 commate,
382 1923 473 1966 qnod
500 1922 607 1966 vulgo
631 1925 708 1964 post
733 1921 936 1954 accederent
960 1919 1131 1959 habetur,
1165 1925 1240 1963 post
1265 1920 1410 1953 hostium
1434 1924 1550 1952 trans-

161 1985 274 2029 posito
299 1996 373 2018 esse
398 1995 504 2027 opus;
529 1983 587 2016 sed
616 1994 679 2026 pro
704 1981 932 2014 inconstantia
956 1990 1019 2013 sua
1043 1979 1078 2012 in
1096 1980 1148 2012 ed.
1170 1980 1253 2014 min.
1273 1993 1391 2014 ren-sus
1407 1980 1450 2014 ad
1472 1980 1550 2013 vul-

159 2051 293 2091 gatam,
319 2046 352 2078 in
378 2046 584 2079 Commentt.
611 2055 641 2086 p.
656 2041 737 2075 285.
758 2042 969 2081 damnatam,
992 2041 1108 2075 rediit.
1156 2041 1220 2074 rix
1243 2047 1294 2076 est
1318 2048 1434 2074 autem
1458 2041 1550 2084 quod

160 2112 344 2141 moneatur
368 2118 410 2140 ex
432 2104 641 2149 antegressis
676 2115 731 2137 eos
754 2102 909 2146 suppleri
933 2103 1078 2143 debere,
1110 2103 1199 2146 quod
1234 2102 1277 2135 ad
1307 2103 1551 2146 propulsarent

160 2168 351 2213 pertineat;
381 2168 425 2201 ef.
452 2179 480 2199 c.
510 2166 626 2206 XXV,
652 2164 688 2198 7.
714 2164 853 2204 XXXI,
877 2163 934 2198 28.
960 2165 1092 2206 XLIX,
1117 2164 1149 2197 ⁴.
1178 2164 1300 2203 LXXI,
1325 2163 1359 2198 2.
1387 2163 1490 2204 XCII,
1515 2163 1548 2196 2.

158 2230 264 2266 XCV,
290 2229 323 2263 2.
345 2249 391 2254 —
419 2229 492 2270 Que
517 2232 592 2270 post
616 2231 718 2260 tanta
742 2225 860 2259 Vinar.
885 2225 918 2258 1.
944 2236 1010 2258 non
1035 2227 1162 2266 habet,
1187 2237 1229 2259 ac
1254 2226 1377 2268 probat
1399 2224 1549 2259 Cor-tius.

159 2291 248 2323 Eum
275 2289 486 2323 Gerlaclrius
511 2293 603 2321 recte
626 2287 765 2331 quidem
792 2298 858 2319 non
883 2291 1020 2320 secutus
1042 2293 1112 2327 θείς
1137 2288 1193 2320 sed
1218 2287 1311 2330 qnod
1334 2286 1419 2320 dicit
1442 2297 1548 2326 „ora-

158 2351 261 2384 tionis
285 2361 468 2383 numerum
493 2349 686 2383 necessario
711 2349 932 2391 postulare“,
958 2353 995 2380 ut
1019 2359 1083 2392 quc
1111 2348 1276 2388 addatur,
1301 2347 1335 2380 id
1360 2346 1461 2380 nihili
1485 2352 1547 2381 ut.

158 2412 266 2454 Quasi
292 2423 373 2444 vero
398 2411 544 2453 copulae
567 2409 681 2453 ellipsi
705 2408 819 2441 omnis
842 2420 1005 2442 numerus
1037 2414 1232 2445 evertatur.
1268 2420 1377 2452 neque
1398 2409 1547 2452 asynde>

160 2475 222 2505 ton
255 2472 288 2504 in
321 2471 492 2505 Sallustio
528 2470 611 2503 ferri
644 2468 768 2512 possit!
798 2488 842 2493 —
890 2469 1013 2502 Pacem
1043 2481 1090 2502 an
1122 2470 1246 2503 bellum
1281 2480 1452 2514 gerens
1485 2480 1545 2511 per·

158 2544 307 2575 zeugma
331 2533 462 2565 dictum
486 2543 560 2565 csse
584 2543 649 2564 non
674 2531 821 2563 dubium
846 2530 1000 2570 videtum
1023 2541 1104 2563 naui
1129 2531 1266 2573 proprie
1287 2541 1407 2574 pacem
1423 2540 1545 2572 gerere

160 2605 226 2626 non
261 2594 398 2626 «licitur.
445 2593 555 2626 Aliter
585 2592 699 2624 vis-mn
732 2592 872 2630 Palu-o,
907 2591 966 2634 qui
999 2603 1149 2634 zcugum
1182 2591 1240 2624 hie
1271 2590 1391 2625 haber-i
1427 2596 1543 2634 negat,

159 2654 240 2698 quia
263 2666 385 2698 gvrare
406 2655 520 2686 valeat
543 2654 738 2694 ostendere,
763 2654 817 2686 vel
841 2665 928 2696 prae
952 2665 987 2686 sc
1005 2655 1114 2693 serre.
1164 2652 1232 2684 sod
1257 2651 1306 2684 sio
1330 2662 1466 2693 qnoque
1491 2651 1542 2684 di·

159 2726 260 2748 versa
284 2715 418 2748 rationo
442 2714 586 2746 verbum
611 2714 653 2747 ad
679 2714 748 2746 dno
772 2714 989 2747 substantiva
1014 2713 1135 2746 referri
1161 2713 1194 2746 in
1220 2718 1380 2755 promptu
1409 2716 1469 2745 est.
1495 2713 1542 2745 cs.

159 2775 304 2820 Fragm.
328 2775 480 2810 Historr.
504 2777 576 2809 lnc.
604 2775 683 2809 160.
738 2776 783 2810 [ι
806 2787 875 2809 res
898 2776 1014 2820 mugio
1037 2785 1142 2818 quam
1164 2773 1307 2808 verba
1329 2783 1544 2819 gereren-
