1630 3034
418 99 589 140 RERUM
619 99 682 139 Ac
711 99 982 141 VERBORUM
1330 98 1385 139 67

14 206 185 251 Promptt'tm
201 210 222 241 i.
241 219 272 252 q.
291 209 403 249 facile,
427 210 453 242 Ι.
472 210 549 250 111,
570 210 599 243 1.

13 264 208 306 Pmmulyare
223 265 315 297 vocis
333 266 385 298 vis
401 270 436 298 et
451 266 555 307 origo,
573 265 597 298 1.
618 265 673 306 30,
690 265 720 298 1.

13 319 179 352 stonomen
192 321 354 361 personale
368 321 482 353 verbis
498 323 659 354 voluntatis
672 321 822 364 additum
836 331 898 353 non
916 321 1073 361 abundat,
1108 319 1148 354 C.
1169 321 1200 360 1,
1220 321 1250 353 1.
1301 319 1333 359 7,
1352 319 1382 352 6.

107 393 145 400 —-
162 375 245 408 Eius
262 376 354 408 locus
372 377 404 408 in
422 377 487 409 ista
505 382 684 416 structura,
699 374 740 409 C.
760 376 791 416 1,
810 376 840 409 1.
890 377 944 415 48,
963 378 994 409 4.
1044 377 1068 410 Ι.
1089 377 1143 416 48,
1163 376 1193 409 1.

12 431 193 463 stonomina
207 433 384 472 personalia
401 437 436 464 et
448 434 623 473 possessiva
641 443 702 475 quo
719 433 858 465 consilio
883 433 1024 465 orationi
1049 432 1231 471 addantur,
1256 432 1280 465 Ι.
1301 433 1333 472 4,
1354 431 1383 465 1.

103 486 157 525 14,
178 485 208 518 1.
258 486 313 524 14,
331 488 362 520 3.
414 488 467 527 14,
487 489 518 520 4.
570 488 624 528 14,
643 488 675 521 8.
726 488 852 527 14,10.
895 488 995 528 15,1.
1037 488 1093 526 22,
1111 490 1142 521 4.
1183 488 1240 527 24,
1259 488 1292 521 3.
1329 488 1386 527 24,

101 541 132 574 7.
182 541 288 581 31,1.
337 543 392 583 31,
411 543 443 577 3.
492 543 547 583 31,
566 546 596 577 5.
647 544 702 582 31,
721 543 752 576 6.
801 543 930 583 31,10.
978 543 1106 583 31,16.
1157 543 1281 583 31,18.
1330 543 1385 582 31,

100 597 156 631 21.
207 596 335 637 31,27.
384 599 439 639 32,
458 600 490 633 2.
541 600 596 639 33,
612 600 645 634 2.
697 599 751 638 79,
771 599 802 632 9.
852 599 958 639 83,1.
986 605 1049 633 ter.
1099 599 1204 639 85,1.
1254 598 1382 638 85,10.

100 652 156 693 85,
176 652 229 693 14.
276 653 333 693 85,
351 654 406 687 25.
456 655 532 694 110,
551 656 584 688 4.

10 709 190 741 pronomina
204 711 381 750 personalia
397 720 439 743 ex
455 711 615 752 gerundia
632 712 821 754 pendentia,
841 722 903 743 non
921 713 1114 745 accusativo
1126 736 1134 750 ,
1161 711 1219 743 sed
1237 711 1385 752 genitivo

100 766 221 808 posita,
241 761 281 797 C.
302 765 357 805 31,
376 767 406 798 5.

10 820 190 852 pronomina
202 822 379 862 personalia
394 822 451 854 ubi
469 822 502 853 in
520 823 765 855 constructione
789 824 975 856 accusativi
1004 833 1075 855 cum
1100 822 1262 855 infinitivo
1280 823 1384 853 omitti

101 877 239 920 possint,
267 876 301 908 C.
322 876 376 916 31,
396 875 428 909 7.
478 877 532 916 40,
552 877 582 910 3.
634 877 688 917 56,
707 878 737 910 3.
787 878 811 910 Ι.
834 879 887 918 14,
903 879 933 911 3.
986 878 1038 917 15,
1061 878 1090 910 1.
1148 876 1202 916 76,
1228 878 1255 909 1.
1308 876 1383 910 102.

99 931 132 965 9.
188 931 265 971 107,
283 933 315 965 4.
366 932 442 972 109,
463 933 495 965 1.

9 988 189 1019 Ptonomina
210 989 388 1030 personalia
413 989 595 1030 genitivum
620 989 739 1032 plural.
769 992 881 1028 nostri,
913 991 1001 1021 vestri
1026 989 1150 1021 nultum
1175 988 1310 1027 habent,
1342 985 1383 1020 C.

99 1044 155 1083 33,
173 1044 206 1078 2.

8 1100 172 1131 Pronomen
190 1101 452 1132 demonstrativum
468 1101 510 1133 ad
527 1102 684 1134 remotius
703 1111 831 1140 nomen,
857 1101 1047 1144 parenthesi
1065 1102 1251 1136 interiecta.
1278 1100 1384 1145 refer-

97 1160 164 1195 tur,
189 1155 214 1188 Ι.
234 1155 289 1195 89,
309 1155 340 1188 6.

8 1211 174 1244 Pronomen
187 1213 451 1244 demonstrativum
467 1213 500 1244 in
514 1214 713 1245 attractione
731 1213 898 1251 omissum,
914 1209 955 1245 C.
978 1212 1031 1252 11,
1050 1213 1081 1244 2.

9 1268 174 1299 Pronomen
191 1269 454 1300 demonstrativum
482 1269 523 1300 ad
549 1269 711 1310 integram
736 1269 1000 1301 enunciationem
1024 1268 1165 1301 relatum
1191 1277 1296 1309 genus
1328 1276 1384 1298 se-

99 1325 231 1366 quentis
249 1323 453 1356 substantivi
471 1325 633 1366 sequitur,
662 1321 702 1356 C.
723 1323 755 1364 7,
774 1324 804 1356 6.

8 1380 173 1412 Pronomen
193 1381 455 1411 demonstrativum
472 1381 538 1412 alio
556 1390 636 1413 casu
653 1381 879 1424 supplendum,
910 1389 1005 1422 quam
1022 1389 1085 1422 quo
1102 1379 1279 1412 relativum
1296 1379 1385 1421 pos‘i-

98 1441 167 1468 tum
184 1440 247 1475 est,
272 1435 298 1469 Ι.
319 1436 373 1475 54,
392 1436 425 1469 8.

9 1492 173 1524 Pronomen
191 1494 452 1523 demonstrativum
471 1492 536 1524 alio
555 1501 636 1524 casu
649 1491 875 1534 supplendum,
901 1501 996 1533 quam
1014 1501 1076 1533 quo
1086 1490 1288 1533 praecedens
1306 1490 1384 1521 sub-

97 1549 278 1581 stantivum
297 1549 438 1591 positum
456 1553 519 1587 est,
539 1547 574 1580 C.
596 1547 649 1586 12,
668 1547 700 1580 2.
750 1546 804 1584 37,
823 1546 855 1580 3.
905 1547 959 1586 58,
979 1545 1032 1579 17.
1081 1546 1105 1579 Ι.
1133 1547 1188 1585 54,
1207 1545 1237 1578 1.

7 1603 171 1636 Pronomen
188 1605 451 1636 demonstrativum
469 1604 615 1636 refertur
628 1603 670 1635 ad
683 1603 728 1641 id,
747 1603 830 1644 quod
851 1603 882 1634 in
903 1603 1121 1635 antecedente
1131 1602 1299 1634 sententia
1313 1602 1378 1644 pri-

97 1660 235 1692 marium
252 1664 315 1699 est,
340 1659 364 1692 Ι.
393 1659 447 1698 18,
466 1659 498 1692 9.

8 1717 171 1748 Pronomen
185 1717 457 1754 demonstrativum,
477 1715 604 1748 nominc
622 1715 831 1747 substantivo
856 1714 919 1746 iam
935 1723 1132 1756 praegresso
1145 1739 1153 1753 ‚
1179 1713 1387 1746 abundanter

97 1776 133 1804 et
148 1771 271 1815 duplici
289 1772 323 1803 vi
340 1772 483 1814 ponitur,
503 1768 543 1804 C.
564 1770 620 1810 37,
639 1772 672 1804 4.

6 1828 171 1860 Pronomen
189 1828 449 1859 demonstrativum
468 1828 500 1858 in
519 1827 666 1858 oratione
680 1826 820 1858 alterius
837 1835 894 1867 pro
910 1826 1062 1863 renea-ivo,
1089 1823 1114 1856 I.
1134 1825 1167 1859 4,
1195 1824 1225 1856 6.
1276 1823 1330 1862 96,
1350 1824 1382 1856 2.

8 1884 172 1915 Pmnomen
190 1880 453 1914 demonstrativam
470 1883 671 1915 attractione
688 1891 759 1913 cum
777 1880 931 1922 sequenti
950 1880 1078 1912 nomine
1094 1880 1252 1919 sociatur,
1278 1877 1306 1912 Ι.
1326 1880 1382 1919 35,

99 1938 132 1971 6.
184 1939 238 1976 54,
253 1937 284 1969 6.

7 1994 184 2026 Pronomine
201 1994 430 2025 dmonstrativo
444 1993 616 2035 sequentis
635 1992 875 2024 enunciationis
893 2000 1012 2023 sensus
1030 1991 1235 2031 generaliter
1251 1992 1381 2032 signifi-

101 2054 208 2089 catur,
234 2046 275 2082 C.
296 2049 350 2089 51,
368 2046 400 2081 7.
449 2048 473 2081 Ι.
501 2048 556 2087 81,
574 2049 608 2081 4.

8 2105 196 2137 Ptonominis
213 2106 437 2138 demonstrativi
461 2105 630 2146 genitivus
654 2103 900 2146 perspicuitatis
929 2112 1048 2134 caussa
1073 2102 1213 2134 orationi
1238 2102 1382 2137 additus.

97 2161 123 2194 Ι.
142 2161 199 2201 85,
222 2161 280 2195 23.

9 2217 196 2249 honorianis
213 2218 436 2250 demonstrativi
451 2218 550 2248 idem
570 2225 641 2248 cum
659 2214 787 2257 copula,
805 2223 889 2255 quae
907 2213 971 2251 vis,
997 2210 1022 2245 1.
1044 2211 1098 2251 14,
1118 2212 1169 2246 11.

9 2273 174 2306 Pronomen
189 2274 361 2312 refleoeivum
378 2283 450 2305 cum
467 2272 648 2304 indicativo
665 2271 810 2302 iunctum
828 2270 860 2301 in
878 2269 1029 2300 oratione
1045 2269 1195 2307 alterius,
1213 2268 1238 2301 Ι.
1255 2268 1330 2307 103,
1348 2269 1381 2303 2.

10 2329 175 2360 Pronomen
187 2329 344 2360 relativum
360 2329 523 2361 interdum
541 2337 603 2358 non
621 2326 662 2359 ad
681 2336 794 2358 nomen
809 2326 1000 2366 proximam,
1031 2324 1091 2357 sed
1108 2324 1149 2357 ad
1169 2325 1311 2356 remotius
1327 2335 1378 2357 re·

101 2383 218 2423 fertur,
238 2383 274 2416 C.
293 2384 348 2422 48,
368 2384 398 2416 1.
446 2383 471 2415 Ι.
494 2383 545 2421 18,
564 2382 596 2414 9.
644 2382 700 2420 24,
718 2381 750 2413 8.

11 2441 179 2473 pronomen
193 2441 350 2472 relativum
365 2439 623 2476 substantivum,
653 2437 693 2470 ad
711 2436 795 2479 quod
812 2435 968 2475 refertur,
988 2437 1119 2479 repetit,
1146 2433 1186 2469 C.
1206 2436 1261 2476 51,
1279 2435 1335 2469 40.

13 2496 179 2528 Pronomen
194 2495 350 2527 relativum
367 2504 472 2537 genus
489 2494 671 2537 praedicati
688 2493 850 2534 sequitur,
878 2491 913 2524 C.
941 2494 995 2530 55,
1011 2492 1042 2524 3.

13 2551 178 2582 Pronomen
191 2551 348 2582 relativum
363 2561 426 2583 non
444 2554 553 2593 potest
566 2550 612 2581 ita
629 2549 671 2580 ad
686 2549 808 2580 verbum
831 2547 969 2581 referri.
998 2547 1092 2589 quasi
1115 2547 1188 2580 eius
1214 2547 1285 2579 ioco
1299 2547 1379 2580 sub-

103 2605 282 2638 stantivum
299 2605 434 2638 verbale
461 2605 572 2638 fuerit.
592 2601 631 2635 C.
653 2602 707 2637 18.
726 2603 756 2635 1.

1063 2671 1110 2700 5.
