1630 3034
168 191 254 232 288
545 185 590 228 C.
622 182 944 227 SALLUSTI
975 181 1199 238 CRISPL

308 301 408 347 L11.
479 301 550 345 Eo
579 300 718 344 modo
743 301 858 344 inter
885 315 933 343 se
969 299 1061 343 duo
1095 300 1402 360 imperatores,
1437 314 1581 346 sum--

172 401 233 445 mi
273 399 366 455 viri,
403 397 646 452 certabant,
683 397 766 457 ipsi
800 411 948 456 pare3‚
980 402 1178 441 ceterum
1213 396 1375 456 opibus
1410 394 1560 457 dispa-

137 493 320 543 2rib¹¹83
350 505 454 535 nam
488 488 680 534 Metello
715 493 851 536 virtus
880 494 1069 536 militum
1100 497 1209 548 erat,
1239 490 1562 549 locusadvor-

175 604 262 644 sus,
297 585 543 647 Iugurthae
573 586 659 630 alia
695 588 843 632 omnia
875 596 1058 650 praeter
1091 589 1251 633 milites
1287 594 1561 648 opportuna.

139 684 383 742 3Denique
418 683 638 739 Romani,
685 685 761 730 ubi
795 686 1061 746 intellegunt
1089 700 1237 744 neque
1283 684 1365 729 sibi
1405 683 1564 744 perfu-
1610 660 1621 664 a

173 783 300 842 gium
337 795 460 836 esse,
507 795 655 839 neque
697 782 755 825 ab
798 782 929 827 hoste
969 783 1146 842 copiam
1185 762 1442 842 pugnandi⁴
1466 779 1565 825 fieri

177 880 241 937 (et
269 878 357 921 iam
392 875 465 920 die
495 892 659 937 vesper
695 878 828 938 erat),
865 878 1057 923 advorso
1095 879 1222 935 colle,
1259 877 1385 922 sicuti
1423 891 1560 936 prae-

139 977 361 1034 4ceptum
396 973 556 1031 fuerat,
594 974 800 1018 evadunt.
870 975 1050 1019 Amisso
1085 975 1188 1019 loco
1217 972 1444 1020 Numidae
1478 972 1566 1016 fusi

173 1071 434 1132 fugatique3
474 1070 609 1130 pauci
638 1071 861 1128 interiere,
897 1071 1141 1131 plerosque
1171 1069 1383 1115 velocitas
1420 1074 1464 1113 et
1491 1084 1566 1113 re-

140 1169 257 1230 5gio
299 1167 504 1212 hostibus
548 1167 706 1227 ignara
742 1173 884 1213 tutata
931 1175 1044 1214 sunt.
1114 1167 1292 1212 Interea
1324 1165 1568 1222 Bomilcar,

265 1358 341 1393 Ln.
367 1359 400 1401 §.
424 1358 445 1393 1
466 1374 509 1383 -
530 1355 564 1390 3.
614 1356 703 1401 ipsi]
736 1358 816 1392 Vim
851 1358 958 1393 huius
990 1357 1208 1404 pronominis
1238 1355 1440 1402 germanice
1471 1366 1567 1390 corn-

175 1419 278 1455 mode
308 1419 407 1453 reddi
438 1428 539 1462 posse
567 1417 784 1462 perso'nlt‘ch,
817 1419 968 1454 diximus
999 1419 1043 1454 ad
1067 1419 1172 1453 Catil.
1196 1418 1288 1458 LIX,
1311 1416 1347 1451 6.
1395 1417 1428 1450 ls
1451 1419 1568 1450 antem

174 1492 295 1516 sensus
318 1477 525 1523 repetendus
549 1480 599 1511 est
622 1489 664 1511 ex
687 1489 729 1512 eo
753 1480 969 1523 pronominis
993 1491 1079 1522 usu,
1115 1490 1182 1523 quo
1206 1489 1262 1512 res
1289 1477 1411 1520 aliqua
1441 1477 1486 1510 ab
1510 1475 1569 1519 iis,

175 1553 266 1586 quae
299 1539 511 1574 extrinsecus
543 1537 577 1571 ei
599 1538 789 1580 accedunt,
821 1539 978 1574 seiuncta
994 1565 1004 1583 ‚
1027 1542 1141 1588 qualis
1160 1552 1225 1586 per
1247 1551 1284 1575 se
1308 1543 1360 1573 est
1382 1540 1570 1582 spectatur.

175 1602 264 1635 Vide
288 1601 437 1645 Grysar.
462 1599 538 1633 Art.
564 1598 671 1633 latine
695 1599 871 1634 scribendi
895 1613 930 1645 p.
954 1600 1011 1638 54.
1041 1603 1122 1637 coll.
1147 1603 1302 1635 annotat.
1329 1601 1449 1633 nostra
1470 1597 1514 1632 ad
1538 1608 1569 1633 c.

176 1662 300 1703 LXVI,
324 1660 358 1694 4.
387 1678 431 1686 ·—
464 1659 623 1694 Ceterum
656 1659 784 1703 explic.
816 1661 861 1695 ad
893 1674 923 1696 c.
946 1663 1000 1703 11,
1027 1661 1062 1696 4.
1094 1681 1137 1687 —
1165 1661 1378 1705 Intellegunt
1399 1662 1512 1693 exstat
1533 1657 1570 1691 in

175 1723 259 1758 Seu.
286 1721 318 1755 1.
346 1720 465 1755 Guelf.
490 1720 523 1755 1.
547 1720 581 1753 2.
607 1720 750 1754 Eccard.
776 1741 822 1746 —-
854 1723 924 1757 Pro
955 1723 1159 1768 perfugium
1183 1732 1310 1754 novem
1335 1718 1445 1754 Curtii
1469 1718 1569 1753 codd.

175 1781 404 1825 nonnullique
439 1780 500 1814 ulii
529 1780 662 1814 habent
693 1782 920 1827 profugium,
946 1783 1038 1827 quod
1062 1782 1299 1816 damnandum
1321 1790 1396 1814 esse
1419 1779 1571 1813 diximus
1593 1819 1601 1827 ι

176 1844 221 1879 ad
243 1843 345 1878 Catil.
370 1841 459 1883 LIV,
483 1841 518 1876 3.
541 1859 587 1866 —-
622 1842 669 1875 Et
701 1847 781 1876 ante
807 1843 877 1877 iam
903 1855 970 1877 non
993 1843 1160 1887 simplicis
1184 1842 1331 1887 copulae
1359 1839 1395 1873 vi
1419 1840 1572 1884 positum

176 1909 246 1948 cst,
270 1904 331 1938 sed
353 1903 459 1937 simul
483 1901 527 1935 ad
552 1901 608 1942 id,
632 1902 725 1945 quod
748 1903 916 1946 sequitur,
941 1905 1185 1948 explicandum
1210 1903 1324 1944 valet,
1350 1901 1392 1934 de
1413 1912 1482 1944 quo
1505 1911 1572 1934 usu

176 1977 212 1999 v.
238 1966 281 2000 ad
305 1965 380 1998 Cat.
405 1962 502 2003 xlx,
526 1961 560 1994 2.
577 1980 620 1986 —
648 1963 711 1996 Die
735 1966 851 1998 tenent
873 1963 953 2000 Sen.
973 1965 1007 1999 1.
1032 1966 1152 2000 Guell‘.
1179 1966 1212 1999 1.
1237 1966 1306 1998 duo
1331 1961 1442 2003 Rivii,
1466 1961 1571 1994 Com-

177 2027 261 2060 mcl.
287 2036 368 2059 cum
392 2023 504 2058 tribus
527 2024 674 2066 Palatt„
699 2035 849 2068 quorum
874 2026 1084 2060 auctoritate
1115 2026 1183 2060 ista
1207 2026 1323 2059 forma
1345 2022 1430 2057 satis
1452 2022 1572 2056 defen-

178 2087 293 2128 ditur3
317 2086 363 2119 cf.
388 2085 433 2119 ad
457 2096 487 2119 e.
512 2085 616 2126 XXI,
640 2085 674 2119 2.
700 2085 800 2120 Serv.
826 2084 871 2119 ad
895 2085 992 2131 virg.
1019 2087 1151 2131 Georg.
1176 2086 1203 2126 1,
1218 2084 1298 2120 208.
1323 2084 1442 2118 Plaut.
1465 2085 1574 2118 Pseu-

180 2147 250 2182 dol.
272 2147 330 2188 lv,
353 2146 388 2188 7,
411 2145 469 2180 59.
493 2164 538 2170 —
563 2146 718 2180 Advorso
742 2149 826 2181 colle
852 2148 1004 2182 evadunt
1028 2158 1243 2192 quamquain
1267 2146 1406 2181 Cottius
1431 2145 1474 2179 ad
1496 2157 1574 2186 sen-

181 2220 258 2242 sum
282 2211 375 2241 recte
398 2207 648 2251 interpretatur
669 2208 709 2241 in
741 2209 927 2243 advorsum
961 2210 1078 2243 collem
1104 2209 1258 2243 evadunt
1283 2208 1307 2243 i.
1330 2219 1361 2241 e.
1386 2208 1573 2250 enituntur,

180 2275 298 2304 tamen
322 2269 451 2302 falsum
476 2271 528 2301 est
559 2268 650 2311 quod
686 2268 855 2312 praecipit
889 2273 924 2304 et
959 2269 1148 2304 Gerlachio
1180 2269 1284 2304 facile
1316 2267 1486 2313 persuasit
1510 2268 1574 2302 ad-

181 2341 280 2363 uorso
305 2330 390 2362 colle
415 2328 587 2363 ablativos
611 2340 685 2363 esse
712 2330 909 2371 absolutos,
945 2330 1001 2364 cui
1023 2330 1210 2365 sentcntiae
1234 2330 1352 2364 omnia
1378 2332 1576 2375 repugnant

183 2389 344 2433 exempla
367 2389 412 2423 ab
436 2394 583 2434 utroque
607 2390 730 2425 allata.
777 2389 902 2434 Quivis
925 2389 1017 2424 enim
1049 2391 1191 2436 linguae
1225 2391 1356 2435 peritus
1379 2391 1476 2425 videt
1497 2390 1573 2424 vul-

182 2461 306 2496 garem
330 2450 480 2484 ablativi
506 2455 734 2495 potestatem,
758 2462 827 2494 qua
851 2453 943 2485 locus
967 2450 1189 2494 designatur,
1214 2451 1274 2485 hic
1297 2452 1442 2494 haberi,
1465 2461 1576 2494 neque

184 2512 360 2545 diversam
385 2523 460 2545 esse
483 2512 574 2546 hanc
597 2517 810 2546 structuram
836 2523 857 2545 a
880 2511 1112 2545 locutionibus
1147 2512 1263 2545 trita
1297 2514 1371 2546 via
1406 2512 1574 2552 incedere,

186 2573 243 2606 vel
268 2578 412 2606 monte
448 2584 613 2616 aspero
639 2573 842 2613 decurrere,
874 2572 908 2606 iu
933 2572 1059 2617 quibus
1091 2584 1213 2613 nemo,
1249 2571 1315 2607 nisi
1339 2573 1428 2607 forte
1453 2572 1576 2606 Gerla-

185 2632 306 2674 chius,
330 2633 503 2667 ablativos
528 2634 709 2668 absolutos
732 2636 907 2677 agnoscet.

282 2722 316 2763 §-
338 2721 360 2754 4
379 2742 421 2747 —
445 2722 479 2756 (5.
530 2723 655 2756 amisso
688 2721 784 2766 loco]
821 2723 872 2755 De
899 2721 956 2755 his
990 2721 1107 2756 verbis
1137 2733 1171 2756 V.
1201 2721 1245 2755 ad
1270 2720 1374 2756 Catil.
1397 2721 1458 2761 lx,
1481 2719 1516 2754 4.
1542 2731 1576 2764 p.

189 2780 247 2816 49.
273 2783 350 2827 lug.
375 2783 438 2825 01,
464 2783 497 2816 :l-
524 2782 641 2818 Tacit.
666 2783 752 2817 Anu.
778 2784 813 2824 l,
837 2782 894 2817 63.
919 2783 986 2825 lv,
1011 2782 1069 2817 47.
1094 2802 1137 2808 —-
1163 2783 1298 2828 Ignara
1326 2782 1346 2815 i.
1370 2793 1400 2814 e.
1426 2781 1577 2826 ignota5
