1630 3034
500 158 1031 205 PRAEFATIO.
1402 181 1444 206 lx

80 282 164 328 hos
215 281 408 340 quinque
455 292 591 322 annos
639 276 805 321 iuvenis
859 275 1165 334 doctissimus,
1211 276 1442 325 Mauritius

78 383 323 443 Hauptius‚
369 379 640 425 Zittaviensis
659 411 673 435 ‚
719 377 993 438 philologiae
1038 379 1187 422 studiis
1228 385 1320 425 tum
1359 381 1442 425 Li-

81 486 206 546 psiae
252 484 449 540 deditus,
484 481 543 526 ad
579 496 652 526 me
693 480 835 539 misit,
869 495 960 524 non
984 480 1190 540 precibus
1235 483 1344 526 meis
1386 483 1446 528 ad

78 588 316 632 molestum
358 584 522 629 codicis
577 582 832 627 conferendi
876 582 1076 627 laborem
1120 583 1445 643 suscipiendum

79 694 335 749 permotus,
371 702 476 733 nam
512 686 659 747 ipsum
694 690 791 729 tum
843 684 1043 729 nondum
1087 700 1320 742 noveram,
1365 686 1446 731 sed

77 804 296 851 generoso
331 788 492 833 ardore
521 787 579 832 de
605 803 709 833 mea
743 787 935 832 Sallustii
964 786 1157 831 editione
1193 788 1311 832 bene
1347 803 1445 832 me-

74 892 200 936 rendi
233 891 432 936 incitatus
452 924 466 948 ‚
500 896 551 936 ut
585 906 662 935 sua
702 895 859 950 sponte
892 889 1004 933 illius
1042 889 1166 946 libri,
1208 889 1329 934 cuius
1365 905 1446 934 co-

72 994 149 1055 pia
191 995 232 1038 ei
283 1009 369 1054 per
409 998 585 1053 patrem
629 1008 787 1049 suum,
837 991 1065 1039 consulem
1109 990 1446 1047 Zittaviensem,

71 1096 190 1141 facta
231 1101 348 1152 erat,
392 1095 533 1139 varias
578 1095 814 1154 scripturas
857 1108 1038 1153 prorsus
1088 1092 1299 1152 singulari
1344 1092 1446 1136 dili-

69 1199 224 1259 gentia
269 1202 466 1243 enotaret
508 1196 708 1255 meisque
759 1196 908 1239 usibus
962 1194 1243 1241 concederet.
1320 1194 1449 1238 Idem

72 1300 225 1344 litteris
260 1299 581 1343 humanissimis
617 1298 675 1341 ad
716 1313 788 1342 me
834 1296 943 1341 datis
987 1303 1194 1341 accurate
1236 1312 1351 1355 quae
1388 1295 1448 1339 ad

74 1401 241 1445 codicis
269 1401 381 1445 illius
417 1401 613 1446 notitiam
641 1399 863 1459 pertinent
897 1399 1118 1458 exposuit.>
1182 1398 1446 1444 Asservatur

73 1509 221 1548 autem
263 1503 309 1547 in
355 1502 628 1547 bibliotheca
672 1500 890 1545 societatis
944 1500 1188 1546 litterarum
1238 1498 1448 1542 Lusatiae

73 1605 327 1664 superioris,
364 1619 480 1663 quae
516 1604 759 1652 Goerlitiae
796 1602 949 1646 sedem
983 1600 1136 1658 habet,
1172 1601 1366 1659 quinque
1403 1606 1448 1644 et

71 1706 365 1767 quadraginta
394 1712 564 1750 constat
597 1706 713 1750 foliis
742 1696 1108 1758 membranaceiS,
1143 1702 1334 1747 formam
1360 1702 1446 1746 ha·-

69 1809 147 1852 bet
191 1809 460 1854 octonariam
479 1840 494 1865 ‚
542 1823 595 1855 ac
636 1807 771 1851 nitide
817 1812 861 1851 et
903 1806 1178 1866 paucissimis
1223 1802 1446 1848 scribendi

71 1911 349 1970 compendiis
386 1916 589 1955 exaratus
611 1916 691 1957 est.
761 1909 833 1957 De
869 1908 962 1952 eius
987 1912 1131 1954 aetate
1165 1907 1222 1950 ab
1242 1905 1443 1965 Hauptio

71 2019 252 2072 rogatus
301 2013 526 2062 Gustavus
571 2012 836 2066 Haenelius‚
870 2010 937 2054 vir
988 2009 1274 2063 clarissimus,
1322 2007 1444 2050 cuius

71 2113 232 2157 iudicio
261 2115 306 2158 in
341 2114 419 2157 tali
452 2129 502 2156 re
531 2113 774 2172 plurimum
811 2117 877 2154 est
916 2109 1224 2163 tribuendum,
1255 2123 1445 2167 respon-

73 2215 136 2258 dit
165 2214 468 2264 siblsaeculo
508 2213 775 2258 duodecimo
819 2212 996 2255 ineunte
1040 2211 1253 2270 scriptum
1293 2207 1448 2252 videri.

73 2315 414 2375 Orthographia
453 2330 721 2372 quamquam
768 2314 978 2359 nonnulla
1020 2312 1159 2357 habet
1191 2311 1446 2372 peculiaria,

72 2426 217 2464 tamen
258 2417 302 2461 in
345 2418 598 2463 universum
641 2430 744 2459 cum
796 2416 969 2475 vulgari
1017 2414 1239 2458 scribendi
1276 2413 1446 2457 ratione

72 2520 284 2579 congruit.
361 2518 572 2564 Ceterum
616 2517 818 2561 codicem
867 2531 921 2560 ex
968 2516 1203 2560 emendato
1238 2515 1446 2574 exemplo

73 2621 248 2665 fluxisse
275 2622 518 2680 scripturae
540 2621 768 2680 integritas
796 2617 1001 2674 ostendit,
1030 2633 1168 2678 saepe
1198 2633 1300 2665 cum
1331 2615 1448 2675 opti«

74 2738 172 2767 mae
208 2728 337 2767 notae
372 2723 492 2768 libris
529 2723 800 2782 conspirans.
