1630 3034
179 181 266 225 581
553 171 599 216 C.
628 170 944 217 SALLUSTI
977 171 1196 216 CRIS‘PI
1235 228 1238 233 Ι

179 293 540 357 pertimesceret;
583 304 676 350 qno
792 304 865 334 res
910 290 1157 335 communis
1196 289 1398 347 licentius
1432 305 1568 352 gere-

181 397 327 446 retur3
369 405 476 435 nam
519 387 578 433 ab
623 386 789 431 insidiis
835 388 927 431 eius
964 388 1091 432 aliter
1125 388 1273 433 caveri
1306 388 1568 447 nequivisse.

150 487 284 535 3Sed
333 502 424 548 ego
471 485 726 546 comperior
773 483 1014 529 Bocchum
1063 485 1208 546 magis
1255 486 1424 530 Punica
1466 486 1574 544 fide,

186 599 324 646 quam
359 584 419 629 ob
455 598 531 640 ea,
576 597 694 642 quae
733 580 1054 642 praedicabat,
1101 583 1231 629 simul
1265 583 1496 628 Romanos
1531 589 1578 628 et

187 707 264 742 lum
291 710 332 743 ut
354 707 390 741 et
412 716 478 750 ne,
512 704 573 740 sed
597 703 706 738 etiam
738 702 889 738 relativa
920 714 1001 737 eum
1035 703 1259 740 coniunctivo
1283 705 1343 740 vel
1366 704 1579 740 infinitivum

186 767 389 812 saepissime
411 764 521 814 sequi.
557 764 715 807 accedit,
747 764 840 808 quod
863 769 904 799 ut
927 768 962 798 et
984 777 1028 799 ne
1051 777 1120 801 non
1143 767 1266 801 eadem
1290 765 1419 809 ubique
1441 764 1580 810 signifi-

187 829 325 864 catione
346 828 404 863 his
426 826 541 862 verbis
565 826 778 871 iunguntur,
809 824 869 860 sed
893 825 1078 869 aliquoties
1099 826 1189 862 inter
1211 839 1288 863 sese
1311 830 1582 863 commutantur.

189 890 258 925 hoc
280 890 391 936 igitur
415 889 493 923 loco
516 888 568 923 ita
589 887 742 922 seribere
765 884 884 920 licuit:
919 897 987 921 neu
1009 878 1160 932 ‘propter
1194 878 1351 934 legatum
1383 901 1456 924 rem
1489 901 1581 924 com-

190 961 329 986 munem
358 949 514 987 licentius
547 959 671 995 gerere
700 947 970 993 pertimesceret.
1002 949 1063 983 sed
1094 960 1158 993 pro
1188 949 1360 985 infinitivo
1389 961 1583 996 pronomen

191 1011 380 1048 relativum
411 1010 539 1054 posuit.
585 1007 684 1044 Nihil
716 1010 809 1042 certe
839 1007 875 1042 in
906 1007 964 1042 his
994 1009 1111 1044 verbis
1144 1010 1361 1046 difficultatis
1392 1011 1530 1054 inesset,
1552 1009 1583 1045 si

191 1084 256 1119 pro
280 1084 358 1119 quo,
386 1082 430 1106 ne
455 1069 624 1115 scriptum
646 1072 747 1104 esset.
770 1081 814 1104 ne
840 1073 874 1105 et
895 1076 941 1106 ut.
959 1070 1068 1116 igitur
1091 1070 1184 1106 inter
1199 1083 1237 1105 se
1251 1074 1467 1106 commutata
1480 1075 1584 1116 puta;

193 1146 260 1181 quo
284 1132 380 1168 enim
403 1142 484 1177 pro:
507 1136 546 1166 ut
571 1143 611 1166 eo
635 1130 830 1176 positum.“
870 1132 940 1166 Sed
963 1131 1039 1176 ipse
1062 1136 1181 1177 postea
1203 1133 1353 1168 sentiens
1374 1134 1446 1168 hac
1467 1132 1586 1169 scabie

194 1194 433 1240 grammatica
465 1193 586 1227 locum
616 1203 685 1226 non
718 1192 894 1237 expediri,
926 1193 962 1228 in
994 1193 1048 1228 ed.
1079 1193 1215 1228 minore
1238 1194 1475 1230 coniecturam
1498 1195 1588 1229 Gro-

195 1255 295 1291 novii
317 1253 473 1300 recepit,
497 1253 559 1298 qui
578 1265 643 1299 quo
667 1253 703 1287 in
727 1255 809 1299 quin
835 1258 971 1290 mutato
993 1267 1133 1289 sensum
1156 1256 1251 1290 hunc
1273 1267 1349 1290 esse
1372 1254 1476 1290 dicit:
1499 1253 1588 1299 „Ne

196 1320 339 1363 putaret
374 1317 513 1351 obstare
542 1315 611 1350 sibi
650 1316 843 1360 Asparem,
873 1317 1051 1362 quominus
1084 1315 1196 1350 libere
1227 1316 1359 1352 diceret
1389 1319 1590 1361 ageretque,

198 1390 290 1425 quae
322 1378 358 1413 in
391 1389 469 1412 rem
490 1376 681 1423 &utriusque
705 1380 837 1418 essent3
873 1388 954 1411 nam
985 1377 1090 1411 illum
1112 1377 1308 1412 necessario
1334 1377 1592 1412 admittendum

199 1427 320 1481 fuisse,
343 1441 383 1474 ut
406 1438 500 1473 aliae
521 1439 715 1484 Iugurthae
737 1437 884 1473 insidiae
907 1439 1182 1474 excluderentur.
1195 1440 1220 1459 “
1266 1440 1368 1484 Quae
1391 1438 1591 1474 coniectura

200 1501 245 1536 iis
268 1500 429 1542 concidit,
453 1511 543 1545 quae
564 1511 670 1544 supra
692 1500 735 1534 de
758 1510 845 1534 vera
866 1500 1055 1535 sententiae
1074 1501 1212 1535 ratione
1235 1500 1397 1543 diximus,
1419 1499 1591 1544 siquidem

201 1562 365 1596 Bocchus
388 1564 524 1596 tantum
549 1561 675 1604 abfuit,
697 1564 737 1597 ut
761 1560 907 1596 Sullam.
924 1561 969 1596 ad
992 1561 1097 1597 libere
1122 1563 1298 1610 agendum
1321 1571 1440 1597 coram
1457 1560 1594 1604 Aspare

203 1623 394 1666 excitaret,
427 1626 466 1657 ut
497 1621 562 1656 illo
586 1626 768 1666 praesente
790 1633 902 1666 pauca
931 1624 1067 1657 tantum
1092 1628 1128 1659 et
1151 1636 1192 1659 ex
1215 1624 1400 1669 composito
1423 1621 1595 1666 transige-

205 1688 269 1719 ret.
293 1683 488 1718 Muellerus
511 1682 660 1727 denique
682 1695 766 1717 nam
787 1683 961 1728 particula
983 1685 1096 1719 deleta
1115 1686 1227 1720 verba
1247 1696 1313 1730 quo
1335 1692 1596 1729 res—gerere-

206 1749 266 1780 tur
288 1755 333 1779 ex
357 1744 578 1788 sequentibus
601 1747 683 1787 apta
705 1755 779 1779 esse
799 1746 886 1787 vult,
912 1748 1091 1789 totumque
1112 1746 1231 1780 locum
1257 1745 1309 1780 sic
1329 1745 1596 1788 interpretatur:

205 1833 230 1850 ‚,
241 1806 293 1842 Ne
316 1807 490 1852 Iugurtha
522 1816 563 1839 ex
595 1816 694 1840 more
721 1818 784 1840 suo
815 1805 949 1841 amicos
972 1806 1067 1851 regis
1090 1809 1331 1850 corrumperet
1355 1809 1390 1840 et
1412 1804 1598 1840 deditionis

208 1867 377 1913 pacisque
399 1866 547 1902 consilia
568 1867 663 1901 clam
686 1867 885 1911 impediret,
919 1867 1092 1911 optimum
1120 1868 1217 1901 factu
1240 1877 1316 1901 esse
1339 1865 1474 1907 visum,
1497 1866 1595 1911 legn-

209 1933 286 1965 tum
306 1929 380 1964 eius
405 1930 620 1973 praesentem
641 1927 787 1970 habere,
803 1939 955 1971 eumque
979 1928 1014 1962 in
1036 1928 1177 1971 publico
1200 1926 1376 1972 colloquio
1399 1938 1480 1961 cum
1496 1926 1599 1962 Sulla

209 1991 375 2024 adesse.“
422 1989 519 2033 Quas
543 1989 654 2023 aniles
684 1988 836 2034 ineptias
866 1992 905 2023 ut
939 1989 1145 2024 refellamus
1176 2001 1280 2025 nemo
1304 1988 1514 2033 postulabit,
1538 1987 1599 2033 qui

210 2050 373 2085 Sallustii
405 2049 524 2084 verbis
557 2051 752 2085 accuratius
784 2049 949 2094 inspectis
979 2049 1191 2085 intellexerit
1224 2060 1334 2094 neque
1367 2061 1451 2083 nam
1485 2048 1601 2083 omitti

212 2123 324 2156 posse,
348 2111 440 2155 quod
464 2121 583 2145 omnes
607 2111 706 2147 codd.
730 2114 865 2153 tenent,
895 2122 1027 2155 neque,
1049 2110 1141 2156 quod
1164 2114 1269 2155 caput
1291 2110 1343 2144 rei
1365 2113 1439 2152 est,
1461 2121 1603 2145 sensum

212 2183 280 2218 quo
312 2171 408 2207 vocis
442 2171 492 2207 ita
521 2172 701 2216 explicari.
759 2173 906 2207 Frustra
936 2175 1054 2206 autem
1085 2172 1194 2206 fuisse
1225 2182 1344 2206 omnes
1373 2171 1603 2215 interpretum

214 2243 317 2266 curas
350 2232 452 2266 nobis
483 2233 626 2276 quidem
657 2245 728 2268 non
761 2234 891 2268 mirum
914 2233 1074 2274 videtur,
1098 2232 1159 2277 qui
1180 2243 1386 2277 persuasum
1408 2231 1604 2266 habeamus

214 2295 331 2328 locum
360 2297 562 2342 corruptum
588 2305 682 2339 esse,
721 2305 764 2329 ac
796 2293 1029 2329 vetustissimo
1054 2293 1140 2328 vitio
1161 2294 1333 2328 laborare.
1382 2291 1472 2329 Nam
1496 2303 1604 2338 quum

216 2357 265 2390 et*
281 2357 356 2389 tota
387 2353 560 2390 sententia
590 2365 716 2389 manca
746 2354 812 2397 sit,
839 2358 873 2389 et
896 2367 962 2400 quo
985 2355 1082 2389 nullo
1105 2357 1206 2398 pacto
1230 2353 1382 2399 intelligi
1405 2357 1522 2397 queat,
1545 2365 1606 2389 ιιι-

217 2415 395 2458 spicamur
422 2418 499 2459 post
520 2427 586 2460 quo
609 2415 778 2450 excidisse
800 2422 950 2460 remoto,
981 2416 1057 2451 sive
1077 2414 1113 2449 id
1135 2413 1365 2449 similitudine
1387 2414 1604 2459 sequentium

218 2476 434 2518 litterarum,
467 2477 542 2511 sive
567 2476 638 2512 alia
660 2488 784 2512 caussa
804 2477 939 2512 factum
961 2480 1024 2512 cst.
1071 2478 1147 2511 lum
1170 2486 1238 2510 non
1260 2476 1376 2510 solum
1397 2476 1605 2511 constructio

219 2536 424 2579 planissima
455 2540 526 2579 est,
550 2537 610 2572 scd
639 2537 809 2572 sententia
838 2549 976 2582 quoquo
1009 2537 1190 2582 aptissima
1222 2540 1259 2571 et
1282 2548 1362 2570 cum
1384 2536 1608 2581 sequentibus

220 2598 420 2640 conspirans
449 2597 575 2642 prodit.
621 2599 700 2632 Hoc
732 2598 826 2632 enim
857 2598 942 2632 dicit
964 2599 1146 2633 Bocchus:
1170 2609 1212 2632 ne
1234 2598 1427 2643 Iugurthae
1448 2597 1607 2643 legatum

221 2656 500 2701 pertimesceret;
533 2669 575 2692 eo
601 2659 695 2692 enim
719 2662 898 2703 praesento
929 2670 998 2694 non
1026 2671 1114 2704 opus
1141 2671 1234 2701 esse,
1269 2658 1385 2692 dicere
1415 2658 1458 2691 de
1490 2658 1608 2700 rebus.

221 2728 308 2760 quies
330 2717 434 2752 illum
457 2718 546 2753 scire
570 2720 689 2762 nollet,
712 2721 774 2754 sed
795 2725 873 2765 post
897 2721 986 2754 clam
1012 2732 1050 2754 eo
1074 2721 1185 2755 libere
1208 2720 1291 2765 quid
1315 2719 1391 2754 ficri
1415 2719 1522 2754 vellet
1544 2719 1607 2754 do-

224 2781 336 2820 ccret;
359 2779 464 2813 aliter
488 2780 581 2814 enim
596 2806 605 2822 ,
631 2779 654 2817 i.
679 2793 710 2816 o.
735 2791 803 2816 non
828 2781 893 2816 nisi
917 2780 1064 2817 consilio
1087 2781 1139 2816 bis
1162 2780 1300 2825 habito,
1325 2791 1475 2825 quorum
1498 2780 1608 2825 priori
