1630 3034
177 183 259 223 1⁰2
488 219 490 221 ,
546 178 589 220 C.
622 176 944 220 SALLUSTI
975 175 1193 220 CRISPI

145 295 414 354 4Europam
453 308 572 350 esse,
618 292 698 337 sed
741 292 943 337 Africam
987 293 1032 337 in
1074 293 1274 354 Europa.
1353 293 1424 338 Ea
1465 294 1565 339 finis

175 391 316 435 habet
350 391 408 435 ab
452 389 685 434 occidente
730 389 894 434 fretum
938 391 1076 434 nostri
1121 391 1251 434 maris
1293 395 1338 433 et
1373 389 1568 443 Oceani:

179 574 305 616 habet,
332 574 367 608 in
389 572 580 608 novissima
603 572 819 617 ablativum,
845 575 880 608 in
905 574 1113 609 Commentt.
1137 587 1171 619 p.
1196 574 1277 609 24⁰.
1303 572 1390 607 nihil
1406 573 1570 607 interesse

180 633 377 676 contendit,
406 645 514 678 quum
542 633 797 677 antiquioribus
821 634 1044 678 scriptoribus
1068 635 1307 670 accusativum
1330 644 1394 677 pro
1415 633 1569 667 ablativo

180 705 310 738 ponere
341 694 607 730 usitatissimum
641 696 764 736 fuerit,
799 708 905 740 quam
941 696 1082 731 futilem
1112 696 1343 737 sententiam,
1365 694 1502 739 saepius
1526 695 1570 728 ab

179 765 222 787 eo
255 756 456 798 prolatam,
488 748 586 789 velut
619 756 829 792 commentt.
860 769 896 801 p.
925 756 982 791 58.
1018 757 1063 791 ad
1092 758 1168 791 Cat.
1201 757 1271 800 XI,
1306 756 1362 798 5.,
1384 768 1419 799 p.
1443 754 1501 789 77.
1526 755 1571 789 ad

180 815 255 849 Cat.
282 817 387 858 xlx,
412 816 469 858 3.,
493 819 528 850 et
550 827 583 860 p.
610 816 693 850 221.
717 819 762 851 ad
785 819 864 863 lug.
888 819 936 860 V,
960 818 994 852 4.
1017 817 1282 861 perstrinximus
1304 816 1341 850 in
1364 816 1481 849 lahnii
1504 816 1571 850 An-

180 876 265 909 nau.
292 877 417 920 philol.
444 880 478 910 et
501 877 648 922 paedog.
674 888 708 912 a.
735 878 840 913 1829.
867 880 912 913 Τ.
929 880 974 914 ΙΙ.
990 879 1092 913 Fasc.
1105 879 1138 917 J,
1156 878 1249 922 (sive
1266 879 1372 912 Tom.
1388 878 1452 911 IX.
1468 865 1572 911 Fasv.

181 937 231 980 1.)
257 948 291 981 p.
316 937 373 972 51.
399 941 433 972 et
455 937 512 972 62.
553 937 720 973 Eiusdem
743 939 879 974 farinae
902 943 955 974 est
978 939 1068 984 quod
1094 939 1170 972 cod.
1186 939 1270 971 Ven.
1293 938 1327 972 4.
1350 937 1571 982 scripturam,

178 999 227 1042 pl.
251 1003 432 1042 partem
454 999 650 1034 tertiam
675 1002 754 1044 Afr.
775 1011 848 1044 pos.
863 1025 874 1042 ,
899 1002 1007 1046 longe
1030 1000 1328 1044 elegantissimam
1351 1002 1473 1041 putat,
1504 1010 1572 1042 quo

180 1057 311 1093 iudicio
336 1060 379 1093 de
395 1059 571 1105 elegantia
593 1060 676 1104 quid
699 1061 922 1095 tribuendum
947 1062 992 1096 sit
1015 1059 1051 1093 in
1075 1059 1264 1093 eorundem
1289 1059 1426 1092 Annall.
1450 1059 1573 1103 philol.

180 1120 205 1152 l.
230 1119 254 1152 1.
280 1132 316 1164 p.
341 1119 397 1154 55.
422 1132 474 1164 sq.
499 1122 777 1163 declaravimus;
800 1122 836 1156 in
860 1123 990 1157 talibus
1008 1121 1102 1155 enim
1126 1132 1193 1153 non
1225 1118 1424 1164 elegantiae
1457 1131 1575 1154 sensus

180 1178 392 1222 audiendus,
426 1182 484 1214 sed
516 1182 599 1225 quid
629 1183 885 1227 grammaticae
918 1183 1017 1227 leges
1046 1184 1080 1214 et
1112 1180 1249 1213 dicendi
1281 1191 1383 1220 usus,
1409 1181 1575 1225 analogia

181 1238 296 1280 nisus,
328 1240 492 1284 suadeat,
525 1242 791 1286 dispiciendum.
851 1245 899 1278 Ut
922 1243 1033 1288 igitur
1058 1243 1101 1276 ad
1126 1242 1229 1276 Catil.
1254 1242 1319 1282 Ll,
1343 1240 1400 1274 21.
1425 1241 1575 1275 ostendi-

180 1310 259 1334 mus
289 1304 383 1334 recte
416 1301 506 1344 dici,
540 1304 598 1336 sed
632 1303 770 1339 diverso
803 1316 923 1346 sensu,
955 1305 1086 1338 addere
1121 1304 1166 1340 in
1195 1302 1439 1337 sententia
1466 1306 1502 1337 et
1531 1303 1576 1336 in

181 1363 488 1404 seutentiam,
511 1366 643 1406 referre
667 1366 713 1399 in
733 1377 919 1400 numero
940 1369 976 1399 et
1002 1365 1049 1398 in
1071 1374 1335 1403 numerum,
1368 1363 1472 1397 etad
1496 1363 1575 1407 lug.

182 1422 277 1463 xm,
300 1422 334 1456 6.
357 1423 466 1466 plebis
485 1422 718 1468 vis'dispersa
745 1427 789 1460 in
812 1426 1121 1461 multitudine
1146 1428 1179 1458 et
1203 1423 1576 1463 multitudinem,

182 1481 232 1516 ita
264 1482 360 1516 aliud
395 1487 447 1517 est
481 1485 527 1517 in
557 1491 692 1529 parte
725 1488 876 1522 tertia
907 1498 1034 1531 ponere
1058 1486 1234 1529 Africam,
1260 1484 1367 1518 etin
1397 1490 1578 1528 partem

183 1544 393 1577 tertiam.
448 1544 660 1580 Accusativo
686 1547 779 1581 enim
806 1547 1026 1593 significatur
1050 1558 1173 1580 eorum
1197 1545 1311 1587 ratio,
1344 1544 1405 1588 qui
1428 1555 1496 1579 non
1518 1556 1578 1579 ac—

182 1608 283 1647 cepta
305 1605 350 1638 ab
376 1604 456 1638 aliis
480 1604 656 1647 tripartita
679 1607 868 1649 divisione,
894 1607 961 1650 ipsi
987 1607 1093 1651 primi
1117 1611 1185 1640 tres
1209 1610 1324 1649 partes
1347 1604 1444 1638 orbis
1466 1608 1580 1639 terrae

183 1663 336 1706 faciunt,
360 1675 401 1698 ac
425 1665 548 1699 tertiae
572 1666 730 1701 Africam
754 1667 954 1712 assignant3
990 1667 1148 1700 ablativo
1174 1665 1286 1709 posito
1311 1665 1337 1697 ii
1360 1664 1580 1710 intelligendi

183 1728 285 1766 sunt,
317 1725 377 1768 qui
405 1726 534 1760 factam
570 1725 642 1760 iam
679 1728 724 1761 ab
757 1728 838 1762 aliis
861 1728 896 1761 in
919 1732 989 1761 tres
1012 1732 1130 1771 partes
1152 1725 1365 1760 divisionem
1390 1731 1581 1768 sequuntur

182 1789 218 1819 et
250 1786 525 1829 amplectuntur3
559 1786 614 1820 illi
645 1792 833 1831 quaerunt,
869 1792 954 1831 quot
985 1792 1101 1832 partes
1124 1787 1305 1822 faciendae
1329 1786 1418 1827 sint,
1443 1786 1482 1820 hi
1507 1787 1580 1821 iam

182 1856 246 1889 pro
279 1846 462 1890 explorato
495 1847 627 1882 habent
658 1852 728 1882 tres
751 1851 869 1892 partes
892 1859 977 1882 esse.
1026 1848 1129 1891 Quae
1151 1858 1259 1890 quum
1282 1847 1333 1880 ita
1357 1846 1444 1887 sint,
1469 1848 1583 1890 possis

182 1907 300 1941 adhue
331 1906 508 1950 dubitare,
543 1912 661 1943 utram
693 1908 902 1952 scripturam
932 1907 1078 1951 probes,
1112 1907 1170 1940 sed
1195 1907 1294 1951 prior
1317 1907 1407 1942 ratio
1431 1907 1506 1951 ipsa
1530 1909 1581 1942 rei

182 1968 308 2001 natura
332 1967 448 2012 magis
471 1970 746 2004 commendatur.
793 1970 889 2003 Tum
913 1967 1134 2003 accusativus
1157 1967 1345 2012 Augustini
1369 1968 1582 2004 anctoritate

184 2027 363 2071 aliquanto
395 2027 566 2063 maiorem
599 2041 705 2072 quam
729 2029 829 2064 codd.
856 2029 961 2063 fidem
984 2029 1110 2069 habet3
1136 2027 1285 2071 denique
1307 2028 1432 2062 scribis
1454 2029 1583 2063 ablati-

185 2099 249 2122 vus
280 2100 361 2122 cum
391 2099 519 2133 ponere
552 2091 662 2124 verbo
686 2090 823 2123 iunctus
847 2088 964 2122 notior
987 2092 1063 2122 erat
1083 2093 1207 2131 quarto
1232 2099 1314 2124 casu
1333 2117 1341 2132 ‚
1375 2101 1477 2132 quem
1502 2101 1583 2124 eam

185 2149 230 2183 ob
256 2160 415 2183 caussam
441 2149 580 2183 facilius
612 2153 791 2184 mutarunt
825 2149 860 2183 in
897 2149 1072 2191 alterum,
1106 2160 1214 2192 qnam
1239 2154 1373 2187 contra.
1419 2150 1583 2187 Ceterum

184 2210 335 2243 notanda
358 2209 575 2253 sequentium
600 2211 789 2245 verborum
812 2213 1008 2251 structura,
1042 2210 1087 2244 ad
1106 2221 1246 2243 sensum
1270 2210 1386 2253 potius
1408 2222 1514 2255 quam
1537 2213 1583 2246 ad

186 2270 442 2315 grammaticae
466 2271 562 2316 leges
587 2271 763 2311 instituta3
790 2281 871 2304 nam
897 2281 1010 2305 accus.
1034 2283 1064 2305 c.
1089 2271 1151 2304 inf.
1177 2282 1246 2306 non
1271 2276 1436 2306 accurrate
1459 2273 1584 2316 pendet

187 2342 229 2363 ex
249 2342 395 2374 posuere
426 2333 557 2375 verbo,
593 2333 653 2366 sed
677 2332 881 2376 repetendus
904 2336 957 2366 ost
981 2342 1003 2365 a
1028 2332 1147 2366 iudicii
1172 2331 1336 2373 notione,
1367 2343 1458 2375 quae
1482 2332 1518 2366 in
1542 2344 1584 2367 eo

186 2389 293 2432 inest,
317 2403 426 2435 quum
449 2396 572 2427 auctor
598 2393 707 2427 talem
730 2393 804 2427 fere
826 2391 1031 2427 sententiam
1058 2396 1177 2428 mente
1192 2393 1405 2437 conceperit:
1429 2393 1465 2427 iu
1481 2393 1582 2428 divis.

186 2452 262 2485 orb.
290 2456 354 2486 ter.
379 2453 429 2496 pl.
454 2464 533 2487 eam
558 2453 732 2487 rationem
755 2456 966 2497 sequuntur,
1000 2457 1048 2487 ut
1072 2457 1141 2487 tres
1171 2458 1292 2498 partes
1316 2464 1388 2488 esse
1412 2465 1428 2488 s
1443 2459 1552 2490 tatu
1572 2474 1580 2480 ·

185 2516 289 2553 unt,
321 2514 428 2557 pauci
456 2514 546 2548 duas
574 2519 723 2549 tantum.
779 2514 884 2557 Quod
918 2513 1120 2559 ignorantes
1151 2514 1289 2549 scribae
1322 2514 1358 2548 in
1383 2514 1502 2548 Guelf.
1528 2515 1582 2549 1⁰.

189 2573 327 2613 dicunt,
359 2572 396 2606 in
428 2573 548 2608 Struv.
580 2576 761 2609 voluerunt
792 2573 952 2609 intulere.
983 2575 1032 2609 cf.
1067 2575 1111 2608 ad
1144 2575 1221 2610 Cat.
1247 2576 1354 2617 xxi,
1378 2576 1413 2610 3.
1438 2577 1522 2617 Xh,
1546 2577 1581 2611 3.

190 2635 265 2679 lug.
292 2635 389 2676 vm,
413 2633 445 2666 l.
471 2635 608 2676 xxw,
633 2635 667 2669 1.
691 2634 876 2678 LXXXU,
900 2634 935 2669 8.
976 2635 1195 2678 Tripartitae
1217 2635 1401 2670 divisionis
1423 2640 1583 2671 auctores

187 2694 326 2729 Curtius
356 2695 465 2729 refert
495 2694 708 2729 Strabonem
741 2699 776 2730 et
806 2695 983 2736 Plinium,
1008 2695 1089 2730 coll.
1115 2696 1249 2730 Duker.
1273 2697 1318 2730 ad
1342 2696 1436 2730 Flor.
1466 2696 1521 2738 ΙΙ,
1546 2697 1581 2735 8.

192 2754 219 2787 1.
252 2755 364 2794 ,Duae
394 2753 492 2789 orbiu
524 2757 696 2789 ten-arum
730 2757 847 2798 partes
871 2754 1004 2791 faciunt
1028 2754 1287 2800 Agatheam-u·
1309 2755 1353 2790 de
1377 2757 1510 2802 Gengr.
1538 2758 1581 2802 ΙΙ,
