1630 3034
103 184 189 225 5⁰2
469 177 877 223 c.SALLUST1
907 166 1130 221 clusm

105 295 284 357 saepius
329 295 490 341 eadem
536 295 781 340 ascendens
821 294 1216 354 descendensque,
1261 293 1364 339 dein
1399 300 1491 339 sta-

71 395 185 446 3tim
221 393 493 454 digrediens,
529 394 688 438 ceteris
727 392 960 437 audaciam
988 391 1170 436 addere.
1240 392 1382 453 Igitur
1417 391 1494 436 diu

102 492 383 551 multumque
427 491 603 552 fatigati
645 490 828 535 tandem
861 490 907 534 in
946 490 1178 534 castellum
1212 489 1496 550 perveniunt,

104 588 334 634 desertum
369 590 427 633 ab
465 605 518 634 ea
552 595 705 650 parte,
736 587 862 647 quod
893 603 1072 643 omnes,
1109 587 1235 632 sicuti
1263 587 1358 632 aliis
1395 586 1495 631 die-

103 687 213 744 bus,
250 686 493 731 advorsum
521 686 663 732 hostis
693 686 891 730 aderant.
963 684 1152 741 Marius,
1182 684 1262 729 ubi
1292 699 1350 728 ex
1381 699 1496 729 nun-

105 784 180 828 ciis
213 799 330 843 quae
357 784 500 845 Ligus
536 790 694 846 egerat
728 783 954 844 cognovit:
986 797 1261 842 quamquam
1296 788 1392 826 toto
1424 776 1498 827 die

104 881 295 926 intentos
326 882 501 942 proelio
532 882 750 927 Numidas
784 880 1019 938 habuerat,
1054 887 1151 924 tum
1185 895 1294 924 vero
1331 879 1499 924 cohor-

104 984 221 1022 tatus
256 979 416 1023 milites
449 986 495 1024 et
527 980 626 1041 ipse
663 985 787 1024 extra
825 980 974 1023 w'neas
1011 992 1243 1038 egressus,
1279 977 1501 1022 testudine

105 1081 314 1117 Commentt.
339 1094 376 1127 p.
401 1082 482 1117 323.
506 1084 709 1127 probatam,
743 1083 779 1117 in
803 1082 996 1117 novissima
1019 1079 1170 1114 editione
1200 1079 1397 1115 inconsulto
1421 1091 1501 1114 cum

107 1143 256 1188 vulgata
287 1144 379 1178 nisui
413 1144 588 1185 mutavit3
623 1156 657 1180 V.
682 1145 726 1179 ad
747 1156 779 1181 c.
817 1145 884 1188 Vl,
915 1144 950 1178 1.
999 1141 1204 1176 Structurae
1234 1141 1328 1176 ratio
1351 1153 1418 1176 non
1451 1145 1505 1176 est

107 1205 280 1246 obscura3
314 1216 396 1239 nam
427 1217 536 1250 quum
570 1206 612 1239 de
643 1206 829 1250 efficienda
856 1217 894 1240 re
917 1207 1070 1249 agatur,
1103 1214 1210 1246 quam
1235 1203 1417 1237 commode
1431 1204 1506 1248 fini

107 1266 214 1300 alicui
239 1278 438 1311 compares,
471 1266 568 1301 cuius
592 1266 688 1301 notio
713 1267 900 1311 peculiaris
923 1269 975 1300 est
998 1265 1141 1308 dativo,
1174 1265 1266 1298 m'sui
1298 1264 1321 1299 i.
1347 1276 1375 1298 e.
1399 1277 1433 1309 q.
1456 1265 1505 1299 ad

107 1328 300 1363 nitendum.
335 1329 382 1365 cf.
418 1328 574 1372 Propert.
606 1329 676 1370 lv,
700 1327 744 1370 4,
767 1328 825 1366 81.
872 1328 973 1362 Mons
999 1332 1077 1361 erat
1102 1337 1301 1360 ascensu
1332 1326 1504 1363 dubius.

107 1389 146 1424 V.
174 1389 281 1423 etiam
312 1394 434 1424 notata
466 1390 511 1424 ad
546 1402 575 1424 c.
603 1390 695 1432 XCI,
719 1390 752 1424 7.
779 1409 823 1415 —-
850 1390 1051 1424 Potissimus
1074 1387 1232 1423 nonnulli
1264 1387 1402 1421 scribae
1428 1398 1508 1421 mu-

107 1453 227 1484 tarunt
250 1451 286 1484 in
305 1452 533 1495 potissimum,
558 1451 631 1485 vim
649 1449 815 1485 adiectivi
831 1462 900 1484 non
917 1450 1121 1491 sentientes3
1145 1460 1179 1482 v.
1201 1449 1245 1483 ad
1261 1460 1290 1482 c.
1315 1449 1508 1491 xxxvln,

108 1511 143 1546 1.
187 1512 315 1546 Statim
341 1517 419 1556 post
443 1524 552 1556 quum
577 1513 612 1546 in
644 1512 818 1546 nonnullis
841 1513 997 1556 Popmae
1022 1512 1122 1546 codd.
1148 1511 1424 1555 descendensque
1447 1510 1507 1544 de-

108 1572 176 1615 sit,
202 1574 294 1616 quod
320 1574 427 1607 etiam
452 1573 487 1606 in
514 1573 647 1606 Bodlei.
674 1574 776 1607 Rem.
801 1574 833 1607 1.
872 1574 988 1607 Guelf.
1014 1573 1048 1606 7.
1081 1576 1114 1606 et
1143 1571 1236 1606 Leid.
1263 1572 1308 1605 K.
1333 1571 1510 1606 desidera-

108 1639 191 1679 tur,
223 1634 375 1667 Weisius
407 1639 538 1668 temere
575 1633 610 1667 id
636 1638 803 1677 tanquam
828 1635 987 1679 spurium
1012 1633 1148 1668 uncinis
1181 1633 1341 1674 inclusit,
1366 1633 1508 1677 ineptis·

108 1694 198 1730 sime
225 1707 366 1729 censens
391 1696 484 1729 idem
509 1696 614 1740 plane
638 1695 833 1740 significari
858 1697 966 1730 verbo
991 1696 1216 1740 digrediens,
1241 1695 1332 1738 quod
1357 1695 1512 1739 explicat

110 1756 337 1801 degrediens!
370 1756 440 1791 Sed
472 1762 687 1801 postremum
718 1758 952 1798 vocabulum,
986 1767 1007 1790 a
1039 1755 1160 1789 multis
1196 1766 1264 1788 non
1298 1754 1383 1789 satis
1406 1755 1511 1789 intel-

110 1817 264 1860 lectum,
301 1824 397 1852 recte
418 1818 666 1862 interpretatus
698 1821 750 1851 est
776 1818 990 1851 Muellerus:
1023 1817 1184 1851 secedens
1208 1815 1243 1849 in
1267 1816 1425 1851 dextram
1450 1820 1512 1852 aut

111 1879 251 1913 laevam
277 1884 437 1923 partem,
463 1884 500 1913 ut
525 1881 633 1914 locum
651 1881 791 1922 jaceret
813 1885 892 1925 post
914 1879 1024 1923 ipsum
1051 1877 1270 1911 enitentibus.

203 1942 235 1983 §-
261 1941 295 1976 3.
344 1931 808 1986 Quamquam—habuerat,
834 1945 905 1974 tum
931 1939 1038 1983 vero]
1074 1939 1193 1981 Inepte
1224 1938 1376 1974 iVeisius
1403 1951 1512 1984 quum

110 2005 228 2035 tamen
252 2013 320 2035 non
346 2007 532 2045 sequatur,
566 2013 774 2046 quamquam
807 2013 875 2035 non
909 1999 1139 2040 concedendi,
1170 2000 1231 2032 sed
1254 2002 1416 2045 temporis
1440 2002 1512 2036 vim

109 2061 243 2096 habere
279 2063 348 2106 uit,
381 2062 628 2107 interpretatus
662 2062 1033 2107 quum—habuisset.
1082 2060 1152 2094 Sed
1185 2073 1295 2104 quum
1329 2062 1386 2104 id,
1420 2064 1512 2106 quod

111 2123 244 2167 protasi
267 2124 495 2166 «mundatur,
520 2125 584 2159 etsi
608 2136 670 2169 per
693 2135 730 2158 sc
755 2124 839 2158 satis
865 2135 977 2169 grave
1003 2122 1090 2166 ruit,
1115 2133 1157 2156 eo
1182 2123 1350 2167 temporis
1373 2128 1512 2168 puncto,

112 2195 182 2228 quo
208 2184 319 2230 Ligus
343 2197 423 2219 cum
448 2185 520 2219 suis
545 2187 579 2219 in
607 2186 792 2220 castellum
818 2189 1044 2230 pervenerat,
1081 2189 1223 2218 auctum
1249 2189 1283 2218 et
1307 2184 1442 2218 maiore
1463 2184 1512 2227 vi,
1544 2206 1547 2208 -

112 2255 219 2288 quam
243 2251 364 2287 antea,
390 2247 522 2281 factum
547 2252 727 2286 narretur,
762 2258 830 2279 non
855 2252 991 2290 poterat
1015 2251 1134 2280 tamen
1158 2244 1308 2287 subiici,
1341 2245 1400 2279 sed
1424 2248 1514 2279 tem-

113 2305 208 2350 poris
241 2306 417 2350 particula
450 2313 522 2342 turn
549 2308 613 2341 illa
638 2308 787 2351 impetus
812 2308 965 2342 accessio
991 2306 1165 2341 declarari
1198 2306 1329 2340 debuit.
1368 2305 1515 2340 Senten-

113 2366 184 2401 tiae
217 2367 313 2409 vim,
349 2379 456 2412 quam
489 2374 563 2404 tum
587 2368 713 2409 infert,
739 2381 807 2403 non
833 2369 978 2403 minime
1001 2373 1110 2413 auget
1133 2380 1234 2409 vcro,
1269 2371 1308 2402 ut
1329 2367 1515 2411 aliquoties

114 2427 187 2461 iam
212 2429 431 2470 monuimus3
460 2440 493 2462 ν.
519 2430 563 2463 ad
589 2441 618 2463 c.
644 2430 833 2474 Lxxxlv,
860 2431 892 2465 1.
920 2431 960 2474 L,
976 2429 1012 2464 6.
1037 2430 1115 2463 con.
1142 2430 1217 2463 Cat.
1243 2429 1417 2469 XXXVH,
1435 2429 1514 2463 4.—

116 2490 301 2524 Habuerat
332 2502 414 2524 cum
445 2491 631 2535 participio
664 2492 813 2526 intentos
848 2492 1072 2525 coniunctum
1101 2502 1171 2534 quo
1192 2500 1293 2524 senen
1317 2489 1514 2535 intelligen-

116 2550 200 2583 dum
223 2549 269 2583 sit
293 2555 387 2593 patet
411 2564 452 2586 ex
483 2553 583 2587 dictis
606 2553 648 2587 ad
675 2565 703 2585 c.
730 2553 889 2593 Lxmx,
908 2553 941 2586 3.
969 2553 1047 2586 coll.
1076 2553 1248 2593 Lxxxv‚
1270 2551 1306 2585 7.
1332 2571 1371 2577 -
1393 2552 1515 2585 Tatn-

117 2612 232 2646 dae‘ncm
259 2622 368 2654 ugcrc
394 2614 447 2646 vel
467 2615 591 2656 jacere
615 2613 698 2658 quid
717 2613 773 2654 sit,
796 2614 900 2648 docet
922 2613 1043 2647 Livius
1065 2614 1222 2655 xxxiv,
1243 2612 1301 2652 39,
1321 2611 1357 2646 6.
1387 2611 1515 2644 Subla-

117 2674 163 2709 tis
185 2683 292 2716 supra
317 2674 434 2717 capita
458 2675 564 2708 scutis
594 2675 871 2719 continuatisque
896 2675 947 2708 ica
972 2675 1062 2708 inter
1085 2686 1143 2716 se,
1177 2679 1215 2708 ut
1246 2685 1314 2706 non
1339 2672 1439 2706 modo
1467 2672 1516 2706 ad

117 2745 232 2768 coecos
257 2735 370 2775 ictus,
395 2736 455 2769 sed
478 2748 521 2769 ne
549 2736 596 2769 ud
621 2736 841 2779 inserendum
872 2735 1010 2779 quidem
1042 2747 1082 2768 ct
1105 2736 1296 2779 propinquo
1322 2735 1427 2768 telum
1451 2734 1517 2767 loca·

116 2795 299 2841 quicquam
334 2801 442 2838 esset,
486 2797 727 2830 testudine
771 2798 922 2840 faeta
964 2796 1138 2831 subibant.
1199 2795 1301 2831 Aliud
1333 2794 1516 2830 testudini·
