<?xml version="1.0" encoding="UTF-8"?>
<!DOCTYPE html PUBLIC "-//W3C//DTD XHTML 1.0 Transitional//EN"
    "http://www.w3.org/TR/xhtml1/DTD/xhtml1-transitional.dtd">
<html xmlns="http://www.w3.org/1999/xhtml" xml:lang="en" lang="en">
 <head>
  <title>
</title>
<meta http-equiv="Content-Type" content="text/html;charset=utf-8" />
  <meta name='ocr-system' content='tesseract 3.04.00' />
  <meta name='ocr-capabilities' content='ocr_page ocr_carea ocr_par ocr_line ocrx_word'/>
</head>
<body>
  <div class='ocr_page' id='page_1' title='image "./operaquaesupeappx01salluoft_0479.png"; bbox 0 0 1630 3034; ppageno 0'>
   <div class='ocr_carea' id='block_1_1' title="bbox 468 125 1523 176">
    <p class='ocr_par' dir='ltr' id='par_1_1' title="bbox 468 125 1523 176">
     <span class='ocr_line' id='line_1_1' title="bbox 468 125 1523 176; baseline 0.007 -8"><span class='ocrx_word' id='word_1_1' title='bbox 468 125 839 169; x_wconf 88' lang='lat' dir='ltr'><strong>IUGURTHA.</strong></span> <span class='ocrx_word' id='word_1_2' title='bbox 901 126 1029 169; x_wconf 68' lang='lat' dir='ltr'>CAP.</span> <span class='ocrx_word' id='word_1_3' title='bbox 1056 127 1199 170; x_wconf 86' lang='lat' dir='ltr'>XVII.</span> <span class='ocrx_word' id='word_1_4' title='bbox 1441 135 1523 176; x_wconf 76' lang='lat'>103</span> 
     </span>
    </p>
   </div>
   <div class='ocr_carea' id='block_1_2' title="bbox 133 242 1520 302">
    <p class='ocr_par' dir='ltr' id='par_1_2' title="bbox 133 242 1520 302">
     <span class='ocr_line' id='line_1_2' title="bbox 133 242 1520 302; baseline 0.002 -14"><span class='ocrx_word' id='word_1_5' title='bbox 133 244 190 288; x_wconf 89' lang='lat' dir='ltr'>ab</span> <span class='ocrx_word' id='word_1_6' title='bbox 228 248 328 287; x_wconf 84' lang='lat' dir='ltr'>ortu</span> <span class='ocrx_word' id='word_1_7' title='bbox 363 243 465 286; x_wconf 88' lang='lat' dir='ltr'>solis</span> <span class='ocrx_word' id='word_1_8' title='bbox 489 242 707 286; x_wconf 85' lang='lat' dir='ltr'>declivem</span> <span class='ocrx_word' id='word_1_9' title='bbox 735 242 1032 299; x_wconf 80' lang='lat' dir='ltr'>latitudinem,</span> <span class='ocrx_word' id='word_1_10' title='bbox 1069 259 1204 302; x_wconf 89' lang='lat' dir='ltr'>quem</span> <span class='ocrx_word' id='word_1_11' title='bbox 1240 245 1390 289; x_wconf 91' lang='lat' dir='ltr'>locum</span> <span class='ocrx_word' id='word_1_12' title='bbox 1428 246 1520 291; x_wconf 84' lang='lat' dir='ltr'>Ca-</span> 
     </span>
    </p>
   </div>
   <div class='ocr_carea' id='block_1_3' title="bbox 130 335 1552 403">
    <p class='ocr_par' dir='ltr' id='par_1_3' title="bbox 130 335 1552 403">
     <span class='ocr_line' id='line_1_3' title="bbox 130 335 1552 403; baseline 0.001 -19"><span class='ocrx_word' id='word_1_13' title='bbox 130 340 392 384; x_wconf 85' lang='lat' dir='ltr'>tabathmon</span> <span class='ocrx_word' id='word_1_14' title='bbox 425 339 596 383; x_wconf 82' lang='lat' dir='ltr'>incolae</span> <span class='ocrx_word' id='word_1_15' title='bbox 632 335 878 398; x_wconf 85' lang='lat' dir='ltr'>appellant.</span> <span class='ocrx_word' id='word_1_16' title='bbox 937 337 1080 396; x_wconf 64' lang='lat' dir='ltr'>&gt;Mare</span> <span class='ocrx_word' id='word_1_17' title='bbox 1110 356 1307 399; x_wconf 86' lang='lat' dir='ltr'>saevum,</span> <span class='ocrx_word' id='word_1_18' title='bbox 1342 343 1552 403; x_wconf 86' lang='lat' dir='ltr'>impor—5</span> 
     </span>
    </p>
   </div>
   <div class='ocr_carea' id='block_1_4' title="bbox 97 519 1521 2742">
    <p class='ocr_par' dir='ltr' id='par_1_4' title="bbox 129 519 1517 626">
     <span class='ocr_line' id='line_1_4' title="bbox 131 519 1517 568; baseline -0.001 -11"><span class='ocrx_word' id='word_1_19' title='bbox 131 523 166 565; x_wconf 61' lang='lat'>2,</span> <span class='ocrx_word' id='word_1_20' title='bbox 203 523 314 556; x_wconf 72' lang='lat' dir='ltr'>Varro</span> <span class='ocrx_word' id='word_1_21' title='bbox 348 522 390 555; x_wconf 85' lang='lat' dir='ltr'>de</span> <span class='ocrx_word' id='word_1_22' title='bbox 420 522 462 556; x_wconf 81' lang='lat' dir='ltr'>L.</span> <span class='ocrx_word' id='word_1_23' title='bbox 497 521 536 556; x_wconf 80' lang='lat' dir='ltr'>L.</span> <span class='ocrx_word' id='word_1_24' title='bbox 569 520 637 561; x_wconf 81' lang='lat' dir='ltr'>lv,</span> <span class='ocrx_word' id='word_1_25' title='bbox 669 519 703 554; x_wconf 87' lang='lat'>5.</span> <span class='ocrx_word' id='word_1_26' title='bbox 738 521 781 553; x_wconf 83' lang='lat' dir='ltr'>cf.</span> <span class='ocrx_word' id='word_1_27' title='bbox 815 520 1016 554; x_wconf 82' lang='lat' dir='ltr'>Broukhus.</span> <span class='ocrx_word' id='word_1_28' title='bbox 1049 521 1092 553; x_wconf 85' lang='lat' dir='ltr'>ad</span> <span class='ocrx_word' id='word_1_29' title='bbox 1117 521 1251 558; x_wconf 85' lang='lat' dir='ltr'>Tibull.</span> <span class='ocrx_word' id='word_1_30' title='bbox 1278 525 1346 568; x_wconf 79' lang='lat' dir='ltr'>IV,</span> <span class='ocrx_word' id='word_1_31' title='bbox 1372 527 1414 568; x_wconf 78' lang='lat'>1,</span> <span class='ocrx_word' id='word_1_32' title='bbox 1438 525 1517 560; x_wconf 77' lang='grc'><strong>176.</strong></span> 
     </span>
     <span class='ocr_line' id='line_1_5' title="bbox 129 581 1134 626; baseline -0.001 -10"><span class='ocrx_word' id='word_1_33' title='bbox 129 584 252 617; x_wconf 81' lang='lat' dir='ltr'>Morus</span> <span class='ocrx_word' id='word_1_34' title='bbox 277 587 311 615; x_wconf 84' lang='lat' dir='ltr'>et</span> <span class='ocrx_word' id='word_1_35' title='bbox 334 582 463 625; x_wconf 87' lang='lat' dir='ltr'>Spohn.</span> <span class='ocrx_word' id='word_1_36' title='bbox 489 581 532 614; x_wconf 91' lang='lat' dir='ltr'>ad</span> <span class='ocrx_word' id='word_1_37' title='bbox 556 581 697 614; x_wconf 76' lang='lat' dir='ltr'>Isocrat,</span> <span class='ocrx_word' id='word_1_38' title='bbox 726 582 903 626; x_wconf 77' lang='lat' dir='ltr'>Panegyr.</span> <span class='ocrx_word' id='word_1_39' title='bbox 928 593 956 614; x_wconf 91' lang='lat' dir='ltr'>c.</span> <span class='ocrx_word' id='word_1_40' title='bbox 981 581 1134 615; x_wconf 74' lang='lat' dir='ltr'>XLVIII.</span> 
     </span>
    </p>

    <p class='ocr_par' dir='ltr' id='par_1_5' title="bbox 126 641 1518 926">
     <span class='ocr_line' id='line_1_6' title="bbox 221 641 1517 686; baseline 0.002 -10"><span class='ocrx_word' id='word_1_41' title='bbox 221 646 253 685; x_wconf 74' lang='lat'>§-</span> <span class='ocrx_word' id='word_1_42' title='bbox 287 642 320 675; x_wconf 81' lang='lat'>4.</span> <span class='ocrx_word' id='word_1_43' title='bbox 356 643 422 686; x_wconf 85' lang='lat' dir='ltr'>Ea]</span> <span class='ocrx_word' id='word_1_44' title='bbox 458 642 654 675; x_wconf 86' lang='lat' dir='ltr'>Pronomen</span> <span class='ocrx_word' id='word_1_45' title='bbox 690 653 758 675; x_wconf 90' lang='lat' dir='ltr'>non</span> <span class='ocrx_word' id='word_1_46' title='bbox 784 642 934 675; x_wconf 79' lang='lat' dir='ltr'>refertur</span> <span class='ocrx_word' id='word_1_47' title='bbox 958 641 1002 673; x_wconf 84' lang='lat' dir='ltr'>ad</span> <span class='ocrx_word' id='word_1_48' title='bbox 1026 641 1227 684; x_wconf 78' lang='lat' dir='ltr'>proximum</span> <span class='ocrx_word' id='word_1_49' title='bbox 1249 644 1517 684; x_wconf 76' lang='lat' dir='ltr'>substantivum,</span> 
     </span>
     <span class='ocr_line' id='line_1_7' title="bbox 127 700 1518 748; baseline 0.001 -11"><span class='ocrx_word' id='word_1_50' title='bbox 127 704 186 738; x_wconf 86' lang='lat' dir='ltr'>sed</span> <span class='ocrx_word' id='word_1_51' title='bbox 210 704 252 736; x_wconf 87' lang='lat' dir='ltr'>ad</span> <span class='ocrx_word' id='word_1_52' title='bbox 287 704 466 745; x_wconf 79' lang='lat' dir='ltr'>Africam3</span> <span class='ocrx_word' id='word_1_53' title='bbox 490 713 523 734; x_wconf 79' lang='lat' dir='ltr'>v.</span> <span class='ocrx_word' id='word_1_54' title='bbox 551 701 594 735; x_wconf 87' lang='lat' dir='ltr'>ad</span> <span class='ocrx_word' id='word_1_55' title='bbox 619 713 648 734; x_wconf 92' lang='lat' dir='ltr'>c.</span> <span class='ocrx_word' id='word_1_56' title='bbox 676 700 806 738; x_wconf 69' lang='lat' dir='ltr'>xvnl,</span> <span class='ocrx_word' id='word_1_57' title='bbox 837 700 870 734; x_wconf 80' lang='lat'>9.</span> <span class='ocrx_word' id='word_1_58' title='bbox 894 719 939 724; x_wconf 90' lang='lat'>—</span> <span class='ocrx_word' id='word_1_59' title='bbox 963 701 1032 735; x_wconf 89' lang='lat' dir='ltr'>Pro</span> <span class='ocrx_word' id='word_1_60' title='bbox 1057 703 1300 746; x_wconf 77' lang='lat' dir='ltr'>latitudinem,</span> <span class='ocrx_word' id='word_1_61' title='bbox 1326 706 1417 748; x_wconf 87' lang='lat' dir='ltr'>quod</span> <span class='ocrx_word' id='word_1_62' title='bbox 1442 717 1518 739; x_wconf 91' lang='lat' dir='ltr'>om-</span> 
     </span>
     <span class='ocr_line' id='line_1_8' title="bbox 127 760 1517 808; baseline 0.003 -12"><span class='ocrx_word' id='word_1_63' title='bbox 127 775 187 797; x_wconf 79' lang='lat' dir='ltr'>nes</span> <span class='ocrx_word' id='word_1_64' title='bbox 211 762 293 796; x_wconf 84' lang='lat' dir='ltr'><strong>libri</strong></span> <span class='ocrx_word' id='word_1_65' title='bbox 313 766 470 803; x_wconf 86' lang='lat' dir='ltr'>tuentur,</span> <span class='ocrx_word' id='word_1_66' title='bbox 497 771 680 805; x_wconf 81' lang='lat' dir='ltr'>perperam</span> <span class='ocrx_word' id='word_1_67' title='bbox 705 761 884 802; x_wconf 82' lang='lat' dir='ltr'>nonnulli,</span> <span class='ocrx_word' id='word_1_68' title='bbox 910 760 998 794; x_wconf 83' lang='lat' dir='ltr'>inter</span> <span class='ocrx_word' id='word_1_69' title='bbox 1025 774 1112 806; x_wconf 85' lang='lat' dir='ltr'>quos</span> <span class='ocrx_word' id='word_1_70' title='bbox 1138 765 1232 798; x_wconf 65' lang='lat' dir='ltr'>Voss.</span> <span class='ocrx_word' id='word_1_71' title='bbox 1259 766 1303 799; x_wconf 87' lang='lat' dir='ltr'>ad</span> <span class='ocrx_word' id='word_1_72' title='bbox 1331 767 1465 800; x_wconf 80' lang='lat' dir='ltr'>Melam</span> <span class='ocrx_word' id='word_1_73' title='bbox 1489 767 1517 808; x_wconf 88' lang='lat'>1,</span> 
     </span>
     <span class='ocr_line' id='line_1_9' title="bbox 126 821 1518 866; baseline 0 -8"><span class='ocrx_word' id='word_1_74' title='bbox 126 823 161 858; x_wconf 87' lang='grc'><strong>8.</strong></span> <span class='ocrx_word' id='word_1_75' title='bbox 184 824 382 857; x_wconf 85' lang='lat' dir='ltr'>maluerunt</span> <span class='ocrx_word' id='word_1_76' title='bbox 413 823 650 863; x_wconf 79' lang='lat' dir='ltr'>altitudinem,</span> <span class='ocrx_word' id='word_1_77' title='bbox 683 833 752 864; x_wconf 84' lang='lat' dir='ltr'>quo</span> <span class='ocrx_word' id='word_1_78' title='bbox 777 821 989 856; x_wconf 79' lang='lat' dir='ltr'>alienissima</span> <span class='ocrx_word' id='word_1_79' title='bbox 1013 825 1180 859; x_wconf 84' lang='lat' dir='ltr'>sententia</span> <span class='ocrx_word' id='word_1_80' title='bbox 1204 825 1373 866; x_wconf 76' lang='lat' dir='ltr'>insertur,</span> <span class='ocrx_word' id='word_1_81' title='bbox 1408 829 1443 860; x_wconf 83' lang='lat' dir='ltr'>et</span> <span class='ocrx_word' id='word_1_82' title='bbox 1465 826 1518 859; x_wconf 89' lang='lat' dir='ltr'>rei</span> 
     </span>
     <span class='ocr_line' id='line_1_10' title="bbox 126 881 1516 926; baseline 0.001 -9"><span class='ocrx_word' id='word_1_83' title='bbox 126 888 162 917; x_wconf 84' lang='lat' dir='ltr'>et</span> <span class='ocrx_word' id='word_1_84' title='bbox 184 883 299 916; x_wconf 77' lang='lat' dir='ltr'>verbis</span> <span class='ocrx_word' id='word_1_85' title='bbox 316 893 523 926; x_wconf 77' lang='lat' dir='ltr'>repugnans,</span> <span class='ocrx_word' id='word_1_86' title='bbox 570 882 719 914; x_wconf 72' lang='lat' dir='ltr'>Declivis</span> <span class='ocrx_word' id='word_1_87' title='bbox 743 881 835 914; x_wconf 86' lang='lat' dir='ltr'>enim</span> <span class='ocrx_word' id='word_1_88' title='bbox 860 893 926 914; x_wconf 84' lang='lat' dir='ltr'>non</span> <span class='ocrx_word' id='word_1_89' title='bbox 952 882 1023 916; x_wconf 79' lang='lat' dir='ltr'>diei</span> <span class='ocrx_word' id='word_1_90' title='bbox 1047 889 1162 926; x_wconf 83' lang='lat' dir='ltr'>potest</span> <span class='ocrx_word' id='word_1_91' title='bbox 1184 886 1302 925; x_wconf 82' lang='lat' dir='ltr'>locus,</span> <span class='ocrx_word' id='word_1_92' title='bbox 1335 885 1403 919; x_wconf 75' lang='lat' dir='ltr'>nisi</span> <span class='ocrx_word' id='word_1_93' title='bbox 1427 886 1516 919; x_wconf 88' lang='lat' dir='ltr'>unde</span> 
     </span>
    </p>

    <p class='ocr_par' dir='ltr' id='par_1_6' title="bbox 97 943 1521 1893">
     <span class='ocr_line' id='line_1_11' title="bbox 97 943 1521 990; baseline 0.001 -12"><span class='ocrx_word' id='word_1_94' title='bbox 97 944 211 986; x_wconf 60' lang='lat' dir='ltr'>„lenis</span> <span class='ocrx_word' id='word_1_95' title='bbox 238 948 290 977; x_wconf 76' lang='lat' dir='ltr'>est</span> <span class='ocrx_word' id='word_1_96' title='bbox 312 944 518 983; x_wconf 74' lang='lat' dir='ltr'>descensus3</span> <span class='ocrx_word' id='word_1_97' title='bbox 542 943 690 975; x_wconf 79' lang='lat' dir='ltr'>latitudo</span> <span class='ocrx_word' id='word_1_98' title='bbox 716 946 855 983; x_wconf 81' lang='lat' dir='ltr'>autem,</span> <span class='ocrx_word' id='word_1_99' title='bbox 881 954 950 985; x_wconf 89' lang='lat' dir='ltr'>quo</span> <span class='ocrx_word' id='word_1_100' title='bbox 977 945 1149 978; x_wconf 77' lang='lat' dir='ltr'>vocabulo</span> <span class='ocrx_word' id='word_1_101' title='bbox 1174 946 1393 990; x_wconf 80' lang='lat' dir='ltr'>significatur</span> <span class='ocrx_word' id='word_1_102' title='bbox 1414 946 1521 990; x_wconf 10' lang='lat' dir='ltr'>regio?</span> 
     </span>
     <span class='ocr_line' id='line_1_12' title="bbox 123 1003 1514 1050; baseline 0.002 -13"><span class='ocrx_word' id='word_1_103' title='bbox 123 1005 195 1037; x_wconf 87' lang='lat' dir='ltr'>late</span> <span class='ocrx_word' id='word_1_104' title='bbox 218 1009 351 1048; x_wconf 77' lang='lat' dir='ltr'>patens,</span> <span class='ocrx_word' id='word_1_105' title='bbox 377 1003 508 1047; x_wconf 82' lang='lat' dir='ltr'>optime</span> <span class='ocrx_word' id='word_1_106' title='bbox 533 1004 691 1036; x_wconf 84' lang='lat' dir='ltr'>locorum</span> <span class='ocrx_word' id='word_1_107' title='bbox 717 1003 859 1036; x_wconf 79' lang='lat' dir='ltr'>illorum</span> <span class='ocrx_word' id='word_1_108' title='bbox 884 1007 1046 1038; x_wconf 84' lang='lat' dir='ltr'>naturam</span> <span class='ocrx_word' id='word_1_109' title='bbox 1072 1006 1247 1049; x_wconf 82' lang='lat' dir='ltr'>exprimit,</span> <span class='ocrx_word' id='word_1_110' title='bbox 1272 1007 1331 1050; x_wconf 88' lang='lat' dir='ltr'>qui</span> <span class='ocrx_word' id='word_1_111' title='bbox 1356 1007 1514 1050; x_wconf 81' lang='lat' dir='ltr'>paullum</span> 
     </span>
     <span class='ocr_line' id='line_1_13' title="bbox 124 1064 1514 1111; baseline 0.001 -13"><span class='ocrx_word' id='word_1_112' title='bbox 124 1065 208 1098; x_wconf 81' lang='lat' dir='ltr'>editi</span> <span class='ocrx_word' id='word_1_113' title='bbox 230 1065 455 1109; x_wconf 75' lang='lat' dir='ltr'>perlongum</span> <span class='ocrx_word' id='word_1_114' title='bbox 479 1068 627 1097; x_wconf 82' lang='lat' dir='ltr'>tractum</span> <span class='ocrx_word' id='word_1_115' title='bbox 650 1064 847 1107; x_wconf 79' lang='lat' dir='ltr'>aequaliter</span> <span class='ocrx_word' id='word_1_116' title='bbox 871 1064 1118 1108; x_wconf 81' lang='lat' dir='ltr'>porriguntur,</span> <span class='ocrx_word' id='word_1_117' title='bbox 1152 1072 1187 1100; x_wconf 86' lang='lat' dir='ltr'>et</span> <span class='ocrx_word' id='word_1_118' title='bbox 1212 1068 1412 1111; x_wconf 72' lang='lat' dir='ltr'>Aegyptum</span> <span class='ocrx_word' id='word_1_119' title='bbox 1437 1078 1514 1100; x_wconf 74' lang='lat' dir='ltr'>ver-</span> 
     </span>
     <span class='ocr_line' id='line_1_14' title="bbox 123 1123 1516 1171; baseline 0.001 -13"><span class='ocrx_word' id='word_1_120' title='bbox 123 1136 181 1159; x_wconf 83' lang='lat' dir='ltr'>sus</span> <span class='ocrx_word' id='word_1_121' title='bbox 206 1125 375 1167; x_wconf 81' lang='lat' dir='ltr'>desidunt,</span> <span class='ocrx_word' id='word_1_122' title='bbox 400 1124 489 1157; x_wconf 88' lang='lat' dir='ltr'>unde</span> <span class='ocrx_word' id='word_1_123' title='bbox 514 1123 620 1156; x_wconf 83' lang='lat' dir='ltr'>etiam</span> <span class='ocrx_word' id='word_1_124' title='bbox 638 1124 817 1156; x_wconf 81' lang='lat' dir='ltr'>Graecum</span> <span class='ocrx_word' id='word_1_125' title='bbox 842 1134 967 1156; x_wconf 85' lang='lat' dir='ltr'>nomen</span> <span class='ocrx_word' id='word_1_126' title='bbox 993 1125 1264 1171; x_wconf 80' lang='grc' dir='ltr'><em>Κατάβαθμος,</em></span> <span class='ocrx_word' id='word_1_127' title='bbox 1290 1128 1382 1161; x_wconf 87' lang='lat' dir='ltr'>haud</span> <span class='ocrx_word' id='word_1_128' title='bbox 1409 1127 1516 1161; x_wconf 86' lang='lat' dir='ltr'>dubie</span> 
     </span>
     <span class='ocr_line' id='line_1_15' title="bbox 124 1183 1517 1230; baseline 0.001 -10"><span class='ocrx_word' id='word_1_129' title='bbox 124 1196 145 1220; x_wconf 80' lang='lat' dir='ltr'>a</span> <span class='ocrx_word' id='word_1_130' title='bbox 178 1186 431 1230; x_wconf 69' lang='lat' dir='ltr'>Cyrenensibus</span> <span class='ocrx_word' id='word_1_131' title='bbox 462 1184 599 1228; x_wconf 80' lang='lat' dir='ltr'>regioni</span> <span class='ocrx_word' id='word_1_132' title='bbox 633 1184 801 1224; x_wconf 85' lang='lat' dir='ltr'>inditum,</span> <span class='ocrx_word' id='word_1_133' title='bbox 841 1183 1013 1228; x_wconf 76' lang='lat' dir='ltr'>originem</span> <span class='ocrx_word' id='word_1_134' title='bbox 1050 1186 1185 1221; x_wconf 85' lang='lat' dir='ltr'>habuit.</span> <span class='ocrx_word' id='word_1_135' title='bbox 1213 1196 1216 1198; x_wconf 87' lang='grc'><em>“</em></span> <span class='ocrx_word' id='word_1_136' title='bbox 1245 1189 1314 1221; x_wconf 73' lang='lat' dir='ltr'>tbi</span> <span class='ocrx_word' id='word_1_137' title='bbox 1349 1188 1378 1221; x_wconf 79' lang='lat' dir='ltr'>is</span> <span class='ocrx_word' id='word_1_138' title='bbox 1410 1188 1517 1221; x_wconf 78' lang='lat' dir='ltr'>fucrit</span> 
     </span>
     <span class='ocr_line' id='line_1_16' title="bbox 122 1242 1514 1290; baseline 0.001 -10"><span class='ocrx_word' id='word_1_139' title='bbox 122 1246 230 1280; x_wconf 80' lang='lat' dir='ltr'>tradit</span> <span class='ocrx_word' id='word_1_140' title='bbox 252 1246 358 1279; x_wconf 87' lang='lat' dir='ltr'>etiam</span> <span class='ocrx_word' id='word_1_141' title='bbox 380 1244 507 1278; x_wconf 82' lang='lat' dir='ltr'>Strabo</span> <span class='ocrx_word' id='word_1_142' title='bbox 532 1244 644 1286; x_wconf 68' lang='lat' dir='ltr'><strong>XVII,</strong></span> <span class='ocrx_word' id='word_1_143' title='bbox 668 1243 699 1277; x_wconf 80' lang='lat'>3.</span> <span class='ocrx_word' id='word_1_144' title='bbox 730 1255 765 1286; x_wconf 87' lang='lat' dir='ltr'>p.</span> <span class='ocrx_word' id='word_1_145' title='bbox 795 1242 875 1277; x_wconf 75' lang='lat'>499.</span> <span class='ocrx_word' id='word_1_146' title='bbox 901 1245 1059 1278; x_wconf 86' lang='lat' dir='ltr'>Tauchn.</span> <span class='ocrx_word' id='word_1_147' title='bbox 1086 1259 1122 1290; x_wconf 85' lang='lat' dir='ltr'>p.</span> <span class='ocrx_word' id='word_1_148' title='bbox 1147 1247 1251 1282; x_wconf 81' lang='lat'>1195.</span> <span class='ocrx_word' id='word_1_149' title='bbox 1279 1249 1317 1282; x_wconf 90' lang='lat' dir='ltr'>C.</span> <span class='ocrx_word' id='word_1_150' title='bbox 1342 1248 1514 1282; x_wconf 62' lang='lat' dir='ltr'>Almelov‘.</span> 
     </span>
     <span class='ocr_line' id='line_1_17' title="bbox 122 1301 1514 1352; baseline 0.002 -11"><span class='ocrx_word' id='word_1_151' title='bbox 122 1305 231 1341; x_wconf 74' lang='lat' dir='ltr'>BIsto&#39;c</span> <span class='ocrx_word' id='word_1_152' title='bbox 259 1303 298 1341; x_wconf 75' lang='grc' dir='ltr'>δὲ</span> <span class='ocrx_word' id='word_1_153' title='bbox 328 1303 392 1340; x_wconf 81' lang='grc' dir='ltr'>τὸν</span> <span class='ocrx_word' id='word_1_154' title='bbox 418 1302 533 1348; x_wconf 77' lang='grc' dir='ltr'>μέγαν</span> <span class='ocrx_word' id='word_1_155' title='bbox 559 1302 687 1347; x_wconf 80' lang='grc' dir='ltr'><em>λιμένα</em></span> <span class='ocrx_word' id='word_1_156' title='bbox 712 1301 821 1344; x_wconf 77' lang='grc' dir='ltr'><em>ἄλλος</em></span> <span class='ocrx_word' id='word_1_157' title='bbox 848 1303 958 1348; x_wconf 80' lang='grc' dir='ltr'><em>λιμήν</em></span> <span class='ocrx_word' id='word_1_158' title='bbox 985 1306 1151 1348; x_wconf 58' lang='lat' dir='ltr'>nativos,</span> <span class='ocrx_word' id='word_1_159' title='bbox 1188 1308 1250 1343; x_wconf 85' lang='grc' dir='ltr'>καὶ</span> <span class='ocrx_word' id='word_1_160' title='bbox 1274 1305 1367 1352; x_wconf 74' lang='grc' dir='ltr'>ὑπὲρ</span> <span class='ocrx_word' id='word_1_161' title='bbox 1396 1306 1514 1344; x_wconf 72' lang='grc' dir='ltr'><em>αὐτὸν</em></span> 
     </span>
     <span class='ocr_line' id='line_1_18' title="bbox 128 1362 1514 1412; baseline 0.001 -10"><span class='ocrx_word' id='word_1_162' title='bbox 128 1366 395 1412; x_wconf 78' lang='grc' dir='ltr'><strong>Τετραπύργια.</strong></span> <span class='ocrx_word' id='word_1_163' title='bbox 458 1364 509 1400; x_wconf 89' lang='grc' dir='ltr'>Τὸ</span> <span class='ocrx_word' id='word_1_164' title='bbox 543 1363 583 1400; x_wconf 78' lang='grc' dir='ltr'>δὲ</span> <span class='ocrx_word' id='word_1_165' title='bbox 618 1362 749 1400; x_wconf 77' lang='grc' dir='ltr'><strong><em>λοιπὸν</em></strong></span> <span class='ocrx_word' id='word_1_166' title='bbox 782 1363 887 1408; x_wconf 81' lang='grc' dir='ltr'><em>μέχρι</em></span> <span class='ocrx_word' id='word_1_167' title='bbox 921 1367 1208 1410; x_wconf 82' lang='grc' dir='ltr'><em>Παραττονίου,</em></span> <span class='ocrx_word' id='word_1_168' title='bbox 1249 1367 1426 1404; x_wconf 75' lang='grc' dir='ltr'><em>κάκεῖθεν</em></span> <span class='ocrx_word' id='word_1_169' title='bbox 1463 1369 1514 1410; x_wconf 80' lang='grc' dir='ltr'>εἰς</span> 
     </span>
     <span class='ocr_line' id='line_1_19' title="bbox 121 1422 1512 1472; baseline 0 -9"><span class='ocrx_word' id='word_1_170' title='bbox 121 1425 407 1472; x_wconf 76' lang='grc' dir='ltr'><em>Ἀλεξάνδρειαν·</em></span> <span class='ocrx_word' id='word_1_171' title='bbox 433 1428 598 1461; x_wconf 74' lang='grc' dir='ltr'><em>καλεῖται</em></span> <span class='ocrx_word' id='word_1_172' title='bbox 619 1424 660 1461; x_wconf 76' lang='grc' dir='ltr'>δὲ</span> <span class='ocrx_word' id='word_1_173' title='bbox 680 1423 699 1460; x_wconf 84' lang='grc' dir='ltr'>ὁ</span> <span class='ocrx_word' id='word_1_174' title='bbox 727 1422 845 1464; x_wconf 77' lang='grc' dir='ltr'><em>τόπος</em></span> <span class='ocrx_word' id='word_1_175' title='bbox 872 1425 1144 1471; x_wconf 80' lang='grc' dir='ltr'><strong>Κατάβαθμος.</strong></span> <span class='ocrx_word' id='word_1_176' title='bbox 1171 1428 1215 1461; x_wconf 81' lang='lat' dir='ltr'>cf.</span> <span class='ocrx_word' id='word_1_177' title='bbox 1240 1429 1334 1462; x_wconf 82' lang='lat' dir='ltr'>infra</span> <span class='ocrx_word' id='word_1_178' title='bbox 1357 1441 1388 1463; x_wconf 91' lang='lat' dir='ltr'>c.</span> <span class='ocrx_word' id='word_1_179' title='bbox 1415 1430 1512 1471; x_wconf 87' lang='lat' dir='ltr'><strong>XIX,</strong></span> 
     </span>
     <span class='ocr_line' id='line_1_20' title="bbox 120 1485 1513 1530; baseline -0.001 -5"><span class='ocrx_word' id='word_1_180' title='bbox 120 1491 156 1525; x_wconf 82' lang='lat'>3.</span> <span class='ocrx_word' id='word_1_181' title='bbox 190 1490 316 1524; x_wconf 82' lang='lat' dir='ltr'>Paullo</span> <span class='ocrx_word' id='word_1_182' title='bbox 346 1488 509 1522; x_wconf 88' lang='lat' dir='ltr'>altiorem</span> <span class='ocrx_word' id='word_1_183' title='bbox 542 1487 649 1521; x_wconf 81' lang='lat' dir='ltr'>situm</span> <span class='ocrx_word' id='word_1_184' title='bbox 674 1485 748 1518; x_wconf 79' lang='lat' dir='ltr'>eius</span> <span class='ocrx_word' id='word_1_185' title='bbox 772 1485 947 1530; x_wconf 77' lang='lat' dir='ltr'>regionis,</span> <span class='ocrx_word' id='word_1_186' title='bbox 974 1498 1015 1520; x_wconf 84' lang='lat' dir='ltr'>ex</span> <span class='ocrx_word' id='word_1_187' title='bbox 1039 1499 1108 1530; x_wconf 87' lang='lat' dir='ltr'>qua</span> <span class='ocrx_word' id='word_1_188' title='bbox 1131 1488 1297 1523; x_wconf 81' lang='lat' dir='ltr'>transitus</span> <span class='ocrx_word' id='word_1_189' title='bbox 1320 1490 1360 1523; x_wconf 86' lang='lat' dir='ltr'>fit</span> <span class='ocrx_word' id='word_1_190' title='bbox 1385 1489 1421 1523; x_wconf 91' lang='lat' dir='ltr'>in</span> <span class='ocrx_word' id='word_1_191' title='bbox 1445 1490 1513 1523; x_wconf 77' lang='lat' dir='ltr'>Ca-</span> 
     </span>
     <span class='ocr_line' id='line_1_21' title="bbox 120 1547 1510 1594; baseline -0.002 -8"><span class='ocrx_word' id='word_1_192' title='bbox 120 1551 350 1591; x_wconf 77' lang='lat' dir='ltr'>tabothm0n‚</span> <span class='ocrx_word' id='word_1_193' title='bbox 392 1553 539 1583; x_wconf 79' lang='lat' dir='ltr'>testatur</span> <span class='ocrx_word' id='word_1_194' title='bbox 570 1548 675 1581; x_wconf 80' lang='lat' dir='ltr'>etiam</span> <span class='ocrx_word' id='word_1_195' title='bbox 699 1547 899 1580; x_wconf 86' lang='lat' dir='ltr'>Herodotus</span> <span class='ocrx_word' id='word_1_196' title='bbox 925 1548 993 1589; x_wconf 82' lang='lat' dir='ltr'>lv,</span> <span class='ocrx_word' id='word_1_197' title='bbox 1018 1547 1098 1581; x_wconf 77' lang='lat'>199.</span> <span class='ocrx_word' id='word_1_198' title='bbox 1125 1547 1148 1592; x_wconf 81' lang='grc' dir='ltr'><em>ἡ</em></span> <span class='ocrx_word' id='word_1_199' title='bbox 1176 1550 1371 1593; x_wconf 83' lang='grc' dir='ltr'><strong><em>Κυρηναίη</em></strong></span> <span class='ocrx_word' id='word_1_200' title='bbox 1398 1548 1510 1594; x_wconf 78' lang='grc' dir='ltr'><em>χώρη,</em></span> 
     </span>
     <span class='ocr_line' id='line_1_22' title="bbox 119 1599 1510 1653; baseline -0.001 -8"><span class='ocrx_word' id='word_1_201' title='bbox 119 1611 236 1647; x_wconf 79' lang='grc' dir='ltr'><em>ἐοῦσα</em></span> <span class='ocrx_word' id='word_1_202' title='bbox 260 1599 546 1652; x_wconf 64' lang='grc' dir='ltr'><em>ὖψηλοτάτη</em></span> <span class='ocrx_word' id='word_1_203' title='bbox 574 1603 758 1651; x_wconf 75' lang='grc' dir='ltr'><em>ταύτης</em></span> <span class='ocrx_word' id='word_1_204' title='bbox 799 1608 883 1650; x_wconf 83' lang='grc' dir='ltr'>τῆς</span> <span class='ocrx_word' id='word_1_205' title='bbox 921 1606 1131 1653; x_wconf 83' lang='grc' dir='ltr'><strong><em>Λιβύης,·</em></strong></span> <span class='ocrx_word' id='word_1_206' title='bbox 1157 1609 1389 1653; x_wconf 68' lang='lat' dir='ltr'>Cyrenaicum</span> <span class='ocrx_word' id='word_1_207' title='bbox 1417 1610 1510 1644; x_wconf 88' lang='lat' dir='ltr'>enim</span> 
     </span>
     <span class='ocr_line' id='line_1_23' title="bbox 119 1668 1510 1713; baseline -0.002 -7"><span class='ocrx_word' id='word_1_208' title='bbox 119 1671 284 1706; x_wconf 82' lang='lat' dir='ltr'>continuo</span> <span class='ocrx_word' id='word_1_209' title='bbox 319 1669 446 1713; x_wconf 82' lang='lat' dir='ltr'>excipit</span> <span class='ocrx_word' id='word_1_210' title='bbox 469 1668 736 1703; x_wconf 75' lang='lat' dir='ltr'>Catabathmus,</span> <span class='ocrx_word' id='word_1_211' title='bbox 795 1668 894 1701; x_wconf 84' lang='lat' dir='ltr'>Mela</span> <span class='ocrx_word' id='word_1_212' title='bbox 925 1668 965 1711; x_wconf 91' lang='lat'>1,</span> <span class='ocrx_word' id='word_1_213' title='bbox 995 1669 1028 1702; x_wconf 93' lang='lat'>1.</span> <span class='ocrx_word' id='word_1_214' title='bbox 1061 1669 1187 1703; x_wconf 83' lang='lat' dir='ltr'>deinde</span> <span class='ocrx_word' id='word_1_215' title='bbox 1215 1681 1238 1703; x_wconf 92' lang='lat' dir='ltr'><strong><em>a</em></strong></span> <span class='ocrx_word' id='word_1_216' title='bbox 1279 1670 1510 1707; x_wconf 76' lang='lat' dir='ltr'><strong><em>Catabathmo</em></strong></span> 
     </span>
     <span class='ocr_line' id='line_1_24' title="bbox 119 1729 1510 1777; baseline -0.002 -11"><span class='ocrx_word' id='word_1_217' title='bbox 119 1743 250 1777; x_wconf 85' lang='lat' dir='ltr'>magno</span> <span class='ocrx_word' id='word_1_218' title='bbox 278 1732 455 1764; x_wconf 79' lang='lat' dir='ltr'>continuus</span> <span class='ocrx_word' id='word_1_219' title='bbox 485 1735 535 1764; x_wconf 83' lang='lat' dir='ltr'>est</span> <span class='ocrx_word' id='word_1_220' title='bbox 560 1730 597 1763; x_wconf 83' lang='lat' dir='ltr'>in</span> <span class='ocrx_word' id='word_1_221' title='bbox 620 1730 817 1773; x_wconf 80' lang='lat' dir='ltr'>Aegyptum</span> <span class='ocrx_word' id='word_1_222' title='bbox 844 1729 1050 1768; x_wconf 75' lang='lat' dir='ltr'>descensus3</span> <span class='ocrx_word' id='word_1_223' title='bbox 1073 1732 1107 1763; x_wconf 84' lang='lat' dir='ltr'>et</span> <span class='ocrx_word' id='word_1_224' title='bbox 1127 1729 1165 1772; x_wconf 94' lang='lat'>1,</span> <span class='ocrx_word' id='word_1_225' title='bbox 1190 1729 1222 1762; x_wconf 87' lang='grc'>8.</span> <span class='ocrx_word' id='word_1_226' title='bbox 1251 1729 1510 1772; x_wconf 79' lang='lat' dir='ltr'><strong><em>Catabathmus,</em></strong></span> 
     </span>
     <span class='ocr_line' id='line_1_25' title="bbox 118 1789 1509 1836; baseline -0.002 -9"><span class='ocrx_word' id='word_1_227' title='bbox 118 1794 219 1827; x_wconf 80' lang='lat' dir='ltr'>vullis</span> <span class='ocrx_word' id='word_1_228' title='bbox 238 1793 368 1826; x_wconf 77' lang='lat' dir='ltr'>devexa</span> <span class='ocrx_word' id='word_1_229' title='bbox 386 1791 423 1824; x_wconf 86' lang='lat' dir='ltr'>in</span> <span class='ocrx_word' id='word_1_230' title='bbox 443 1793 653 1836; x_wconf 77' lang='lat' dir='ltr'>Aegyptum,</span> <span class='ocrx_word' id='word_1_231' title='bbox 673 1790 760 1832; x_wconf 84' lang='lat' dir='ltr'>finit</span> <span class='ocrx_word' id='word_1_232' title='bbox 788 1790 956 1831; x_wconf 82' lang='lat' dir='ltr'>Africam.</span> <span class='ocrx_word' id='word_1_233' title='bbox 974 1801 1006 1823; x_wconf 80' lang='lat' dir='ltr'>v.</span> <span class='ocrx_word' id='word_1_234' title='bbox 1025 1789 1200 1823; x_wconf 83' lang='lat' dir='ltr'>Mannerti</span> <span class='ocrx_word' id='word_1_235' title='bbox 1225 1789 1354 1834; x_wconf 85' lang='lat' dir='ltr'>Geogr.</span> <span class='ocrx_word' id='word_1_236' title='bbox 1383 1790 1509 1824; x_wconf 84' lang='lat' dir='ltr'>Graec.</span> 
     </span>
     <span class='ocr_line' id='line_1_26' title="bbox 118 1848 857 1893; baseline -0.009 -5"><span class='ocrx_word' id='word_1_237' title='bbox 118 1858 154 1888; x_wconf 83' lang='lat' dir='ltr'>et</span> <span class='ocrx_word' id='word_1_238' title='bbox 176 1854 320 1887; x_wconf 86' lang='lat' dir='ltr'>Romm.</span> <span class='ocrx_word' id='word_1_239' title='bbox 346 1852 426 1886; x_wconf 73' lang='lat' dir='ltr'>Vol.</span> <span class='ocrx_word' id='word_1_240' title='bbox 451 1852 494 1884; x_wconf 88' lang='lat' dir='ltr'>X.</span> <span class='ocrx_word' id='word_1_241' title='bbox 517 1851 558 1884; x_wconf 83' lang='lat' dir='ltr'>P.</span> <span class='ocrx_word' id='word_1_242' title='bbox 583 1851 626 1883; x_wconf 86' lang='lat'>11.</span> <span class='ocrx_word' id='word_1_243' title='bbox 651 1861 685 1892; x_wconf 86' lang='lat' dir='ltr'>p.</span> <span class='ocrx_word' id='word_1_244' title='bbox 712 1848 760 1882; x_wconf 80' lang='lat'>33</span> <span class='ocrx_word' id='word_1_245' title='bbox 781 1851 857 1893; x_wconf 77' lang='lat' dir='ltr'>s&#39;qq.</span> 
     </span>
    </p>

    <p class='ocr_par' dir='ltr' id='par_1_7' title="bbox 117 1909 1508 2742">
     <span class='ocr_line' id='line_1_27' title="bbox 212 1909 1508 1956; baseline -0.002 -10"><span class='ocrx_word' id='word_1_246' title='bbox 212 1915 243 1956; x_wconf 65' lang='grc' dir='ltr'>ς.</span> <span class='ocrx_word' id='word_1_247' title='bbox 269 1911 304 1946; x_wconf 84' lang='lat'>5.</span> <span class='ocrx_word' id='word_1_248' title='bbox 329 1912 435 1945; x_wconf 82' lang='lat' dir='ltr'>bonus</span> <span class='ocrx_word' id='word_1_249' title='bbox 452 1911 580 1955; x_wconf 78' lang='lat' dir='ltr'>pecori]</span> <span class='ocrx_word' id='word_1_250' title='bbox 608 1910 779 1944; x_wconf 82' lang='lat' dir='ltr'>Similiter</span> <span class='ocrx_word' id='word_1_251' title='bbox 802 1910 878 1945; x_wconf 78' lang='lat' dir='ltr'>Liv.</span> <span class='ocrx_word' id='word_1_252' title='bbox 904 1910 1010 1951; x_wconf 78' lang='lat' dir='ltr'><strong>XXI,</strong></span> <span class='ocrx_word' id='word_1_253' title='bbox 1034 1909 1100 1951; x_wconf 85' lang='lat'>31,</span> <span class='ocrx_word' id='word_1_254' title='bbox 1125 1909 1159 1944; x_wconf 88' lang='lat'>9.</span> <span class='ocrx_word' id='word_1_255' title='bbox 1186 1921 1282 1944; x_wconf 85' lang='lat' dir='ltr'>mons</span> <span class='ocrx_word' id='word_1_256' title='bbox 1299 1911 1418 1954; x_wconf 76' lang='lat' dir='ltr'>pecori</span> <span class='ocrx_word' id='word_1_257' title='bbox 1449 1911 1508 1944; x_wconf 83' lang='lat' dir='ltr'>bo-</span> 
     </span>
     <span class='ocr_line' id='line_1_28' title="bbox 117 1969 1506 2013; baseline -0.004 -5"><span class='ocrx_word' id='word_1_258' title='bbox 117 1986 182 2008; x_wconf 78' lang='lat' dir='ltr'>nus</span> <span class='ocrx_word' id='word_1_259' title='bbox 200 1973 326 2007; x_wconf 85' lang='lat' dir='ltr'>alendo</span> <span class='ocrx_word' id='word_1_260' title='bbox 347 1977 436 2006; x_wconf 85' lang='lat' dir='ltr'>erat.</span> <span class='ocrx_word' id='word_1_261' title='bbox 460 1989 506 1994; x_wconf 85' lang='lat'><em>—</em></span> <span class='ocrx_word' id='word_1_262' title='bbox 530 1971 699 2004; x_wconf 79' lang='lat' dir='ltr'>Arbore</span> <span class='ocrx_word' id='word_1_263' title='bbox 723 1971 928 2013; x_wconf 83' lang='lat' dir='ltr'>infecundus</span> <span class='ocrx_word' id='word_1_264' title='bbox 943 1969 1148 2013; x_wconf 80' lang='lat' dir='ltr'>scripsimus</span> <span class='ocrx_word' id='word_1_265' title='bbox 1172 1970 1383 2004; x_wconf 80' lang='lat' dir='ltr'>auctoritate</span> <span class='ocrx_word' id='word_1_266' title='bbox 1405 1970 1506 2003; x_wconf 84' lang='lat' dir='ltr'>Arus.</span> 
     </span>
     <span class='ocr_line' id='line_1_29' title="bbox 118 2029 1505 2076; baseline -0.004 -8"><span class='ocrx_word' id='word_1_267' title='bbox 118 2034 245 2075; x_wconf 80' lang='lat' dir='ltr'>Messi,</span> <span class='ocrx_word' id='word_1_268' title='bbox 270 2032 331 2076; x_wconf 90' lang='lat' dir='ltr'>qui</span> <span class='ocrx_word' id='word_1_269' title='bbox 356 2032 411 2076; x_wconf 87' lang='lat' dir='ltr'>(in</span> <span class='ocrx_word' id='word_1_270' title='bbox 436 2032 538 2073; x_wconf 89' lang='lat' dir='ltr'>Corp.</span> <span class='ocrx_word' id='word_1_271' title='bbox 565 2031 726 2063; x_wconf 84' lang='lat' dir='ltr'>Gramm.</span> <span class='ocrx_word' id='word_1_272' title='bbox 752 2031 828 2064; x_wconf 82' lang='lat' dir='ltr'>Lat.</span> <span class='ocrx_word' id='word_1_273' title='bbox 856 2031 933 2063; x_wconf 73' lang='lat' dir='ltr'>vol.</span> <span class='ocrx_word' id='word_1_274' title='bbox 957 2029 986 2062; x_wconf 90' lang='grc' dir='ltr'><strong>Ι.</strong></span> <span class='ocrx_word' id='word_1_275' title='bbox 1009 2041 1044 2073; x_wconf 88' lang='lat' dir='ltr'>p.</span> <span class='ocrx_word' id='word_1_276' title='bbox 1085 2029 1185 2072; x_wconf 85' lang='grc'><strong>230.)</strong></span> <span class='ocrx_word' id='word_1_277' title='bbox 1221 2040 1255 2064; x_wconf 79' lang='lat' dir='ltr'>v,</span> <span class='ocrx_word' id='word_1_278' title='bbox 1284 2033 1394 2073; x_wconf 74' lang='lat' dir='ltr'>ferax</span> <span class='ocrx_word' id='word_1_279' title='bbox 1425 2031 1505 2063; x_wconf 86' lang='lat' dir='ltr'>illo</span> 
     </span>
     <span class='ocr_line' id='line_1_30' title="bbox 118 2089 1508 2131; baseline -0.002 -3"><span class='ocrx_word' id='word_1_280' title='bbox 118 2095 213 2128; x_wconf 88' lang='lat' dir='ltr'>hunc</span> <span class='ocrx_word' id='word_1_281' title='bbox 235 2091 394 2126; x_wconf 80' lang='lat' dir='ltr'>Sallustii</span> <span class='ocrx_word' id='word_1_282' title='bbox 418 2092 536 2124; x_wconf 87' lang='lat' dir='ltr'>locum</span> <span class='ocrx_word' id='word_1_283' title='bbox 572 2090 686 2124; x_wconf 82' lang='lat' dir='ltr'>affert.</span> <span class='ocrx_word' id='word_1_284' title='bbox 733 2089 900 2131; x_wconf 86' lang='lat' dir='ltr'>Plerique</span> <span class='ocrx_word' id='word_1_285' title='bbox 927 2090 1026 2124; x_wconf 88' lang='lat' dir='ltr'>codd.</span> <span class='ocrx_word' id='word_1_286' title='bbox 1053 2090 1185 2123; x_wconf 87' lang='lat' dir='ltr'>habent</span> <span class='ocrx_word' id='word_1_287' title='bbox 1208 2090 1344 2130; x_wconf 78' lang='lat' dir='ltr'>arbor1&#39;3</span> <span class='ocrx_word' id='word_1_288' title='bbox 1368 2090 1404 2123; x_wconf 90' lang='lat' dir='ltr'>in</span> <span class='ocrx_word' id='word_1_289' title='bbox 1428 2089 1508 2125; x_wconf 83' lang='lat' dir='ltr'>aliis</span> 
     </span>
     <span class='ocr_line' id='line_1_31' title="bbox 119 2150 1507 2194; baseline -0.004 -6"><span class='ocrx_word' id='word_1_290' title='bbox 119 2157 171 2188; x_wconf 86' lang='lat' dir='ltr'>est</span> <span class='ocrx_word' id='word_1_291' title='bbox 205 2152 404 2192; x_wconf 81' lang='lat' dir='ltr'>arboribus,</span> <span class='ocrx_word' id='word_1_292' title='bbox 437 2151 495 2183; x_wconf 63' lang='lat' dir='ltr'>vel</span> <span class='ocrx_word' id='word_1_293' title='bbox 520 2151 652 2184; x_wconf 82' lang='lat' dir='ltr'>arboris</span> <span class='ocrx_word' id='word_1_294' title='bbox 688 2150 746 2182; x_wconf 74' lang='lat' dir='ltr'>vel</span> <span class='ocrx_word' id='word_1_295' title='bbox 770 2150 952 2190; x_wconf 87' lang='lat' dir='ltr'>arborum,</span> <span class='ocrx_word' id='word_1_296' title='bbox 977 2161 1067 2194; x_wconf 87' lang='lat' dir='ltr'>quae</span> <span class='ocrx_word' id='word_1_297' title='bbox 1089 2150 1208 2184; x_wconf 89' lang='lat' dir='ltr'>omnia</span> <span class='ocrx_word' id='word_1_298' title='bbox 1232 2154 1306 2184; x_wconf 86' lang='lat' dir='ltr'>tum</span> <span class='ocrx_word' id='word_1_299' title='bbox 1331 2161 1374 2184; x_wconf 86' lang='lat' dir='ltr'>ex</span> <span class='ocrx_word' id='word_1_300' title='bbox 1397 2150 1507 2183; x_wconf 86' lang='lat' dir='ltr'>inter-</span> 
     </span>
     <span class='ocr_line' id='line_1_32' title="bbox 117 2210 1505 2259; baseline -0.002 -12"><span class='ocrx_word' id='word_1_301' title='bbox 117 2213 295 2259; x_wconf 76' lang='lat' dir='ltr'>polatione</span> <span class='ocrx_word' id='word_1_302' title='bbox 319 2216 421 2252; x_wconf 83' lang='lat' dir='ltr'>orta,</span> <span class='ocrx_word' id='word_1_303' title='bbox 446 2215 521 2244; x_wconf 85' lang='lat' dir='ltr'>tum</span> <span class='ocrx_word' id='word_1_304' title='bbox 546 2211 686 2244; x_wconf 83' lang='lat' dir='ltr'>soloeca</span> <span class='ocrx_word' id='word_1_305' title='bbox 709 2214 800 2244; x_wconf 82' lang='lat' dir='ltr'>sunt.</span> <span class='ocrx_word' id='word_1_306' title='bbox 833 2210 968 2244; x_wconf 85' lang='lat' dir='ltr'>Plurali</span> <span class='ocrx_word' id='word_1_307' title='bbox 992 2211 1068 2245; x_wconf 89' lang='lat' dir='ltr'>iure</span> <span class='ocrx_word' id='word_1_308' title='bbox 1090 2215 1225 2254; x_wconf 83' lang='lat' dir='ltr'>spreto,</span> <span class='ocrx_word' id='word_1_309' title='bbox 1250 2210 1380 2254; x_wconf 82' lang='lat' dir='ltr'>quippe</span> <span class='ocrx_word' id='word_1_310' title='bbox 1402 2221 1505 2254; x_wconf 88' lang='lat' dir='ltr'>quem</span> 
     </span>
     <span class='ocr_line' id='line_1_33' title="bbox 119 2269 1503 2316; baseline -0.003 -8"><span class='ocrx_word' id='word_1_311' title='bbox 119 2273 256 2309; x_wconf 84' lang='lat' dir='ltr'>librarii</span> <span class='ocrx_word' id='word_1_312' title='bbox 286 2271 467 2314; x_wconf 78' lang='lat' dir='ltr'>finxerint,</span> <span class='ocrx_word' id='word_1_313' title='bbox 504 2271 678 2316; x_wconf 83' lang='lat' dir='ltr'>singulari</span> <span class='ocrx_word' id='word_1_314' title='bbox 711 2269 855 2311; x_wconf 73' lang='lat' dir='ltr'>offensi,</span> <span class='ocrx_word' id='word_1_315' title='bbox 889 2271 931 2303; x_wconf 88' lang='lat' dir='ltr'>de</span> <span class='ocrx_word' id='word_1_316' title='bbox 963 2282 1031 2314; x_wconf 86' lang='lat' dir='ltr'>quo</span> <span class='ocrx_word' id='word_1_317' title='bbox 1064 2282 1100 2305; x_wconf 75' lang='lat' dir='ltr'>v,</span> <span class='ocrx_word' id='word_1_318' title='bbox 1125 2272 1170 2305; x_wconf 86' lang='lat' dir='ltr'>ad</span> <span class='ocrx_word' id='word_1_319' title='bbox 1196 2271 1305 2312; x_wconf 75' lang='lat' dir='ltr'>Lm,</span> <span class='ocrx_word' id='word_1_320' title='bbox 1330 2270 1385 2312; x_wconf 85' lang='lat'>4.‚</span> <span class='ocrx_word' id='word_1_321' title='bbox 1411 2271 1503 2305; x_wconf 87' lang='lat' dir='ltr'>Ger—</span> 
     </span>
     <span class='ocr_line' id='line_1_34' title="bbox 117 2328 1506 2375; baseline -0.003 -7"><span class='ocrx_word' id='word_1_322' title='bbox 117 2333 254 2369; x_wconf 74' lang='lat' dir='ltr'>lachius</span> <span class='ocrx_word' id='word_1_323' title='bbox 287 2331 470 2373; x_wconf 78' lang='lat' dir='ltr'>dativum,</span> <span class='ocrx_word' id='word_1_324' title='bbox 503 2332 599 2365; x_wconf 90' lang='lat' dir='ltr'>nullo</span> <span class='ocrx_word' id='word_1_325' title='bbox 634 2331 739 2364; x_wconf 89' lang='lat' dir='ltr'>modo</span> <span class='ocrx_word' id='word_1_326' title='bbox 771 2331 978 2373; x_wconf 82' lang='lat' dir='ltr'>ferendum,</span> <span class='ocrx_word' id='word_1_327' title='bbox 1013 2328 1247 2375; x_wconf 77' lang='lat' dir='ltr'>ineptissimis‘</span> <span class='ocrx_word' id='word_1_328' title='bbox 1272 2330 1439 2375; x_wconf 80' lang='lat' dir='ltr'>exemplis</span> <span class='ocrx_word' id='word_1_329' title='bbox 1472 2331 1506 2364; x_wconf 89' lang='lat' dir='ltr'>iu</span> 
     </span>
     <span class='ocr_line' id='line_1_35' title="bbox 119 2391 1505 2436; baseline -0.005 -6"><span class='ocrx_word' id='word_1_330' title='bbox 119 2395 329 2430; x_wconf 84' lang='lat' dir='ltr'>Commentt.</span> <span class='ocrx_word' id='word_1_331' title='bbox 355 2405 390 2436; x_wconf 83' lang='lat' dir='ltr'>p.</span> <span class='ocrx_word' id='word_1_332' title='bbox 414 2392 494 2426; x_wconf 68' lang='lat'>242.</span> <span class='ocrx_word' id='word_1_333' title='bbox 518 2392 702 2425; x_wconf 80' lang='lat' dir='ltr'>defendere</span> <span class='ocrx_word' id='word_1_334' title='bbox 726 2395 869 2425; x_wconf 76' lang='lat' dir='ltr'>conatus</span> <span class='ocrx_word' id='word_1_335' title='bbox 893 2395 964 2434; x_wconf 85' lang='lat' dir='ltr'>est,</span> <span class='ocrx_word' id='word_1_336' title='bbox 990 2397 1028 2426; x_wconf 87' lang='lat' dir='ltr'>ut</span> <span class='ocrx_word' id='word_1_337' title='bbox 1054 2392 1141 2427; x_wconf 78' lang='lat' dir='ltr'>Tac.</span> <span class='ocrx_word' id='word_1_338' title='bbox 1166 2392 1254 2426; x_wconf 82' lang='lat' dir='ltr'>Anu.</span> <span class='ocrx_word' id='word_1_339' title='bbox 1285 2391 1356 2431; x_wconf 88' lang='lat' dir='ltr'>XI,</span> <span class='ocrx_word' id='word_1_340' title='bbox 1382 2391 1447 2430; x_wconf 90' lang='grc'>10,</span> <span class='ocrx_word' id='word_1_341' title='bbox 1472 2392 1505 2425; x_wconf 87' lang='grc'><strong>3.</strong></span> 
     </span>
     <span class='ocr_line' id='line_1_36' title="bbox 119 2451 1505 2496; baseline -0.004 -7"><span class='ocrx_word' id='word_1_342' title='bbox 119 2456 281 2490; x_wconf 77' lang='lat' dir='ltr'>subiectis</span> <span class='ocrx_word' id='word_1_343' title='bbox 315 2454 662 2488; x_wconf 80' lang='lat' dir='ltr'>intolerantior.</span> <span class='ocrx_word' id='word_1_344' title='bbox 695 2452 767 2485; x_wconf 89' lang='lat' dir='ltr'>Cic.</span> <span class='ocrx_word' id='word_1_345' title='bbox 801 2465 836 2496; x_wconf 87' lang='lat' dir='ltr'>p.</span> <span class='ocrx_word' id='word_1_346' title='bbox 862 2453 981 2486; x_wconf 85' lang='lat' dir='ltr'>Plane.</span> <span class='ocrx_word' id='word_1_347' title='bbox 1006 2451 1040 2486; x_wconf 82' lang='lat'>8.</span> <span class='ocrx_word' id='word_1_348' title='bbox 1067 2453 1252 2487; x_wconf 80' lang='lat' dir='ltr'>multitudo</span> <span class='ocrx_word' id='word_1_349' title='bbox 1281 2451 1375 2485; x_wconf 81' lang='lat' dir='ltr'>vobis</span> <span class='ocrx_word' id='word_1_350' title='bbox 1399 2462 1505 2494; x_wconf 85' lang='lat' dir='ltr'>sup—</span> 
     </span>
     <span class='ocr_line' id='line_1_37' title="bbox 117 2511 1504 2560; baseline -0.004 -11"><span class='ocrx_word' id='word_1_351' title='bbox 117 2517 234 2560; x_wconf 78' lang='lat' dir='ltr'>plex.</span> <span class='ocrx_word' id='word_1_352' title='bbox 259 2513 363 2548; x_wconf 80' lang='lat' dir='ltr'>Ovid.</span> <span class='ocrx_word' id='word_1_353' title='bbox 389 2514 476 2558; x_wconf 85' lang='lat' dir='ltr'>Epp.</span> <span class='ocrx_word' id='word_1_354' title='bbox 500 2526 542 2548; x_wconf 79' lang='lat' dir='ltr'>ex</span> <span class='ocrx_word' id='word_1_355' title='bbox 565 2515 665 2548; x_wconf 82' lang='lat' dir='ltr'>Pont.</span> <span class='ocrx_word' id='word_1_356' title='bbox 687 2514 746 2554; x_wconf 75' lang='lat' dir='ltr'>IV,</span> <span class='ocrx_word' id='word_1_357' title='bbox 763 2513 799 2555; x_wconf 87' lang='lat'>6,</span> <span class='ocrx_word' id='word_1_358' title='bbox 824 2513 881 2547; x_wconf 82' lang='lat'>32.</span> <span class='ocrx_word' id='word_1_359' title='bbox 907 2514 1059 2547; x_wconf 77' lang='lat' dir='ltr'>sontibus</span> <span class='ocrx_word' id='word_1_360' title='bbox 1076 2525 1147 2548; x_wconf 86' lang='lat' dir='ltr'>esse</span> <span class='ocrx_word' id='word_1_361' title='bbox 1172 2519 1357 2548; x_wconf 84' lang='lat' dir='ltr'>trucem.</span> <span class='ocrx_word' id='word_1_362' title='bbox 1384 2511 1504 2544; x_wconf 79' lang='lat' dir='ltr'>Senec.</span> 
     </span>
     <span class='ocr_line' id='line_1_38' title="bbox 119 2572 1507 2619; baseline -0.003 -9"><span class='ocrx_word' id='word_1_363' title='bbox 119 2576 226 2610; x_wconf 87' lang='lat' dir='ltr'>Herc.</span> <span class='ocrx_word' id='word_1_364' title='bbox 253 2575 331 2609; x_wconf 84' lang='lat' dir='ltr'>oet.</span> <span class='ocrx_word' id='word_1_365' title='bbox 357 2574 460 2608; x_wconf 77' lang='lat'>1027.</span> <span class='ocrx_word' id='word_1_366' title='bbox 481 2576 623 2619; x_wconf 72' lang='lat' dir='ltr'>patriae</span> <span class='ocrx_word' id='word_1_367' title='bbox 646 2586 690 2608; x_wconf 81' lang='lat' dir='ltr'>sc</span> <span class='ocrx_word' id='word_1_368' title='bbox 705 2576 890 2609; x_wconf 80' lang='lat' dir='ltr'>elestus.</span> <span class='ocrx_word' id='word_1_369' title='bbox 937 2574 1071 2619; x_wconf 80' lang='lat' dir='ltr'>Quibus</span> <span class='ocrx_word' id='word_1_370' title='bbox 1093 2574 1181 2609; x_wconf 84' lang='lat' dir='ltr'>locis</span> <span class='ocrx_word' id='word_1_371' title='bbox 1206 2577 1245 2608; x_wconf 83' lang='lat' dir='ltr'>ut</span> <span class='ocrx_word' id='word_1_372' title='bbox 1267 2572 1351 2607; x_wconf 78' lang='lat' dir='ltr'>trita</span> <span class='ocrx_word' id='word_1_373' title='bbox 1374 2572 1507 2606; x_wconf 78' lang='lat' dir='ltr'>obtinet</span> 
     </span>
     <span class='ocr_line' id='line_1_39' title="bbox 119 2631 1505 2681; baseline -0.004 -11"><span class='ocrx_word' id='word_1_374' title='bbox 119 2635 232 2671; x_wconf 73' lang='lat' dir='ltr'>dativi</span> <span class='ocrx_word' id='word_1_375' title='bbox 264 2640 436 2681; x_wconf 73' lang='lat' dir='ltr'>potestas,</span> <span class='ocrx_word' id='word_1_376' title='bbox 472 2635 523 2669; x_wconf 87' lang='lat' dir='ltr'>ita</span> <span class='ocrx_word' id='word_1_377' title='bbox 546 2635 575 2669; x_wconf 83' lang='lat' dir='ltr'>is</span> <span class='ocrx_word' id='word_1_378' title='bbox 598 2646 698 2670; x_wconf 79' lang='lat' dir='ltr'>casus</span> <span class='ocrx_word' id='word_1_379' title='bbox 719 2634 952 2669; x_wconf 80' lang='lat' dir='ltr'>alienissimus</span> <span class='ocrx_word' id='word_1_380' title='bbox 975 2638 1027 2670; x_wconf 76' lang='lat' dir='ltr'>est</span> <span class='ocrx_word' id='word_1_381' title='bbox 1048 2635 1092 2669; x_wconf 85' lang='lat' dir='ltr'>ad</span> <span class='ocrx_word' id='word_1_382' title='bbox 1116 2645 1195 2669; x_wconf 87' lang='lat' dir='ltr'>eam</span> <span class='ocrx_word' id='word_1_383' title='bbox 1217 2645 1291 2667; x_wconf 88' lang='lat' dir='ltr'>rem</span> <span class='ocrx_word' id='word_1_384' title='bbox 1307 2631 1505 2677; x_wconf 85' lang='lat' dir='ltr'>significan-</span> 
     </span>
     <span class='ocr_line' id='line_1_40' title="bbox 120 2692 1505 2742; baseline -0.004 -11"><span class='ocrx_word' id='word_1_385' title='bbox 120 2697 222 2739; x_wconf 87' lang='lat' dir='ltr'>dam,</span> <span class='ocrx_word' id='word_1_386' title='bbox 246 2697 281 2731; x_wconf 83' lang='lat' dir='ltr'>in</span> <span class='ocrx_word' id='word_1_387' title='bbox 298 2708 369 2742; x_wconf 80' lang='lat' dir='ltr'>qua</span> <span class='ocrx_word' id='word_1_388' title='bbox 387 2697 621 2740; x_wconf 77' lang='lat' dir='ltr'>infecunditas</span> <span class='ocrx_word' id='word_1_389' title='bbox 639 2697 810 2739; x_wconf 78' lang='lat' dir='ltr'>cernitur,</span> <span class='ocrx_word' id='word_1_390' title='bbox 833 2695 906 2731; x_wconf 81' lang='lat' dir='ltr'>sive</span> <span class='ocrx_word' id='word_1_391' title='bbox 927 2707 989 2741; x_wconf 85' lang='lat' dir='ltr'>per</span> <span class='ocrx_word' id='word_1_392' title='bbox 1006 2706 1109 2740; x_wconf 77' lang='lat' dir='ltr'>quam</span> <span class='ocrx_word' id='word_1_393' title='bbox 1127 2694 1260 2738; x_wconf 80' lang='lat' dir='ltr'>aliquid</span> <span class='ocrx_word' id='word_1_394' title='bbox 1282 2692 1505 2727; x_wconf 76' lang='lat' dir='ltr'>infecundum</span> 
     </span>
    </p>
   </div>
  </div>
 </body>
</html>
