1630 3034
409 150 761 195 IUGURTHA.
821 151 943 194 CAP.
973 153 1240 195 LXXXVII.
1365 179 1369 181 -
1413 159 1496 199 471

127 284 181 311 ne
227 267 399 312 videret
443 283 519 323 ea,
565 282 681 326 quae
723 267 872 311 audita
908 268 1076 312 animus
1116 268 1304 313 tolerare
1338 271 1497 328 nequi—

122 370 257 409 verat.

255 459 530 505 LXXXVII.
576 459 670 504 Sed
707 460 874 517 consul,
911 460 1094 520 expletis
1131 460 1380 521 legionibus
1416 477 1494 506 co—

118 557 412 615 hortibusque
452 557 708 614 auxiliariis,
746 558 790 600 in
825 573 984 617 agrum
1021 557 1212 601 fertilem
1249 565 1293 602 et
1327 558 1496 617 praeda

117 660 326 698 onustum
360 654 676 714 proficiscitur,
722 654 869 697 omnia
904 655 964 698 ibi
1000 660 1131 714 capta
1166 654 1373 698 militibus
1409 654 1493 698 do-

117 759 213 808 nat,
258 751 362 795 dein
403 751 585 795 castella
621 757 666 795 et
698 751 870 811 oppida
913 757 1071 795 natura
1116 759 1160 795 et
1199 751 1298 795 viris
1333 766 1494 811 parum

114 915 181 950 rito
212 914 435 949 offenderent.
458 934 504 939 —
529 914 614 948 Cum
650 913 943 958 praepositionem
977 918 1056 949 ante
1087 926 1209 949 vocem
1240 915 1352 959 pretio
1377 915 1494 949 Faber

115 980 208 1010 recte
242 980 358 1010 censet
394 974 605 1008 condicionis
636 975 712 1010 vim
743 975 902 1017 habere,
935 975 1105 1018 siquidem
1134 987 1188 1009 res
1215 975 1276 1009 alii
1309 975 1494 1010 coniuncta

113 1037 183 1071 dici
215 1041 349 1081 potest,
378 1047 468 1080 quae
501 1040 667 1080 tanquam
693 1035 848 1069 condicio
871 1035 924 1068 illi
951 1036 1142 1079 adhaeret,
1176 1040 1213 1069 ut
1237 1036 1375 1069 Handio
1400 1036 1491 1069 vide-

112 1101 170 1131 tur
190 1098 232 1131 de
253 1096 403 1131 Particc.
429 1097 519 1130 Latt.
545 1097 621 1129 vol.
645 1096 689 1130 Il.
714 1108 746 1139 p.
771 1094 849 1130 155.
895 1095 1097 1139 Simplicius
1123 1097 1266 1131 fortasse
1290 1097 1383 1131 dicas
1407 1097 1492 1131 dua-

112 1170 188 1192 rum
212 1169 330 1192 rerum
354 1157 652 1199 coniunctionem,
676 1157 803 1198 talem,
827 1167 916 1200 quae
940 1169 1007 1191 nou
1031 1157 1103 1190 iam
1129 1157 1220 1191 facta
1246 1158 1309 1199 sit,
1333 1159 1390 1190 sed
1415 1157 1492 1191 fieri

108 1220 234 1263 possit,
269 1219 313 1252 ad
351 1218 563 1253 condicionis
593 1217 768 1251 notionem
800 1217 974 1251 accedere.
1010 1219 1054 1251 cf.
1092 1218 1164 1251 Cic.
1197 1219 1357 1252 Tuscull.
1382 1219 1408 1261 1,
1433 1217 1490 1259 49,

109 1280 189 1314 116.
232 1280 353 1314 Multis
382 1280 539 1313 videmus
573 1280 736 1323 optabilis
769 1280 888 1312 mortis
914 1280 1027 1322 fuisse
1059 1290 1150 1312 cum
1189 1280 1377 1324 gloria,
1410 1279 1433 1312 i.
1459 1290 1488 1312 e.

108 1353 152 1375 ea
175 1341 392 1382 condicione,
424 1345 464 1374 ut
497 1339 615 1384 gloria
638 1340 800 1374 adiuncta
821 1344 925 1382 esset,
954 1340 1011 1373 vel
1043 1341 1073 1373 si
1095 1340 1195 1373 modo
1217 1341 1268 1385 gl.
1294 1341 1366 1374 adi.
1394 1345 1489 1375 esset.

106 1402 203 1436 idem
228 1412 310 1434 usus
333 1405 386 1434 est
410 1400 605 1445 particulae
627 1401 663 1434 in
695 1401 847 1443 formula
877 1412 953 1434 cum
992 1412 1028 1434 eo
1062 1405 1117 1442 ut,
1143 1411 1247 1443 quam
1272 1401 1388 1434 Faber
1411 1399 1489 1434 teti-

105 1462 178 1507 git,
201 1462 281 1496 0011.
307 1450 407 1496 Livii»
432 1463 523 1506 vm,
550 1462 606 1505 14,
627 1462 678 1503 2.,
702 1461 842 1495 uberius
865 1461 1055 1495 innatavit
1075 1461 1233 1496 Handius
1256 1463 1280 1496 1.
1305 1463 1328 1496 1.
1354 1475 1388 1506 p.
1409 1461 1488 1496 166.

204 1524 238 1564 §-
261 1521 294 1556 4.
323 1525 357 1555 et
381 1521 414 1556 5.
463 1524 640 1567 aliquanto
665 1523 817 1566 maiore]
850 1522 955 1556 Fabr.
980 1523 1012 1556 1.
1036 1522 1070 1556 2.
1097 1521 1184 1555 Tur.
1209 1523 1241 1555 l.
1269 1522 1406 1556 inverso
1431 1533 1488 1556 or-

105 1583 186 1617 dine
207 1583 339 1617 habent
371 1583 453 1617 mai.
479 1584 680 1628 aliquanto,
705 1583 797 1626 quod
831 1583 926 1616 Cort.
960 1582 1078 1616 statim
1108 1582 1267 1626 arripuit.
1315 1583 1367 1615 De
1391 1586 1486 1626 pote-

105 1648 195 1677 state
218 1642 314 1676 vocis
339 1643 518 1687 aliquanto
547 1643 698 1677 diximus
722 1643 766 1677 ad
800 1655 828 1677 c.
857 1644 1015 1686 LXXIV,
1040 1643 1074 1676 3.
1098 1662 1142 1667 —
1175 1644 1245 1677 Pro
1266 1644 1389 1688 paneis
1412 1643 1484 1677 die-

104 1705 164 1738 bus
188 1703 325 1737 Cottius
348 1705 442 1738 male
473 1703 611 1748 scripsit
643 1704 761 1738 diebus
793 1715 909 1748 pauc„
943 1708 983 1738 ut
1008 1708 1060 1737 est
1092 1703 1127 1737 in
1151 1704 1258 1737 Fabr.
1283 1704 1316 1738 1.
1340 1703 1373 1738 2.
1399 1704 1485 1737 Tur.

103 1766 185 1799 Bas.
209 1765 242 1800 4.
289 1764 349 1798 Vis
381 1765 570 1798 sententiae
603 1764 638 1798 in
670 1764 842 1798 adiectivo
877 1765 975 1798 inest.
1024 1766 1079 1798 De
1112 1768 1287 1798 structura
1321 1775 1354 1798 v,
1387 1764 1430 1797 ad
1455 1775 1485 1798 c.

103 1827 163 1867 XI,
187 1826 221 1859 2.
245 1845 290 1851 -
324 1826 451 1860 Rutilii
487 1825 599 1871 legati
631 1825 704 1860 iam
736 1837 842 1869 supra
878 1826 1008 1860 mentio
1046 1826 1140 1859 facta
1170 1830 1222 1872 est
1257 1837 1286 1858 c.
1315 1825 1354 1866 L,
1384 1824 1416 1858 1.
1451 1829 1484 1858 et

99 1887 176 1928 LII,
201 1885 235 1921 5.

193 1947 397 1980 LXXXVII.
420 1949 453 1988 §-
477 1947 512 1982 1.
555 1948 694 1991 praeda
721 1947 903 1990 onustum]
943 1946 1082 1979 Praeda
1103 1946 1140 1981 h.
1174 1945 1197 1979 l.
1222 1957 1290 1978 non
1311 1945 1484 1990 significat

101 2018 176 2040 rem
200 2017 222 2040 a
244 2006 433 2040 victoribus
456 2012 618 2050 captam,
643 2009 702 2042 sed
726 2019 815 2052 quae
839 2007 917 2051 capi
939 2012 1052 2050 possiet
1076 2006 1152 2039 sive
1175 2005 1209 2038 in
1237 2006 1401 2048 praedam
1426 2017 1481 2038 ce-

102 2067 217 2109 deret,
242 2065 416 2099 consimili
440 2068 562 2109 modo,
590 2072 627 2101 ut
651 2080 680 2101 c.
706 2069 833 2109 xxm,
859 2068 891 2101 1.
911 2068 1137 2110 formidinem
1169 2065 1324 2098 vidimus
1349 2064 1417 2098 dici
1441 2065 1483 2097 de

101 2140 168 2169 eo,
192 2127 283 2171 quod
316 2126 538 2160 formidinem
572 2127 722 2162 excitare
754 2133 878 2172 posset.
929 2129 1050 2162 Onus
1066 2133 1134 2162 tus
1156 2125 1292 2170 pracda
1316 2135 1404 2169 ager
1426 2123 1480 2157 in-

100 2190 250 2224 solenter
271 2188 403 2222 dictum
426 2187 586 2230 videtur,
617 2188 647 2222 si
667 2189 890 2223 vernaculam
916 2187 1036 2221 vocem
1070 2187 1214 2220 beladen
1239 2185 1312 2218 sive
1336 2186 1480 2218 belastet

100 2260 303 2293 compares3
327 2250 384 2282 sed
410 2250 502 2293 apud
528 2249 667 2284 Latinos
691 2255 848 2284 onustum
881 2248 1005 2282 latiore
1029 2259 1127 2281 sensu
1152 2246 1258 2280 etiam
1282 2245 1316 2279 id
1341 2244 1478 2287 dicitur,

101 2309 192 2353 quod
227 2321 357 2354 magna
389 2309 540 2344 alicuius
573 2310 623 2343 rei
658 2311 757 2354 copia
791 2310 964 2350 abundat,
997 2308 1114 2351 itaque
1146 2307 1311 2339 refertum
1345 2310 1415 2346 est,
1441 2309 1479 2338 ut

99 2370 197 2414 quasi
221 2381 325 2404 onere
347 2372 498 2414 quodam
524 2371 635 2415 premi
666 2371 850 2410 videatur-3
882 2369 1098 2412 comparavit
1122 2366 1335 2400 For-cellinus
1359 2365 1476 2399 Tacit.

99 2431 186 2464 Ann.
213 2431 300 2471 ΧΠ,
324 2430 390 2474 13,
414 2431 447 2467 4.
502 2433 569 2465 Ubi
598 2432 783 2475 pharetras
812 2432 886 2466 telis
918 2435 1109 2463 onustas
1145 2439 1328 2472 accepere,·
1362 2427 1476 2460 Plaut.

98 2492 216 2526 Aulul.
243 2491 303 2534 lv,
325 2492 360 2535 2,
389 2492 444 2526 10.
496 2493 541 2526 Se
574 2494 692 2526 aulam
724 2505 775 2526 οη
787 2497 931 2526 ustam
962 2491 1042 2523 auri
1074 2488 1276 2522 abstrusisse
1306 2487 1361 2520 hic
1384 2486 1476 2520 intus

98 2553 135 2587 in
152 2556 264 2595 san03
287 2553 470 2586 Afranium
495 2554 586 2597 apud
610 2551 776 2587 Priscian.
803 2551 846 2591 X,
873 2550 907 2593 2,
942 2551 976 2584 7.
1007 2562 1038 2593 p.
1065 2549 1142 2583 477.
1181 2549 1242 2581 Kr.
1291 2548 1474 2591 Postquam

97 2619 218 2658 pectus
245 2618 295 2647 est
319 2614 456 2648 laetitia
479 2619 698 2647 onustum.
723 2613 763 2646 V.
787 2611 894 2645 etiam
919 2611 963 2644 ad
986 2612 1062 2654 lug.
1087 2610 1163 2652 xli,
1187 2608 1221 2644 4.
1245 2629 1289 2633 -
1316 2608 1474 2642 Ceterum

101 2675 252 2717 levia,
291 2675 391 2708 alia
431 2674 509 2707 aliis
550 2674 632 2707 locis
666 2685 707 2707 ex
736 2671 882 2718 egregia
916 2671 1090 2707 meconii
1123 2669 1361 2704 emendatione
1389 2667 1475 2702 scri-

101 2733 262 2777 psimu53
301 2735 400 2770 codd.
431 2735 524 2769 enim
556 2746 676 2770 omnes
707 2734 838 2769 habent
879 2737 1027 2767 ceterum
1060 2731 1156 2765 alia
1197 2730 1331 2765 levia
1363 2729 1409 2762 al.
1436 2729 1471 2770 1.,
