1630 3034
118 169 205 211 486
490 161 538 205 C.
567 160 885 204 SALLUSTI
917 160 1136 205 CRISPI

119 287 255 341 atque
289 278 354 324 uti
388 278 517 324 simul
553 293 656 322 cum
691 293 852 322 occasu
887 279 990 324 solis
1019 278 1346 339 egrederentur
1374 293 1510 340 para-
1566 285 1569 287 ’

118 384 187 423 tos
224 393 321 422 esse
356 376 503 432 iubet,
538 376 744 420 omnibus
781 376 960 420 sarcinis
997 376 1181 421 abiectis
1226 392 1344 436 aqua
1373 378 1513 422 modo

66 486 272 535 ‘3seque
311 480 357 519 et
386 473 584 518 iumenta
620 488 822 520 onerare.
890 473 1028 529 Dein,
1063 480 1305 534 postquam
1338 481 1515 536 tempus

119 573 288 630 visum,
332 572 486 616 castris
534 571 796 633 egreditur,
842 575 1114 630 noctemque
1165 577 1306 616 totam
1359 573 1516 616 itinere

119 655 267 730 facto&
291 668 524 722 consedit3
577 669 700 713 idem
754 682 978 728 proxuma
1032 668 1166 723 facit;
1226 668 1331 713 dein
1385 670 1516 733 tertia

120 768 262 812 multo
297 771 400 810 ante
435 765 544 809 lucis
580 765 824 810 adventum
858 766 1065 826 pervenit
1098 767 1142 810 in
1176 765 1330 811 locum
1364 773 1518 811 tumu-

122 865 290 922 losum,
339 863 397 908 ab
435 863 588 924 Capsa
626 879 716 907 non
757 864 948 923 amplius
987 863 1126 907 duum
1156 864 1343 908 millium
1377 865 1518 908 inter-

123 962 256 1018 vallo,
291 961 444 1020 ibique
481 976 617 1020 quam
648 960 961 1005 occultissume
988 967 1141 1020 potest
1176 976 1279 1005 cum
1310 962 1517 1006 omnibus

83 1059 264 1119 4copiis
301 1058 550 1119 opperitur.
622 1057 718 1103 Sed
749 1058 826 1103 ubi
864 1058 958 1102 dies
989 1058 1163 1118 coepit,
1201 1064 1246 1102 et
1281 1058 1519 1115 Numidae,
1561 1081 1564 1084 Δ

121 1156 232 1202 nihil
275 1156 439 1201 hostile
483 1161 759 1211 metuentes,
815 1155 943 1200 multi
987 1155 1165 1216 oppido
1207 1156 1397 1216 egressi,
1445 1171 1520 1200 re-

122 1259 264 1316 pente
315 1268 497 1298 omnem
542 1254 813 1312 equitatum,
866 1260 910 1297 et
958 1269 1060 1298 cum
1095 1253 1165 1298 his
1201 1253 1520 1298 velocissumos

121 1351 300 1412 pedites
336 1366 468 1396 cursu
502 1351 690 1396 tendere
726 1351 785 1395 ad
818 1351 1018 1411 Capsam
1055 1359 1099 1396 et
1128 1329 1524 1412 portas'obsidere

123 1450 274 1504 iubet3
330 1448 496 1494 deinde
546 1449 643 1509 ipse
689 1449 882 1494 intentus
929 1465 1130 1510 propere
1178 1448 1326 1508 sequi,
1374 1463 1522 1507 neque

123 1610 295 1651 mutavit,
321 1622 430 1654 quum
461 1623 606 1646 onerare
641 1621 779 1655 quoque
813 1621 856 1644 ex
887 1611 952 1645 isto
977 1612 1086 1645 verbo
1111 1611 1267 1656 pendeat·
1293 1628 1340 1636 -
1364 1609 1416 1643 De
1438 1619 1528 1643 voce

125 1673 210 1707 lucis
243 1683 278 1706 v.
310 1673 355 1706 ad
390 1684 420 1708 c.
457 1673 561 1714 XXI,
585 1673 620 1707 2.
653 1691 698 1697 —-
737 1673 941 1705 'tumulosus
971 1674 1097 1716 explic.
1128 1674 1172 1707 ad
1208 1685 1239 1706 c.
1271 1672 1401 1713 LXVI,
1422 1671 1457 1707 2.
1480 1689 1526 1697 —

126 1734 242 1767 Duum
257 1760 266 1775 ,
299 1736 339 1767 ut
363 1744 392 1766 c.
418 1734 469 1776 L,
493 1733 527 1768 3.
552 1738 587 1768 et
611 1734 697 1773 cu,
721 1732 756 1768 5.
781 1734 824 1767 cf.
852 1734 1120 1767 Drakenborch.
1145 1734 1188 1767 ad
1215 1734 1292 1767 Liv.
1316 1733 1377 1775 Ill,
1402 1732 1463 1773 25,
1487 1731 1523 1765 4.

125 1795 216 1830 Plin.
241 1795 289 1829 Η.
313 1794 357 1829 N.
382 1795 469 1836 XX,
494 1794 528 1836 7,
552 1793 610 1829 24.
644 1796 749 1837 XXI,
774 1796 840 1839 17,
866 1795 924 1830 68.
949 1814 996 1820 —-
1027 1795 1078 1828 Ad
1115 1795 1223 1828 verba
1247 1795 1354 1829 duum
1377 1793 1526 1828 millium

124 1856 357 1900 supplendum
380 1866 454 1889 esse
476 1865 644 1899 passuum
670 1856 822 1891 diximus
853 1858 897 1891 ad
924 1869 955 1890 c.
981 1856 1121 1899 LXXV,
1145 1856 1180 1890 2.
1276 1850 1285 1853 ’

218 1919 251 1960 5.
276 1916 298 1950 4
319 1936 363 1941 —
383 1916 418 1950 7.
466 1927 542 1950 cum
576 1917 656 1961 his]
701 1919 768 1952 His
803 1930 864 1961 per
896 1916 1037 1964 synesin
1069 1920 1200 1959 spectat
1234 1915 1281 1950 ad
1317 1914 1525 1959 equitatum,

126 1977 226 2022 quasi
264 1977 398 2012 dictum
436 1982 526 2012 esset
566 1979 721 2022 equites,
759 1981 863 2023 plane
894 1984 933 2014 ut
966 1990 996 2013 c.
1033 1978 1151 2019 XCV,
1187 1978 1243 2018 l.;
1279 1986 1315 2010 v,
1350 1975 1396 2009 ad
1421 1974 1526 2009 Catil.

126 2040 291 2082 XXXIX,
323 2038 357 2074 3.
382 2039 426 2073 ad
462 2040 541 2084 lug.
564 2040 649 2082 XV,
676 2039 709 2073 1.
735 2058 780 2065 -—
811 2042 967 2075 Intentus
998 2039 1256 2081 explicavimus
1278 2038 1322 2072 ad
1347 2049 1378 2071 c.
1404 2037 1526 2079 XLVI,

126 2097 162 2135 5.
184 2117 230 2124 -—
262 2099 424 2134 Ceterum
448 2111 513 2144 per
547 2111 584 2133 se
617 2104 711 2144 patet
735 2096 770 2134 11¹.
796 2102 819 2135 l.
844 2100 1054 2135 adverbium
1078 2111 1175 2142 esse,
1209 2100 1252 2133 de
1273 2110 1343 2143 quo
1366 2110 1402 2131 v.
1426 2099 1471 2133 ad
1495 2110 1528 2134 c.

127 2160 173 2202 11,
196 2159 232 2194 4.
259 2179 298 2186 -
326 2161 472 2195 Adita
506 2161 664 2205 difficilis
689 2173 755 2195 non
781 2163 998 2206 explicamus
1023 2166 1190 2196 consueto
1215 2172 1313 2195 more
1337 2160 1524 2194 Gramma-

127 2221 279 2256 tinorum
296 2246 307 2263 ‚
338 2222 503 2266 supinum
540 2223 576 2256 in
609 2236 632 2257 u
657 2223 786 2266 ubique
811 2235 875 2268 pro
900 2223 1058 2257 ablativo
1087 2222 1292 2256 habentium
1311 2245 1320 2262 ‚
1355 2222 1415 2255 sed
1442 2222 1529 2256 duan

128 2282 202 2318 eius
227 2283 361 2317 formas
386 2287 574 2318 statuentes
598 2285 756 2318 dativum
781 2296 856 2319 esse
879 2296 1071 2319 censemus.
1113 2285 1204 2319 Nam
1228 2284 1319 2328 qnod
1344 2282 1464 2317 dicunt
1485 2293 1528 2316 ex

122 2344 269 2387 facilis,
295 2345 471 2388 difficilis,
504 2344 623 2388 utilis,
649 2345 838 2387 iucundus,
875 2346 1022 2389 aliisque
1047 2345 1217 2380 eiusmodi
1241 2343 1424 2379 adiectivis
1447 2354 1528 2387 pou-

128 2404 211 2438 dere
233 2405 349 2449 supini
375 2406 590 2449 ablativum,
628 2406 663 2440 id
699 2417 780 2439 cnm
813 2407 983 2450 peculiari
1018 2407 1106 2441 sexti
1139 2419 1240 2441 casus
1265 2409 1437 2451 potestate
1459 2415 1529 2439 non

131 2468 244 2508 potent
266 2465 471 2509 conciliari,
496 2477 604 2509 quum
630 2466 694 2500 illo
718 2477 842 2501 caussa
865 2468 998 2511 aliquid
1033 2469 1190 2502 efficiens
1225 2469 1442 2509 declaretur,
1465 2477 1527 2501 su-

131 2524 214 2568 pino
246 2530 364 2560 autem
395 2526 474 2560 finis
505 2527 671 2570 quidam,
705 2528 747 2561 ad
774 2539 877 2571 quem
903 2529 1023 2572 aliqua
1051 2540 1106 2563 res
1135 2531 1273 2570 tendat,
1299 2527 1528 2573 significetur.

131 2585 184 2619 lta
207 2596 241 2617 v.
271 2598 301 2619 c.
338 2587 424 2620 liber
458 2588 548 2621 lectu
579 2589 675 2622 utilis
709 2599 776 2621 non
802 2594 853 2623 est
879 2590 968 2623 liber
998 2603 1036 2624 co
1061 2592 1150 2635 quod
1174 2593 1318 2637 legatur
1341 2594 1403 2624 ant
1426 2589 1525 2623 insti-

131 2651 208 2681 tuta
232 2647 378 2682 lectione
402 2649 518 2692 utilis,
543 2649 602 2683 sed
628 2649 716 2683 liber
741 2651 840 2684 cuiue
864 2652 1077 2685 imtituenda
1101 2653 1200 2686 lectio
1224 2651 1414 2686 utilitatem
1438 2651 1527 2695 uffe-

131 2711 210 2748 roet‚
245 2707 320 2741 sive
344 2709 431 2742 liber
461 2711 510 2744 ad
534 2712 721 2757 legendum
746 2711 852 2745 utilis.
901 2713 992 2746 Rem
1023 2724 1131 2756 quum
1155 2714 1225 2747 hoc
1249 2712 1408 2754 conficit,
1434 2713 1527 2755 quod

134 2767 249 2812 uupini
278 2769 357 2803 loco
387 2769 562 2805 interdum
590 2772 800 2807 substantivi
826 2773 982 2808 verbalia
1005 2774 1146 2808 dativu-
1169 2774 1334 2818 ponitur,
1373 2777 1412 2808 ut
1433 2774 1526 2817 apud
