1630 3034
365 195 700 239 CATILINA.
767 195 903 239 CAP.
929 195 1091 240 XXIII.
1317 201 1409 244 ‘113

23 328 171 373 neque
246 313 431 359 facere.
473 312 715 372 quicquam
789 312 917 372 pensi
982 311 1195 361 habebat.
1297 314 1410 360 Erat
1425 324 1449 362 3

23 407 67 451 ei
112 420 216 457 cum
261 404 445 462 Fulvia,
471 404 676 461 ,muliere
724 403 901 459 nobili,
925 404 1071 463 stupri
1116 411 1241 450 vetus
1295 418 1407 452 con-

23 496 248 550 suetud03.
276 495 383 550 „cui
449 510 590 553 quum
661 495 808 539 minus
874 502 1026 556 gratus
1093 502 1227 553 esset,
1295 497 1426 556 quia.

23 587 176 651 iuopia
239 586 383 641 miuus
460 585 615 646 largiri
682 593 883 646 poterat,
947 593 1134 646 repente
1212 588 1409 648 glorians

22 758 94 789 met
116 754 259 800 genium
284 763 408 787 meum.
465 753 520 787 Ita
543 757 613 788 met
636 764 749 787 meum
779 751 870 789 κατ’
901 750 1144 799 ἀναστροφήν
1175 757 1322 798 ponetur
1344 765 1408 798 ιιι-ο

21 817 207 854 meummc:
216 824 230 852 ,-
252 823 376 846 xerum
400 810 435 844 in
458 811 635 856 plerisque
657 813 741 846 Mss.
767 812 959 856 reperitur:
994 817 1164 856 tanquam
1187 823 1263 853 me,
1289 815 1323 846 et
1346 823 1410 856 ge-

22 869 118 902 nium
140 879 264 902 meum.
304 868 412 911 Quae
435 868 509 902 sine
533 869 639 903 dubio
662 870 814 914 genuina
837 882 871 903 es
875 873 888 904 t
910 869 1047 903 lectio!
1124 870 1236 903 Recte
1258 868 1308 903 ita
1332 868 1411 912 qui-

23 926 104 960 dem
136 910 178 958 dc
202 925 318 958 Plauti
339 926 444 967 lnc03
477 923 538 958 sed
572 925 615 958 de
647 925 832 960 encliticae
854 938 921 959 usu
953 937 1082 971 parum
1105 930 1278 960 accurate.
1336 927 1411 959 Met

23 982 134 1020 enim,
158 982 420 1036 pronominibus
444 993 613 1026 possessu
617 993 645 1015 is
668 983 848 1026 additum,
872 995 993 1018 eorum
1018 984 1092 1016 vim
1115 983 1272 1024 intendit,
1291 983 1412 1026 plane-

3 1049 104 1089 'que
114 1040 297 1093 respondet
319 1041 509 1088 vernaculo
535 1041 658 1084 eigen,
695 1042 786 1084 quod
809 1041 930 1074 eodem
955 1040 1100 1074 consilio
1123 1040 1325 1083 possessivis
1349 1041 1412 1074 ad-

23 1099 141 1154 iicet-e
153 1098 335 1153 solemus3
346 1097 459 1131 rarius
482 1097 624 1140 quidem
648 1099 739 1140 apud
763 1098 928 1142 probatos
946 1102 1104 1131 auctores
1124 1098 1308 1141 reperitur,
1330 1097 1412 1131 Sal-

24 1155 148 1191 lustius
170 1160 301 1211 tamen
331 1155 519 1198 aliquoties
542 1154 592 1187 ita
623 1154 761 1188 locutus
785 1159 858 1197 est,
881 1155 979 1189 xelut
1001 1156 1078 1201 lug.
1098 1156 1191 1198 1111,
1213 1159 1299 1189 extr.
1332 1166 1415 1189 sua-

25 1200 95 1257 niet
116 1191 228 1256 ipsum
241 1211 400 1258 pecunia
418 1210 648 1254 praecipitem
673 1223 842 1246 casurum.
867 1212 997 1253 XXXI,
1016 1212 1050 1246 6.
1075 1217 1207 1246 suomet
1229 1212 1296 1256 ipsi
1320 1223 1415 1246 more

22 1270 231 1315 praecipites
271 1272 363 1301 eant.
403 1268 590 1308 LXXXV,
618 1266 676 1301 2-1.
712 1274 862 1303 meamet
894 1272 999 1313 facta
1031 1270 1119 1303 mihi
1149 1270 1263 1303 dicere
1296 1270 1411 1303 liceat.

25 1328 172 1382 Fragm.
208 1324 359 1376 llistorr.
394 1325 420 1358 1.
461 1335 496 1357 n
528 1324 595 1364 15,
620 1324 677 1358 25.
713 1328 878 1370 populum
901 1327 1026 1360 suimet
1052 1327 1236 1371 sanguinis
1259 1328 1414 1360 mercede

27 1386 59 1418 ci
78 1367 376 1439 οιιιιιυεηὶιιιιάιιιη.
401 1381 510 1417 ib.1·1.
528 1393 563 1416 ιι.
581 1381 639 1416 42.
660 1394 745 1426 pars
766 1381 901 1428 magna'
925 1384 1067 1417 suismet
1089 1387 1151 1417 aut
1172 1394 1414 1426 proxumorum

27 1445 42 1475 t
89 1452 105 1475 s
116 1433 440 1480 obtuuncabantnr
482 1439 537 1471 Cf.
571 1439 741 1474 Goerenz.
776 1441 822 1474 ad
844 1440 957 1485 Legg.
983 1441 1012 1482 1,
1035 1441 1070 1482 3,
1094 1441 1128 1475 8.
1171 1439 1231 1483 qui
1267 1450 1309 1473 ex
1344 1440 1416 1474 suis

28 1483 128 1548 codd.
132 1494 298 1545 eandem
320 1493 482 1529 voculam
505 1496 543 1529 in
565 1497 639 1530 Tus
642 1497 723 1530 cun.
747 1497 776 1539 1,
796 1497 854 1540 43,
874 1497 954 1532 103.
986 1497 1160 1532 restituit=
1184 1509 1294 1542 neque
1320 1498 1417 1542 quic-

26 1565 155 1611 ῃιιαιιι
146 1549 353 1588 meimet
378 1554 590 1601 relicturum.
636 1554 673 1587 In
697 1554 851 1599 Legibus
874 1558 992 1589 tamen
1016 1555 1040 1589 l.
1076 1554 1098 1588 l.
1134 1555 1289 1596 illumet,
1322 1555 1416 1599 quod

27 1597 245 1668 Goerenzius
255 1622 311 1661 ex
334 1597 494 1644 Tui-hebi
525 1611 724 1646 coniectura
747 1612 889 1655 intulit,
917 1623 987 1647 non
1010 1612 1194 1647 ferendum
1226 1618 1300 1655 θείς
1333 1623 1417 1647 nam

26 1649 306 1710 demonstretivis
328 1673 400 1702 met
423 1668 565 1713 syllaba
590 1674 765 1713 nunquam
789 1670 940 1709 additur.

43 1771 46 1775 ¹
116 1718 279 1772 prorsus]
319 1714 450 1759 Vocem
495 1725 745 1768 explicavimus
781 1727 826 1760 ad
862 1728 947 1770 XV,
970 1725 1005 1762 5.
1040 1745 1087 1754 -—-
1135 1725 1259 1771 Neque
1302 1725 1418 1761 dicere

24 1773 136 1830 neone
160 1785 284 1828 facere
307 1783 489 1828 quicquam
510 1783 620 1826 pensi
650 1783 803 1818 habebat
837 1785 1058 1819 Gerlachius
1078 1784 1131 1818 ita
1153 1784 1419 1827 interpretatur:

25 1843 116 1878 nihil
137 1854 207 1876 ποπ
221 1843 354 1886 ιῙιιιιενιι
389 1843 422 1873 ct
447 1839 562 1873 dicore
585 1840 788 1884 dubitabat,
823 1843 916 1885 quod
938 1855 1008 1876 non
1030 1842 1207 1887 particula
1229 1841 1329 1875 illata
1351 1840 1421 1874 mi-

26 1913 108 1936 rum
132 1903 304 1945 quantum
333 1908 356 1932 a
386 1908 472 1931 vero
496 1907 600 1931 sensu
621 1898 772 1942 recedit,
807 1899 868 1943 qui
899 1899 1014 1943 potius
1036 1899 1096 1932 hic
1119 1902 1190 1933 est:
1222 1899 1265 1932 ad
1289 1897 1420 1939 omniu,

28 1959 137 1993 etiam
158 1956 314 2002 pessima
337 1958 443 1998 atque
465 1955 754 2000 profligatissima
779 1960 813 1990 et
836 1956 984 1991 dicenda
1002 1960 1038 1990 et
1055 1956 1217 1991 facienda
1238 1958 1420 1999 promptus

27 2018 240 2060 paratusque
261 2016 348 2048 erat.
398 2013 562 2047 Ceterum
585 2016 711 2056 jacere
742 2017 777 2047 et
810 2014 924 2048 dicere
956 2014 1157 2057 frequenter
1181 2012 1418 2058 coniungitur,

29 2074 76 2108 ad
98 2072 300 2106 universam
323 2069 451 2115 agendi
474 2070 646 2104 rationem
669 2071 818 2105 alicuius
843 2071 1150 2115 complectendam.
1197 2071 1308 2104 Usum
1332 2070 1421 2103 Cor-

28 2130 99 2165 tius
121 2128 292 2173 exemplis
315 2128 523 2169 illustravit,
547 2129 645 2162 velut
667 2129 747 2173 lug.
771 2129 891 2170 LXIV,
911 2127 945 2162 5.
990 2129 1126 2161 Marius
1149 2137 1259 2170 nequo
1277 2128 1420 2169 facto

19 2189 121 2230 ullo,
151 2197 262 2230 neque
295 2186 426 2220 dicto
462 2186 658 2227 abstinere,
696 2186 787 2229 quod
816 2185 917 2219 modo
948 2185 1166 2219 ambitiosum
1183 2186 1293 2226 soret.
1335 2182 1417 2218 Liv.

29 2244 155 2287 XXVI,
173 2242 232 2284 15,
250 2241 285 2278 4.
323 2243 399 2287 quis
421 2255 531 2288 neque
555 2244 638 2288 quid
654 2245 708 2286 fa
722 2254 795 2276 cer
808 2247 906 2283 ent,
938 2253 1048 2286 neque
1073 2241 1155 2286 quid
1181 2240 1204 2273 d
1217 2240 1230 2272 i
1243 2251 1259 2272 c
1273 2250 1318 2273 er
1331 2244 1420 2282 ent,

32 2301 214 2346 quicquam
237 2311 399 2344 umquam
418 2302 521 2344 pensi
536 2301 676 2344 fuisset.
717 2300 839 2333 Vellei.
863 2300 940 2335 Pat.
963 2301 1008 2341 11,
1032 2297 1090 2341 45,
1109 2298 1142 2332 1.
1177 2297 1335 2338 Clodius,
1359 2296 1419 2340 qui

31 2367 142 2401 neque
167 2357 361 2390 dicendi
388 2369 499 2401 neque
523 2357 742 2401 faciendi
763 2358 893 2398 ullum,
926 2357 995 2390 πὶεἰ
1025 2367 1125 2401 quem
1148 2356 1274 2396 vellet,
1305 2357 1420 2388 nosset

33 2415 182 2450 modum.
216 2412 277 2446 ubi
311 2424 346 2445 v.
376 2413 570 2447 Burmann.
604 2418 640 2448 et
674 2415 718 2448 ad
741 2415 880 2448 Petron.
914 2414 990 2448 Sat.
1025 2413 1151 2448 XCIX.
1197 2412 1294 2446 Suet.
1319 2412 1421 2447 Caes.

33 2485 65 2508 c.
94 2471 153 2512 76,
181 2469 257 2502 init.
289 2489 332 2495 —-
368 2471 583 2505 Consuetudo
614 2471 869 2505 substantivum
904 2481 926 2504 a
957 2480 1173 2517 consuescere
1204 2469 1314 2503 verbo
1354 2479 1420 2502 usu

33 2529 152 2574 paullo
176 2527 353 2560 diversum
375 2528 484 2562 fuisse
531 2529 671 2563 cortius
702 2533 796 2562 recte
818 2528 1038 2569 observavit3
1071 2537 1290 2560 consuescere
1325 2524 1421 2558 enim

35 2583 275 2621 tantummodo
300 2584 342 2617 de
365 2596 403 2618 re
426 2586 598 2619 obscoena
623 2585 762 2626 dicitur,
785 2597 819 2619 v.
844 2585 987 2618 Ruhnk.
1012 2584 1058 2617 ad
1082 2583 1166 2617 Ter.
1192 2582 1341 2626 Adelph.
1359 2582 1421 2625 lv,

34 2643 70 2686 5,
88 2643 146 2677 32.
180 2642 387 2675 consuetudo
411 2642 516 2676 etiam
541 2643 583 2676 de
605 2642 751 2676 honesto
774 2642 958 2676 consortio.
1015 2642 1135 2685 Quare
1158 2641 1269 2684 stupri
1292 2639 1421 2684 geniti-

36 2711 121 2743 vus,
152 2698 214 2733 ubi
238 2697 280 2732 de
302 2709 341 2732 re
373 2698 467 2743 turpi
491 2710 606 2735 sermo
638 2703 711 2742 est,
734 2700 940 2744 pleonasmo
963 2702 1069 2735 caret.
1107 2699 1160 2733 cf.
1186 2696 1310 2732 lustin.
1332 2697 1420 2738 vm,

68 2761 137 2831 ιι.
1109 2757 1143 2802 e
