1630 3034
445 166 799 210 IUGURTHA.
862 168 989 211 CAP.
1019 168 1180 213 XVIII.
1427 175 1512 217 115

121 298 193 328 res
237 283 350 327 inter
395 300 442 328 se
480 285 766 328 instituerant..
848 286 1023 330 Nomen
1074 300 1229 329 eorum
1273 288 1503 347 paullatim
1519 295 1569 334 10

121 380 290 439 Libyes
321 394 586 440 corrupere,
623 381 815 424 barbara
843 381 994 440 lingua
1027 380 1215 426 Mauros
1244 396 1328 442 pro
1354 384 1505 431 Medis

121 477 410 547 appellantes,
483 476 576 520 Sed
622 491 692 520 res
738 478 976 521 Persarum
1022 478 1146 521 brew'
1193 479 1418 534 adolevit3
1453 498 1506 526 ac
1520 487 1565 524 11

118 579 277 632 postea
312 572 492 616 nomine
523 573 761 629 Numidae,
795 581 986 633 propter
1014 574 1339 620 multitudinem
1367 593 1393 621 a
1418 593 1506 637 pa-

118 669 313 713 rentibus
356 668 566 728 digressi,
601 670 848 729 possedere
886 686 938 714 ea
973 670 1097 725 loca,
1133 685 1249 728 quae
1284 688 1505 732 proxuma

115 811 305 846 stantivum
337 811 485 856 referri,
520 813 579 847 sed
617 814 660 847 ad
697 814 752 854 id,
787 814 880 857 quod
915 813 951 846 in
989 814 1160 849 sententia
1192 815 1398 858 primarium
1439 821 1501 858 est,

115 872 226 917 (quod
261 872 303 905 de
334 872 389 905 Ιιίο
419 873 622 917 pronomine
644 875 837 908 luculenter
859 879 1059 918 persecutus
1083 879 1134 908 est
1157 876 1237 909 Car.
1263 877 1371 911 Heur.
1400 878 1504 913 Frot-

113 933 215 967 seber
237 933 274 967 in
303 932 403 966 Obss.
427 934 463 967 in
487 934 573 968 Sall.
601 935 641 967 P.
667 935 693 968 1.
727 947 760 978 p.
796 935 874 978 32.)
907 945 1017 978 neque
1057 935 1220 978 Latinos,
1256 938 1383 982 quippe
1417 940 1504 973 recti

113 1004 231 1028 seusus
253 993 291 1027 vi
313 994 481 1036 nitentes,
505 994 750 1039 ambiguitatis
783 995 979 1038 periculum
1004 996 1120 1029 vereri
1150 997 1281 1030 solitos.
1329 998 1505 1033 Nonnulla

112 1056 183 1088 huc
205 1055 369 1089 facientia
385 1056 583 1089 notavimus
615 1056 659 1089 ad
696 1054 799 1089 Catil.
831 1056 991 1097 XLVIII,
1024 1056 1056 1089 1.
1091 1056 1297 1099 quibuscum
1330 1058 1375 1091 ct'.
1411 1059 1505 1093 dicta

112 1116 156 1149 ad
173 1115 250 1160 lug.
278 1116 381 1157 XIV,
406 1116 463 1150 23.
489 1120 523 1150 et
546 1117 590 1149 ad
614 1116 749 1156 XXIV,
773 1115 805 1149 8.
840 1116 973 1149 Eodem
1004 1117 1108 1150 modo
1141 1116 1310 1152 intellexit
1347 1123 1503 1153 nostrum

112 1177 232 1210 Iocum
254 1176 412 1210 Perizon.
437 1177 481 1209 ad
504 1176 620 1209 Sanct.
649 1176 735 1209 Min.
760 1175 813 1216 ΙΙ,
837 1175 881 1216 9,
906 1181 991 1211 extr.
1016 1178 1062 1212 T.
1087 1178 1114 1212 1.
1140 1189 1172 1221 p.
1191 1178 1270 1211 277.
1293 1179 1346 1212 ed.
1372 1180 1502 1214 Bauer.

113 1237 157 1270 cf.
181 1247 287 1279 supra
309 1248 338 1270 c.
365 1237 483 1277 XVII,
507 1236 540 1270 4.
565 1237 625 1270 sed
647 1236 858 1279 Africam
882 1237 917 1269 in
940 1238 1093 1281 Europa.
1121 1238 1185 1270 Ea
1206 1239 1288 1280 finis
1307 1240 1412 1274 habet
1437 1244 1502 1275 etc.

111 1316 158 1321 —
184 1297 254 1330 Pro
282 1299 378 1340 freto
410 1297 542 1331 Wassii
575 1297 651 1330 cod.
678 1296 819 1330 Martia.
854 1297 961 1330 habet
989 1300 1110 1340 fretu,
1147 1298 1239 1340 quod
1271 1298 1333 1332 ille
1356 1300 1498 1343 recepit.

110 1358 218 1392 Istam
254 1357 406 1391 formam
438 1361 641 1400 usurpatam
671 1357 780 1390 fuisse
814 1360 847 1390 et
880 1357 1062 1391 ostendunt
1084 1363 1289 1400 poetarum,
1314 1359 1408 1393 velut
1432 1361 1504 1394 Lu-

82 980 102 995 b

112 1418 233 1459 cretii,
269 1419 444 1461 exempla,
480 1422 514 1452 et
544 1419 770 1452 confirmatur
802 1418 1117 1462 grammaticorum
1147 1418 1377 1460 testimoniis,
1409 1431 1444 1454 v,
1471 1432 1507 1456 c.

111 1477 283 1512 Priscian.
320 1479 387 1518 VI,
418 1479 484 1520 16,
513 1478 570 1513 79.
607 1479 651 1512 Τ.
686 1478 713 1511 Ι.
746 1489 780 1521 p.
816 1477 898 1513 274.
927 1478 981 1512 ed.
1005 1479 1068 1511 Kr.
1101 1477 1195 1520 Quin
1221 1479 1337 1513 Gellio
1361 1484 1504 1514 auctore

109 1538 184 1572 NN.
202 1539 275 1572 ΛΑ.
298 1538 391 1579 xm,
415 1538 472 1572 20.
496 1538 571 1582 ipse
594 1539 719 1572 Cicero
743 1537 777 1570 in
802 1537 899 1571 Verr.
924 1539 965 1579 V,
988 1538 1046 1579 66,
1072 1538 1152 1572 169.
1178 1538 1267 1573 dixit
1288 1534 1504 1585 perangusto

104 1602 251 1643 stetu.
282 1599 396 1633 'Nihil
420 1598 530 1642 igitur
553 1599 687 1639 obstat,
711 1597 896 1641 quominus
920 1598 1128 1632 Sallustium
1153 1609 1292 1641 quoque
1311 1598 1361 1633 ita
1385 1599 1501 1633 dicere

108 1660 262 1704 potuisse
291 1660 482 1694 credamus.
530 1660 601 1694 Sed
624 1671 731 1703 quum
758 1670 846 1692 unus
871 1662 1006 1692 tantum
1030 1658 1128 1700 cod.,
1153 1668 1266 1701 neque
1290 1658 1319 1691 is
1343 1658 1503 1704 insignis,

109 1721 280 1755 rariorem
311 1721 463 1754 formam
496 1722 678 1764 praebeat,
713 1731 791 1753 eam
816 1719 931 1762 potius
955 1730 975 1752 a
1000 1720 1103 1752 docto
1127 1717 1297 1759 librario,
1321 1720 1414 1762 quod
1438 1730 1503 1764 ge-

106 1793 172 1815 nus
188 1781 402 1824 antiquarios
420 1785 558 1821 vocant,
573 1791 680 1824 quam
697 1792 717 1814 a
733 1779 903 1814 Sallustio
917 1780 1108 1823 profectam
1124 1778 1253 1813 iudico.
1280 1778 1422 1812 Fretum
1438 1790 1504 1814 uu-

107 1846 179 1876 tem
196 1842 403 1886 intelligitur
421 1843 645 1876 Gaditanum.
686 1842 791 1885 Quod
804 1852 911 1884 quum
936 1843 1133 1883 opponatur
1153 1839 1244 1872 mari
1266 1849 1408 1883 magno,
1435 1851 1504 1883 quo

107 1907 230 1936 auctor
241 1903 272 1943 ἓ.
287 1901 319 1935 5.
336 1902 469 1936 dixerat
484 1903 609 1936 Persas
625 1914 646 1936 a
662 1902 881 1935 commerciis
896 1900 1092 1944 prohibitos
1106 1899 1226 1940 fuisse,
1243 1898 1292 1932 ita
1306 1899 1505 1942 intelligen-

108 1963 191 1996 dum
207 1967 269 2003 est,
287 1967 325 1995 ut
340 1962 435 1996 notio
462 1974 550 2007 ang
561 1976 583 1995 u
594 1964 661 1996 sti
685 1964 792 1995 maris
808 1962 976 2001 emineat,
1002 1959 1129 2002 quippe
1153 1970 1242 2001 quae
1258 1970 1382 1992 caussa
1398 1960 1505 1994 fuerit

108 2034 228 2056 rerum
252 2022 343 2056 inter
367 2034 405 2055 se
429 2023 686 2056 mutandarum.
721 2024 840 2065 Quare
855 2023 898 2055 ad
926 2031 1052 2054 nexum
1069 2018 1318 2051 sententiarum
1335 2020 1505 2054 Weissius

108 2093 177 2116 nou
192 2083 285 2115 male
301 2083 471 2125 explicat:
498 2084 579 2125 quia
605 2094 655 2115 πο
668 2095 690 2114 n
712 2084 783 2115 nis
798 2084 810 2114 ι’
826 2084 956 2124 freto
972 2081 1075 2114 divisi
1092 2085 1203 2114 erant.
1220 2097 1266 2103 —
1282 2079 1396 2113 verba
1413 2081 1504 2114 inter

109 2154 144 2176 se
160 2153 221 2186 per
238 2142 375 2186 synesin
392 2146 548 2183 spectant
564 2142 605 2175 ad
623 2143 1002 2185 nomenffh‘spanorum
1016 2164 1025 2181 ,
1063 2140 1153 2182 quod
1171 2140 1257 2172 latet
1273 2139 1306 2172 in
1323 2140 1505 2183 Hispania

110 2202 160 2244 (v.
189 2202 234 2235 ad
261 2203 335 2235 Cat.
365 2202 525 2242 XXXIX,
550 2201 583 2235 3.
613 2214 644 2245 p.
672 2202 795 2245 183.);
823 2213 891 2244 quo
914 2202 963 2240 fit,
988 2204 1025 2232 ut
1048 2200 1274 2233 instituerant
1297 2211 1365 2234 non
1388 2202 1502 2236 solum

110 2261 231 2296 Medos
249 2265 282 2295 et
299 2262 492 2305 Armenios,
507 2263 568 2296 sed
583 2262 689 2295 etium
704 2262 881 2305 Hispanos
897 2258 1091 2295 subiectum
1109 2259 1250 2292 habeat.

202 2381 235 2422 §.
262 2379 317 2412 11.
367 2379 504 2413 nominc
532 2377 722 2421 Numidae]
745 2376 901 2412 Pessime
925 2375 1095 2408 Gruterus
1121 2385 1162 2407 ex
1185 2374 1386 2410 coniectura
1410 2375 1505 2411 dedit

110 2439 462 2480 Nemo-Numidae,
499 2440 591 2482 quod
626 2442 661 2472 et
695 2438 731 2472 in
755 2435 1006 2479 naver-campi}
1041 2433 1192 2468 editione
1225 2436 1411 2479 repetitum
1443 2440 1505 2470 est.

108 2501 228 2544 Longe
262 2501 404 2543 plurimi
438 2499 519 2533 libri
551 2499 586 2532 in
617 2503 757 2542 recepta
793 2497 966 2539 scriptura
998 2496 1230 2538 consentiunt,
1254 2496 1317 2530 alii
1341 2495 1410 2529 levi
1435 2496 1506 2530 dis-

109 2560 288 2604 crepantia
322 2562 460 2594 nomine
493 2560 679 2593 Numidiae
710 2558 887 2602 praebent.
934 2558 986 2590 Ac
1018 2567 1142 2590 verum
1173 2567 1250 2590 esse
1272 2557 1408 2590 nomine
1432 2556 1505 2590 iam

111 2621 249 2655 eortius
271 2633 314 2656 eo
339 2621 600 2660 demonstravit,
625 2619 717 2663 quod
744 2618 779 2651 in
805 2618 922 2650 Guels.
947 2618 1004 2651 10.
1030 2616 1183 2660 itemque
1206 2616 1241 2649 in
1266 2616 1362 2650 Leid.
1387 2616 1429 2650 F.
1454 2619 1507 2651 est

109 2683 245 2715 nomine
268 2688 447 2716 mutato
471 2681 663 2718 ‚Numidam-
689 2679 722 2711 in
747 2678 842 2712 Leid.
861 2677 901 2710 A.
920 2681 953 2712 et
969 2678 1020 2713 M.
1044 2678 1122 2711 sub
1143 2678 1280 2711 nomine
1308 2677 1509 2717 Numidae;

109 2742 146 2775 iu
173 2742 254 2776 Seu.
291 2743 322 2777 1.
358 2744 410 2777 de
436 2745 571 2776 nornine
600 2743 727 2779 ,wumq
759 2740 794 2773 in
826 2738 934 2774 Acad.
972 2738 1049 2772 Vin.
1082 2737 1115 2772 2.
1141 2743 1176 2771 et
1209 2737 1348 2773 vratisl.
1373 2738 1407 2772 2.
1431 2737 1508 2772 sub

1143 2809 1224 2852 8*
