1630 3034
418 176 780 220 IUGURTHA
841 165 981 221 CAR
1001 179 1089 221 cn.
1358 184 1445 225 545

55 309 190 353 quam
231 293 483 337 fidissumos
529 293 589 336 ad
629 310 731 338 eum
775 295 993 349 mitteret3
1036 296 1151 340 velle
1188 296 1246 340 (le
1282 312 1362 341 suo
1399 305 1444 342 et

54 391 113 435 de
147 391 305 451 populi
340 390 534 434 Romani
570 391 810 435 commodo
846 407 946 436 cum
982 393 1016 436 is
1058 393 1288 437 disserere.
1358 371 1476 444 ltle3

52 489 198 533 statim
242 487 296 530 L.
347 486 518 530 Sullam
576 494 620 531 et
664 489 721 535 A.
766 487 985 533 Manlium
1041 491 1105 534 ire
1162 490 1312 544 iubet3
1367 492 1444 550 qui

54 599 326 644 quamquam
373 584 502 627 acciti
546 585 690 641 ibant,
736 591 885 629 tamen
930 587 1100 645 placuit
1143 588 1280 631 verba
1320 589 1442 648 apud

52 697 210 742 regem
244 682 422 735 facere,
468 681 529 724 uti
575 682 800 741 ingenium
845 688 919 725 aut
955 697 1160 726 avorsum
1197 684 1441 742 flecterent,

50 832 119 854 non
150 820 282 865 legitur
311 821 346 854 in
369 820 457 856 Tur,
483 820 516 854 1.
540 819 659 862 Misn.;
683 832 788 864 quam
813 821 922 862 male,
956 819 1130 866 intelliges
1156 832 1196 855 ex
1220 823 1443 859 annotatione

2 879 9 882 ”
49 879 94 912 ad
119 879 224 912 Catil.
249 892 277 913 c.
303 882 427 924 XLIX,
451 881 484 917 l.
510 893 544 925 p.
573 881 650 915 226.
676 887 711 915 et
736 883 779 915 ad
804 883 880 925 Iug.
918 892 946 914 e.
975 881 1068 922 XIII,
1092 881 1125 914 3,
1143 902 1187 906 —
1217 884 1299 917 Cum
1325 886 1354 918 is
1377 896 1441 918 ex-

47 939 148 974 hibet
172 942 317 975 Eccard.
341 943 460 976 Guelf.
485 943 519 976 6.
545 942 662 983 Misn„
688 955 715 976 c.
742 944 800 977 iis
824 942 935 976 Paris.
959 953 1003 983 z.,
1029 943 1134 975 ceteri
1159 955 1233 976 cum
1259 944 1324 988 his,
1350 945 1441 988 quod

49 1000 258 1035 Gerlachius
291 1001 326 1035 in
360 1008 507 1047 utraque
542 1004 595 1038 ed.
621 1003 763 1047 recepit.
812 1004 863 1037 De
893 1003 922 1036 is
958 1014 1021 1046 pro
1057 1003 1099 1036 iis
1127 1015 1157 1037 v.
1193 1016 1300 1048 supra
1340 1006 1385 1039 ad
1409 1018 1439 1039 c.

47 1061 157 1103 xvii,
182 1062 215 1095 2.
242 1074 276 1105 p.
299 1063 378 1098 101.

140 1123 174 1166 ς.
198 1123 221 1156 3
237 1128 270 1156 et
289 1123 322 1158 4.
357 1126 435 1170 Ille]
494 1126 548 1159 De
572 1137 636 1159 usu
659 1124 766 1158 huius
790 1124 1003 1167 pronominis
1026 1137 1059 1161 v,
1085 1128 1248 1160 annotata
1272 1126 1316 1160 ad
1335 1127 1439 1162 Catil.

48 1194 78 1218 c.
103 1184 209 1226 XLV,
234 1184 267 1218 2.
291 1196 324 1228 p.
348 1185 428 1220 205.
456 1191 489 1220 et
513 1187 556 1220 ad
580 1187 656 1230 lug.
682 1197 711 1218 c.
736 1185 825 1226 LIX,
849 1184 881 1218 3.
915 1205 962 1210 —
993 1186 1107 1220 Verba
1142 1198 1355 1231 quamquam
1379 1199 1440 1221 ac-

48 1232 109 1278 ciii
131 1245 229 1280 ibant
252 1247 402 1289 pessime
434 1247 560 1291 accipit
592 1246 768 1290 IVeisius,
801 1251 990 1280 annotans:
1025 1259 1070 1281 sc.
1108 1248 1151 1282 ab
1185 1259 1290 1293 rege,
1323 1249 1374 1281 ita
1399 1252 1438 1282 ut

48 1316 441 1350 supervacaneum
467 1308 735 1348 videretur,
760 1308 868 1351 regi
888 1318 1044 1351 pacem
1070 1308 1276 1342 suadere.
1323 1307 1438 1342 Nimi-

46 1377 126 1400 rum
151 1368 273 1412 legati,
297 1379 512 1412 quamquam
537 1368 652 1410 acciti,
675 1369 784 1402 verba
808 1367 984 1402 faciebant
1008 1369 1099 1412 apud
1123 1380 1257 1414 regem,
1282 1369 1365 1413 quia
1387 1370 1439 1404 ita

45 1428 246 1471 postulabat
268 1429 432 1463 maiestas
455 1429 575 1473 populi
602 1428 776 1471 Romani,
812 1429 868 1462 vel
899 1429 1034 1473 potius,
1059 1429 1141 1472 quia
1166 1441 1241 1463 mos
1265 1433 1340 1463 erat
1364 1430 1439 1463 Ro-

45 1489 159 1523 manis
183 1489 313 1533 ubique
333 1489 492 1522 dominos
515 1500 622 1534 agere
647 1490 876 1532 omnibusque
902 1489 1046 1533 regibus
1070 1489 1152 1533 quid
1176 1490 1243 1533 ipsi
1264 1490 1341 1523 fieri
1365 1490 1438 1524 vel-

43 1549 117 1584 lent
140 1550 388 1594 praescribere.
413 1569 458 1573 —
490 1549 543 1584 Ad
566 1551 701 1594 placuit
723 1562 790 1584 non
814 1550 1046 1594 supplendum
1069 1553 1121 1584 est
1143 1551 1282 1592 iis,'sed
1308 1551 1437 1593 Mario,

46 1610 146 1644 cuius
178 1610 326 1645 arbitrio
357 1611 447 1644 haec
479 1611 702 1656 gerebantur.
751 1611 834 1645 Inde
866 1622 927 1654 per
951 1623 988 1645 se
1012 1614 1127 1655 patet,
1161 1622 1269 1654 quum
1294 1622 1437 1646 accusa-

45 1670 139 1705 tivus
161 1671 311 1705 subiecti
332 1671 441 1715 desit,
475 1668 543 1715 quo
578 1671 693 1717 legati
715 1671 827 1704 verba
851 1671 980 1704 facturi
1005 1671 1264 1716 significentur,
1298 1670 1438 1715 proprie

43 1742 112 1765 non
138 1731 209 1765 dici
233 1732 393 1767 debuisse
412 1734 488 1778 qui
512 1746 544 1778 q.
571 1745 606 1767 α.
631 1733 772 1774 ibant,
796 1737 914 1766 tamen
936 1733 1117 1777 placuit
1141 1737 1219 1773 etc„
1240 1732 1298 1765 sed
1315 1743 1436 1777 quos,

45 1804 79 1837 q.
104 1804 140 1827 a.
166 1793 226 1836 ib„
250 1798 276 1827 t.
308 1795 428 1838 plac.
458 1793 527 1827 Sed
561 1794 690 1827 omisso
723 1793 759 1826 in
792 1793 1035 1827 enunciatione
1067 1792 1271 1826 secundaria
1295 1793 1438 1825 demon-

43 1852 190 1886 strativo
213 1855 438 1898 pronomine,
471 1855 598 1899 quippe
621 1854 713 1898 quod
737 1853 772 1887 iu
803 1854 903 1888 ibant
934 1854 1044 1887 verbo
1078 1854 1206 1893 lateat,
1237 1852 1438 1894 relativum,

45 1913 138 1956 quod
162 1913 206 1947 ad
233 1913 439 1957 primariam
464 1915 741 1949 enunciationem
766 1915 940 1959 pertinere
971 1915 1142 1955 debebat,
1172 1924 1234 1956 per
1257 1912 1438 1947 attractio-

44 1985 126 2007 nem
150 1985 191 2007 eo
226 1985 320 2014 casu,
349 1986 452 2018 quem
486 1975 797 2009 demonstrativum
830 1975 1013 2018 poscebat,
1055 1974 1208 2017 positum
1239 1977 1308 2015 est,
1345 1974 1438 2017 quod

45 2038 242 2068 structurae
267 2046 377 2078 genus
400 2035 541 2068 uberius
565 2036 819 2070 illustravimus
843 2035 886 2069 ad
912 2046 943 2069 c.
968 2035 1092 2075 XCIII,
1116 2033 1150 2069 7.
1178 2054 1223 2058 -
1248 2035 1362 2068 Verba
1387 2035 1439 2069 uti

44 2095 224 2140 ingenium
249 2100 311 2129 aut
335 2106 493 2128 aversum
512 2098 705 2139 flecterent,
731 2097 800 2130 hoc
830 2095 950 2129 ordine
976 2095 1188 2138 scripsimus,
1212 2105 1280 2137 quo
1304 2098 1440 2129 exstant

44 2155 81 2189 in
105 2156 342 2200 compIuribus
366 2156 464 2189 codd.
491 2157 648 2200 Grutcri,
672 2159 822 2191 fortasse
841 2157 946 2190 etiam
967 2155 1107 2198 IVassii,
1133 2155 1294 2189 omnibus
1317 2155 1439 2189 Leidd.

45 2222 186 2260 excepto
211 2217 255 2250 K.
280 2221 314 2251 et
338 2218 401 2258 M„
426 2222 472 2259 et,
497 2217 527 2250 si
555 2218 694 2251 Cottius
718 2229 837 2251 omnes
861 2228 941 2251 suos
965 2217 1130 2260 inspexit,
1156 2216 1191 2250 in
1216 2217 1318 2250 Rem.
1345 2216 1377 2249 1.
1402 2216 1438 2250 2.

47 2277 166 2310 Guelf.
195 2276 228 2311 8.
252 2277 285 2311 9.
311 2277 368 2310 10.
394 2277 450 2311 11.
476 2277 531 2311 12.
558 2277 638 2311 Seu.
661 2278 693 2312 2.
720 2279 845 2312 Heuss.
873 2277 978 2310 Acad.
1005 2278 1100 2310 Vrat.
1124 2277 1155 2310 1.
1180 2276 1213 2309 3.
1248 2277 1289 2309 In
1315 2275 1438 2310 ceteris

43 2337 134 2372 haec
158 2338 256 2371 varie
280 2339 422 2372 turbata
447 2342 548 2379 sunt,
572 2350 660 2381 quae
684 2350 807 2373 caussa
831 2338 907 2377 fuit,
934 2349 996 2371 cur
1020 2336 1168 2377 Cottius,
1193 2347 1295 2379 quem
1320 2346 1439 2370 omnes

44 2398 158 2432 secuti
181 2403 272 2439 sunt,
296 2409 337 2431 ex
361 2397 481 2441 paucis
504 2399 604 2432 Rivii
628 2400 728 2433 codd.
754 2400 871 2433 ederet
898 2399 1076 2443 ingenium
1105 2401 1165 2430 aut
1190 2407 1350 2428 avorsum
1373 2395 1439 2429 uti

41 2460 242 2503 flecterent,
281 2458 441 2501 opinatus
474 2471 592 2493 omnes
623 2459 874 2504 discrepantias
905 2470 947 2491 ex
977 2457 1117 2490 insolito
1142 2456 1336 2500 particuIae
1359 2457 1439 2489 loco

45 2518 238 2563 prodiisse3
264 2519 354 2562 quod
379 2518 529 2552 muttum
553 2531 574 2553 a
599 2532 683 2553 vero
708 2521 884 2554 abhorret.
933 2519 1135 2552 Turbarum
1162 2517 1252 2550 enim
1278 2517 1355 2550 sons
1379 2515 1439 2550 hic

47 2582 111 2620 est,
138 2579 229 2622 quod
253 2580 306 2612 uti
328 2579 400 2612 iam
424 2585 561 2613 mature
586 2592 668 2613 casu
693 2579 841 2617 excidit;
879 2579 974 2612 deest
998 2579 1088 2611 enim
1117 2578 1151 2610 in
1176 2577 1317 2611 Fabric.
1343 2579 1376 2613 1.
1403 2577 1438 2611 2.

48 2637 130 2672 Bas.
158 2640 188 2673 l.
215 2639 305 2684 Teg.
334 2640 449 2672 Struv.
478 2640 554 2675 Vin.
581 2640 612 2673 2.
641 2639 720 2672 Sen.
748 2639 781 2673 l.
808 2638 947 2671 Vratisl.
972 2638 1003 2671 2.
1031 2638 1175 2671 Eccard.
1203 2638 1321 2671 GueIf.
1348 2639 1378 2670 l.
1404 2637 1439 2669 2.

47 2697 83 2731 4.
109 2698 143 2732 6.
171 2699 257 2732 Tur.
283 2701 314 2733 l.
343 2699 455 2733 Paris.
479 2701 514 2733 b.
543 2711 572 2733 c.
598 2712 632 2735 x.
657 2712 686 2733 z.
719 2700 890 2732 nonnullis
915 2699 1040 2732 Patatt.
1058 2702 1093 2731 et
1108 2698 1216 2733 ltalia.
1242 2698 1336 2731 Tum
1353 2697 1440 2730 scri-

48 2757 138 2799 bae,
172 2770 280 2802 quum
303 2761 460 2794 viderent
487 2761 583 2796 finali
613 2762 788 2806 particula
815 2771 901 2805 opus
925 2770 1016 2800 esse,
1048 2764 1086 2792 ut
1113 2758 1228 2792 versui
1250 2757 1442 2802 superscri-

121 2830 176 2874 11.
932 2820 938 2825 ¹
1096 2827 1162 2873 35
