1630 3034
109 149 194 188 44⁰
473 137 519 182 C.
549 137 1134 182 SALLUSTICRISPI

112 259 282 304 Marius
326 261 403 300 aut
443 256 550 300 belli
594 271 727 301 usum
771 262 849 300 aut
892 255 1038 300 studia
1080 257 1205 317 volgi
1249 256 1498 301 amissurus.
1562 272 1565 273 ⁷

115 356 211 402 Sed
243 370 298 399 ea
331 369 402 398 res
431 353 597 398 frustra
631 359 833 415 sperata3
868 358 990 397 tanta
1024 353 1181 398 lubido
1218 368 1322 398 cum
1356 352 1502 397 Mario

118 545 168 580 iil.
190 545 261 586 lv,
282 543 339 578 42.
383 542 464 583 Οἷς
500 537 570 578 οὖν
607 537 663 588 ἦν
704 541 1041 591 βουλομὲγοις
1068 541 1227 579 Τύλλιον
1258 541 1422 579 ἐκπεσεῖν
1444 541 1512 587 τῆς

121 605 249 652 ἀρχῆς.
286 604 420 638 Eodem
440 605 544 648 plane
566 605 671 639 modo
695 604 922 650 Thucydides
947 605 1005 646 vl,
1029 603 1087 638 46.
1112 604 1219 638 etiam
1243 604 1327 639 dicit
1349 605 1406 649 τῷ
1432 604 1476 638 N
1482 615 1513 638 ι-

121 668 204 714 κίᾳ
234 663 616 712 προσδεχομένῳ
651 660 710 711 ἦν
733 663 780 701 τοὶ
803 664 886 710 περὶ
909 666 985 700 τῶν
1005 661 1236 710 Ἐγεσταίων.
1282 666 1399 699 Ubere
1421 665 1516 698 hauc

124 732 337 764 structuram
360 726 551 762 illustravit
573 727 663 773 Aug.
684 725 857 761 Matthias
879 725 916 761 in
936 727 1096 760 Gramm.
1123 727 1185 760 Gr.
1208 726 1318 770 ampl.
1343 728 1374 768 §.
1391 724 1473 760 388.
1486 736 1516 759 e.

124 803 160 836 p.
186 789 268 824 712.
294 790 348 825 ed.
370 789 414 823 11.
462 788 543 823 Alia
573 789 760 833 praebent,
792 797 879 831 quos
913 787 1136 821 Hermannus
1169 787 1213 821 ad
1235 787 1354 832 Viget.
1379 798 1413 830 p.
1436 786 1520 821 739.

126 865 161 887 n.
187 850 269 885 181.
293 850 426 893 laudat,
451 849 563 884 Koen.
589 849 634 884 ad
662 849 770 893 Greg.
796 848 876 881 Cor.
901 860 934 892 p.
953 848 1034 883 376.
1050 849 1105 883 ed.
1129 847 1272 883 Schaef.
1295 851 1330 882 et
1353 847 1520 881 Valcken.

129 913 173 947 ad
198 912 372 946 Herodot.
406 911 507 953 VIII,
530 910 611 945 101.
658 910 716 944 Ex
740 909 875 945 Latinis
897 910 969 943 huc
992 910 1163 954 pertinent
1185 908 1274 944 Sall.
1307 909 1385 952 Iug.
1418 907 1458 950 C,
1483 906 1519 941 4.

140 973 297 1018 Vigilias
320 973 393 1017 ipse
417 971 609 1015 circumire,
632 972 685 1006 uti
709 970 889 1004 militib
903 982 952 1003 us
977 976 1190 1015 exaequatus
1213 980 1289 1004 cum
1311 970 1522 1013 imperatore

131 1035 264 1068 labos
298 1033 574 1069 volentibus
606 1021 739 1067 Esset.
778 1030 855 1065 Liv.
886 1031 991 1072 XXI,
1023 1029 1082 1073 50,
1117 1030 1172 1063 10.
1222 1031 1365 1064 Grande
1388 1030 1526 1074 pericu-

132 1096 204 1129 lum
228 1094 415 1129 maritimis
449 1093 650 1128 civitatibus
679 1104 752 1126 esse
785 1097 819 1127 et
851 1092 1132 1137 quibusdam
1163 1092 1430 1126 volentibus
1459 1102 1526 1133 no-

134 1168 215 1190 vas
244 1167 321 1190 res
344 1158 468 1199 sore.
491 1153 610 1188 Tacit.
637 1153 726 1187 Ann.
749 1154 779 1195 I,
804 1153 861 1197 59,
884 1154 917 1189 1.
972 1154 1015 1188 Ut
1039 1154 1294 1198 quibusque
1316 1153 1442 1187 bellum
1465 1151 1530 1186 in-

135 1217 258 1251 vitis
291 1223 373 1250 aut
407 1215 714 1260 cupientibus
743 1219 857 1249 erat.
880 1214 1095 1259 Histor.111‚
1117 1214 1175 1256 43,
1199 1215 1292 1248 med.
1339 1215 1530 1249 Maturo

137 1278 402 1323 ceterisque
433 1287 613 1310 remanere
654 1276 926 1311 volentibus
959 1276 1072 1319 suit.
1105 1275 1224 1321 Agric.
1255 1288 1285 1310 c.
1316 1276 1450 1317 xvm,
1481 1274 1531 1309 in.

141 1339 317 1382 Quibus
356 1338 481 1380 bellum
515 1337 792 1372 volentibus
835 1340 951 1372 erat.
983 1337 1142 1371 Macrob.
1178 1336 1321 1371 saturn.
1344 1337 1381 1378 1,
1411 1336 1446 1371 7.
1493 1336 1533 1370 Sa·

139 1399 417 1433 volentibus
449 1398 579 1449 vobis
621 1398 730 1440 erit,
763 1399 855 1432 diem
880 1397 1016 1443 sabulis
1047 1402 1083 1432 et
1117 1398 1227 1442 epulis
1263 1399 1454 1444 exigamus.
1486 1397 1534 1432 id.

141 1461 230 1497 ibid.
255 1461 300 1502 11,
325 1460 360 1501 3,
385 1463 472 1494 extr.
523 1459 574 1492 Si
605 1460 878 1493 volentibus
910 1459 1036 1493 vobis
1065 1460 1177 1501 erit,
1201 1460 1321 1505 aliqua
1344 1460 1418 1494 eius
1440 1461 1536 1494 rela-

141 1528 241 1557 turus
276 1532 363 1555 snm.
396 1520 463 1562 Vl,
487 1518 532 1561 6,
565 1519 613 1553 in.
669 1520 844 1566 Figuras,
884 1521 914 1554 si
945 1521 1219 1555 volentibus
1257 1522 1390 1555 vobis
1436 1521 1536 1564 erit,

144 1586 360 1618 enumerato.
408 1580 480 1615 Sed
503 1580 548 1614 ad
570 1580 678 1614 huius
702 1581 837 1614 dicendi
856 1579 995 1626 generis
1017 1585 1180 1615 naturam
1204 1582 1447 1626 explicandam
1471 1592 1538 1616 non

144 1642 276 1678 sufficit
308 1642 352 1676 ad
388 1642 526 1675 Graeca
564 1653 794 1685 provocasse,
829 1653 899 1685 quo
939 1642 1090 1676 contenti
1121 1642 1220 1676 fuere
1252 1654 1392 1685 omnes,
1430 1643 1540 1677 etiam

144 1703 335 1738 Walchius
362 1703 406 1737 ad
440 1701 631 1747 Agricolae
666 1703 691 1736 1.
716 1703 741 1736 l.
766 1715 801 1747 p,
826 1702 920 1744 239„
945 1702 1004 1746 qui
1027 1713 1095 1736 non
1120 1708 1300 1747 perspecta
1323 1715 1463 1738 summa
1487 1703 1540 1737 rei

146 1775 306 1799 caussam
340 1766 538 1798 structurae
565 1763 602 1797 in
632 1764 742 1798 verbo
773 1764 861 1798 velle
893 1761 1051 1807 quaerit,
1080 1775 1264 1807 perperam
1297 1764 1368 1798 huc
1398 1765 1541 1799 trahens

150 1836 229 1859 eam
253 1828 484 1864 structuram,
509 1836 614 1868 quam
639 1825 836 1859 Palmerius
859 1836 901 1858 ex
925 1824 1124 1859 coniectura
1147 1825 1263 1860 intulit
1284 1826 1364 1870 lug.
1382 1825 1542 1868 LXXIII,

150 1885 199 1927 3.,
223 1896 287 1919 nos
317 1885 570 1929 explicabimus
604 1886 648 1920 ad
673 1887 819 1930 Fragm.
844 1884 979 1918 Histor.
1013 1885 1080 1927 lv,
1105 1885 1163 1922 17.
1197 1886 1293 1920 Gerl.
1340 1885 1460 1930 Neque
1484 1897 1543 1920 ve-

150 1958 230 1981 rum
250 1945 367 1992 tetigit
390 1947 481 1992 Aug.
507 1947 709 1982 Grotefend.
743 1946 779 1980 in
805 1946 966 1979 Gramm.
989 1945 1065 1979 Lat.
1089 1946 1198 1990 ampl.
1230 1947 1307 1980 Vol.
1333 1947 1380 1983 11.
1406 1960 1440 1992 p.
1464 1946 1545 1983 354.

153 2010 186 2051 §.
218 2006 298 2041 444.
332 2011 404 2044 not.
436 2008 729 2043 constructionem
761 2008 805 2042 ad
843 2006 1020 2042 ablativos
1054 2007 1235 2042 absolutos
1264 2019 1446 2043 revocans.
1492 2009 1547 2043 Aa

154 2069 399 2104 attractionem
434 2070 611 2114 quandam
642 2070 732 2104 haec
766 2069 942 2103 referebat
972 2068 1222 2104 Boetticherus
1252 2069 1288 2104 in
1324 2069 1407 2103 Lex.
1432 2069 1548 2106 Tacit'.

154 2140 188 2163 v.
214 2130 382 2175 Particip.
408 2142 441 2166 n.
465 2129 499 2164 6.
533 2143 567 2175 p.
592 2131 662 2165 343
686 2143 751 2175 sq.‚
785 2141 935 2175 eamque
967 2130 1140 2164 rationem
1173 2142 1234 2164 nos
1251 2129 1331 2174 ipsi
1365 2142 1478 2175 nuper
1512 2130 1549 2165 in

153 2189 272 2224 Iahnii
296 2190 405 2224 Novis
428 2191 569 2227 Annali.
593 2192 723 2226 Philol.
760 2195 794 2226 et
826 2192 979 2236 Paedag.
1004 2201 1037 2227 a.
1061 2190 1164 2226 1832.
1191 2192 1268 2225 Vol.
1294 2192 1337 2225 11.
1364 2192 1466 2226 Fasc.
1491 2193 1549 2228 lv.

155 2251 307 2294 amplexi
345 2256 380 2286 et
413 2252 557 2286 uberius
597 2253 773 2297 persecuti
804 2264 945 2294 sumus,
982 2263 1090 2296 quam
1123 2253 1252 2286 falsam
1286 2263 1362 2287 esse
1395 2264 1464 2287 non
1488 2265 1548 2298 pu·

157 2312 215 2346 det
242 2313 416 2357 profiteri,
448 2325 532 2348 vero
566 2317 688 2357 postea
719 2315 871 2349 invento.
920 2314 1010 2349 Nam
1043 2315 1077 2347 et
1111 2313 1240 2348 Graeci
1274 2317 1307 2348 et
1331 2314 1446 2348 Latini
1470 2326 1553 2349 usus

157 2372 250 2407 ratio
274 2385 315 2408 eo
350 2377 511 2418 constat,
547 2375 640 2418 quod
673 2375 822 2408 verbum
853 2386 925 2409 csse
958 2375 1015 2407 vel
1048 2373 1125 2409 εῖν
1140 2388 1190 2410 αι
1224 2386 1292 2409 non
1315 2376 1458 2420 copulae
1480 2375 1554 2409 vim

158 2433 286 2474 habet,
319 2446 430 2478 neque
460 2447 544 2479 pars
576 2435 772 2480 praedicati
797 2439 868 2478 est,
901 2435 973 2469 alio
996 2434 1136 2469 nomine
1157 2435 1321 2470 adiuncto
1344 2435 1553 2480 complendi,

160 2494 218 2527 sed
244 2495 484 2537 praedicatum
509 2496 647 2540 ipsum,
672 2497 850 2541 integrum
874 2500 981 2540 atque
1004 2497 1166 2540 plenum,
1200 2496 1331 2541 quippe
1355 2509 1423 2541 quo
1446 2508 1553 2530 enun-

162 2554 272 2588 cietur
298 2556 429 2599 aliquid
455 2562 615 2599 exstare,
638 2557 715 2591 sive
740 2559 850 2591 locum
874 2558 1012 2592 habere.
1061 2558 1139 2592 Iam
1163 2558 1192 2592 si
1218 2559 1340 2601 aliqua
1362 2569 1440 2601 res,
1465 2569 1555 2601 quae

163 2614 291 2649 dicitur
309 2616 538 2660 ·simpliciter
575 2623 730 2660 exstare,
774 2619 817 2652 ad
851 2619 1010 2652 dativum
1045 2630 1211 2662 personae
1255 2631 1335 2653 cum
1368 2618 1555 2663 participio

164 2675 264 2710 verbi
294 2677 482 2712 voluntatis
514 2678 738 2713 coniunctum
773 2680 944 2722 refertur,
986 2692 1028 2714 eo
1066 2680 1206 2724 proprie
1235 2679 1457 2725 significatur
1489 2691 1555 2714 ex-

169 2742 300 2773 stare
336 2737 434 2772 illam
468 2750 542 2773 rem
582 2746 801 2785 respectu
835 2741 1003 2784 alicuius,
1034 2742 1094 2787 qui
1125 2753 1203 2777 eam
1235 2742 1341 2784 velit,
1373 2741 1398 2777 ἰ.
1431 2752 1463 2775 e.
1495 2740 1558 2776 tali
