1630 3034
434 161 801 206 IUGURTHA.
862 161 991 206 CAP.
1021 163 1156 206 XCII.
1392 169 1480 211 487

92 281 249 326 milites
295 279 505 340 praedari
556 278 711 324 sinere.
786 278 917 334 Quae
967 288 1204 340 postquam
1259 266 1510 342 oppiilani5

90 392 365 438 cognovere,
410 392 481 420 res
526 375 752 436 trepidae,
799 379 942 421 metus
979 377 1162 437 ingens,
1191 378 1358 422 malum
1388 379 1475 424 im-

88 475 340 536 provisum,
377 473 437 517 ad
475 473 565 517 hoc
600 488 705 533 pars
742 474 902 518 civium
939 480 1061 518 extra
1097 476 1273 519 moenia
1306 476 1352 520 in
1385 477 1474 522 ho-

89 574 220 617 stium
266 576 516 631 potestate,
561 585 778 630 coegere,
823 571 911 614 uti·
939 570 1214 615 deditionem
1258 572 1472 617 facerent.

86 669 298 715 Ceterum
344 657 568 727 oppidum
614 667 866 723 incensum,
906 668 1128 712 Numidae
1163 670 1359 729 puberes
1403 670 1510 714 in-6

83 767 282 823 terfecti,
327 765 401 808 alii
437 779 591 808 omnes
637 764 915 820 venumdati,
954 765 1126 824 praeda
1155 767 1363 810 militibus
1399 766 1470 810 di-

85 865 190 908 visa.
259 862 314 906 ld
349 862 520 906 facinus
557 838 710 905 contra
747 862 813 906 ius
849 862 955 906 belli
986 877 1076 905 non
1111 863 1290 906 avaritia
1319 864 1504 922 neque7

83 962 255 1007 scelere
288 960 480 1004 consulis
517 959 782 1013 admissum
819 959 901 1003 sed
928 960 1032 1017 quia
1067 960 1190 1003 locus
1226 959 1469 1020 Iugurthae

82 1063 388 1122 opportunus,
439 1056 569 1100 nobis
617 1057 739 1100 aditu
784 1056 1000 1111 difficilis,
1052 1072 1194 1116 genus
1236 1057 1468 1101 hominum

79 1156 274 1212 mobile,
310 1154 499 1198 infidum
535 1159 663 1211 ante,
709 1168 854 1211 neque
897 1154 1118 1198 beneficio
1164 1170 1310 1213 neque
1345 1162 1468 1199 metu

80 1252 334 1297 coercitum.

213 1349 357 1395 XCII.
427 1347 670 1404 Postquam
702 1351 867 1389 tantam
902 1361 999 1390 rem
1038 1346 1207 1390 Marius
1245 1346 1337 1392 sine
1374 1347 1466 1392 ullo

76 1461 259 1492 suorum
303 1442 591 1489 incommodo
635 1444 855 1503 patravit,
899 1457 1089 1503 magnus
1136 1450 1272 1503 atque
1320 1445 1464 1488 clarus

73 1607 165 1642 Plin.
197 1607 246 1642 H.
277 1605 320 1640 N.
356 1604 493 1650 xxm,
515 1602 557 1646 8,
599 1601 657 1637 79.
706 1603 858 1637 Arbutus
889 1604 1042 1637 fructum
1079 1604 1148 1638 fert
1182 1604 1360 1648 difficilem
1385 1616 1464 1637 con-

73 1669 239 1708 coctioni,
275 1665 300 1700 i.
332 1677 363 1699 e.
397 1668 556 1698 concocta
591 1663 708 1707 (cuius
732 1663 870 1708 generis
893 1664 995 1708 plura
1024 1665 1184 1708 exempla
1207 1665 1352 1699 contulit
1375 1666 1463 1699 Dra-

72 1728 261 1763 kenborch.
295 1726 339 1760 ad
372 1725 450 1760 Liv.
480 1724 593 1766 XLV,
618 1725 676 1768 29,
698 1724 775 1769 2.),
810 1729 884 1759 tum
910 1726 1004 1769 quod
1028 1726 1229 1769 saepissime
1252 1737 1316 1770 pro
1340 1726 1462 1769 supino

72 1789 121 1823 ud
146 1801 174 1823 c.
207 1799 319 1822 accus.
352 1786 517 1832 gerundii
552 1786 796 1828 substituitur-3
830 1791 991 1820 neutrum
1025 1787 1118 1821 enim
1152 1787 1229 1821 fieri
1262 1791 1394 1830 posset,
1432 1787 1461 1820 si

71 1849 220 1884 ablativi
251 1852 405 1892 potestas
437 1846 473 1880 in
506 1846 630 1890 supino
662 1847 810 1887 inesset3
836 1853 967 1891 quanta
991 1854 1109 1882 autom
1133 1860 1250 1882 sensus
1269 1847 1462 1882 similitudo

71 1911 161 1944 inter
205 1910 365 1943 dativum
397 1912 432 1941 et
474 1907 714 1941 accusativum
748 1918 827 1940 cum
860 1909 909 1941 ad
945 1909 1206 1953 praepositione
1238 1908 1460 1941 coniunctum

70 1970 286 2012 intercedat,
311 1980 380 2001 non
405 1972 456 2001 est
480 1968 572 2010 quod
597 1972 801 2008 moneatur,
827 1979 860 2003 v.
897 1970 1036 2013 Zumpt.
1063 1971 1220 2003 Gramm.
1246 1970 1320 2003 Lat.
1347 1971 1378 2011 ἓ.
1402 1969 1459 2010 72,

70 2030 105 2065 2.
134 2029 302 2064 nativum
325 2027 452 2071 supini,
477 2032 643 2070 quantum
669 2029 761 2070 scin,
785 2029 880 2063 solus
911 2030 1056 2074 agnovit
1078 2030 1301 2063 Kaereherus
1325 2029 1359 2062 in
1382 2030 1461 2063 lah-

69 2090 121 2125 nii
144 2091 282 2124 Annali.
314 2089 446 2122 Philol.
471 2092 505 2122 et
537 2088 691 2134 Paedag.
724 2101 757 2124 a.
782 2090 885 2127 1826.
915 2091 992 2123 Vol.
1017 2090 1045 2126 Ι,
1079 2091 1176 2124 Fasc.
1206 2091 1232 2124 1.
1266 2102 1299 2134 p,
1327 2089 1383 2124 55.
1418 2101 1459 2124 ae

69 2163 178 2195 imper
202 2151 295 2196 Aug.
322 2148 529 2183 Grotefenffl
554 2148 588 2181 ἰῐῑ
615 2149 774 2187 Gramm.
799 2151 874 2185 Lat.
893 2151 1000 2184 schol.
1019 2163 1052 2194 p.
1072 2151 1150 2184 ’.ζ-ΓΙ.
1174 2153 1206 2193 ἓ.
1229 2151 1309 2185 314.
1332 2154 1403 2184 not.
1423 2150 1455 2185 2.

69 2213 174 2257 [Ante
191 2211 384 2247 Kaercher.
405 2221 511 2253 quum
534 2209 597 2243 alii
616 2216 854 2255 agnoverant,
881 2216 955 2246 tnm
973 2212 1128 2256 Langius
1155 2213 1199 2245 ad
1217 2212 1305 2247 Sall.
1326 2213 1402 2246 Cat.
1423 2210 1457 2245 8.

68 2274 155 2316 Fa]
183 2273 236 2306 Ex
261 2270 446 2305 vocabulis
471 2282 553 2304 vero
577 2272 717 2315 dignus,
742 2272 920 2317 indignus,
945 2284 1029 2317 opus
1053 2277 1115 2311 est,
1143 2272 1386 2315 similibusque
1407 2273 1457 2305 le·

68 2334 195 2380 gitime
218 2332 411 2367 ablativum
436 2331 549 2375 supini
576 2332 723 2375 pendere
745 2344 809 2376 per
831 2344 868 2366 se
888 2337 1052 2377 patet.--
1067 2335 1168 2376 Ante,
1193 2333 1283 2377 quod
1307 2332 1343 2366 iu
1368 2336 1456 2376 pau‘·

68 2394 118 2428 cis
140 2394 239 2428 codd.
264 2394 384 2433 deest,
408 2392 545 2426 Cortius
566 2396 696 2426 temere
719 2392 830 2427 eiecit.
855 2414 898 2419 —
935 2394 1125 2428 Coercitum
1151 2394 1174 2428 i.
1199 2406 1226 2428 e.
1248 2393 1339 2438 quod
1362 2404 1455 2426 coer-

69 2455 142 2489 ceri
162 2458 344 2499 posset,
367 2453 442 2486 sive
465 2453 655 2493 domabile,
680 2465 784 2497 qnam
808 2454 904 2488 vocis
929 2458 1131 2498 potestatem
1156 2455 1241 2490 satis
1265 2453 1456 2488 illustravi-

67 2526 146 2549 mus
177 2515 222 2548 ad
257 2525 288 2547 c.
321 2514 483 2555 Lxxvl,
518 2514 552 2548 1.
598 2513 772 2548 Similiter
804 2514 938 2548 locutus
969 2519 1020 2549 est
1052 2515 1202 2551 Tacitus
1232 2515 1371 2549 Annali.
1395 2515 1453 2556 lv,

65 2575 134 2618 30,
165 2575 199 2609 2.
252 2575 448 2616 uelatum,
481 2586 592 2620 genus
624 2575 797 2609 hominum
827 2577 948 2620 poenis
985 2576 1122 2620 quidem
1155 2587 1332 2622 nunquam
1367 2576 1455 2610 satin

67 2637 347 2678 coercitum,
370 2647 434 2680 per
455 2637 616 2680 praemia
640 2637 876 2670 eliciebantur.

159 2696 268 2732 XCII.
291 2699 324 2741 5.
347 2697 382 2731 l.
428 2698 611 2742 patravit]
648 2699 727 2732 Hoc
759 2698 907 2731 verbum
932 2697 966 2730 in
990 2697 1123 2742 aliquot
1145 2697 1246 2732 codd.
1272 2696 1387 2737 deest3
1414 2695 1451 2729 in

67 2756 147 2791 aliis
167 2758 290 2793 variae
320 2757 604 2804 interpolatione·
636 2759 821 2804 leguntur,
855 2763 894 2793 ut
911 2759 1019 2803 fecit,
1047 2759 1142 2804 egit,
1163 2759 1322 2805 peregit,
1347 2768 1449 2803 pera-
