<?xml version="1.0" encoding="UTF-8"?>
<!DOCTYPE html PUBLIC "-//W3C//DTD XHTML 1.0 Transitional//EN"
    "http://www.w3.org/TR/xhtml1/DTD/xhtml1-transitional.dtd">
<html xmlns="http://www.w3.org/1999/xhtml" xml:lang="en" lang="en">
 <head>
  <title>
</title>
<meta http-equiv="Content-Type" content="text/html;charset=utf-8" />
  <meta name='ocr-system' content='tesseract 3.04.00' />
  <meta name='ocr-capabilities' content='ocr_page ocr_carea ocr_par ocr_line ocrx_word'/>
</head>
<body>
  <div class='ocr_page' id='page_1' title='image "./operaquaesupeappx01salluoft_0739.png"; bbox 0 0 1630 3034; ppageno 0'>
   <div class='ocr_carea' id='block_1_1' title="bbox 485 120 1543 177">
    <p class='ocr_par' dir='ltr' id='par_1_1' title="bbox 485 120 1543 177">
     <span class='ocr_line' id='line_1_1' title="bbox 485 120 1543 177; baseline 0.003 -3"><span class='ocrx_word' id='word_1_1' title='bbox 485 123 840 175; x_wconf 81' lang='lat' dir='ltr'><strong>IUGURTHA.</strong></span> <span class='ocrx_word' id='word_1_2' title='bbox 891 132 1018 174; x_wconf 79' lang='lat' dir='ltr'><strong>eAP.</strong></span> <span class='ocrx_word' id='word_1_3' title='bbox 1050 129 1206 174; x_wconf 78' lang='lat' dir='ltr'><strong>LXVI.</strong></span> <span class='ocrx_word' id='word_1_4' title='bbox 1457 120 1543 177; x_wconf 77' lang='lat'><strong>359</strong></span> 
     </span>
    </p>
   </div>
   <div class='ocr_carea' id='block_1_2' title="bbox 149 246 1594 596">
    <p class='ocr_par' dir='ltr' id='par_1_2' title="bbox 149 246 1594 596">
     <span class='ocr_line' id='line_1_2' title="bbox 155 246 1539 307; baseline 0.002 -19"><span class='ocrx_word' id='word_1_5' title='bbox 155 261 245 304; x_wconf 86' lang='lat' dir='ltr'><strong>que</strong></span> <span class='ocrx_word' id='word_1_6' title='bbox 282 251 410 291; x_wconf 86' lang='lat' dir='ltr'><strong>antea</strong></span> <span class='ocrx_word' id='word_1_7' title='bbox 446 247 672 292; x_wconf 84' lang='lat' dir='ltr'><strong>voluntate</strong></span> <span class='ocrx_word' id='word_1_8' title='bbox 709 247 908 303; x_wconf 84' lang='lat' dir='ltr'><strong>alienati,</strong></span> <span class='ocrx_word' id='word_1_9' title='bbox 950 247 1177 307; x_wconf 80' lang='lat' dir='ltr'>principes</span> <span class='ocrx_word' id='word_1_10' title='bbox 1211 246 1392 291; x_wconf 84' lang='lat' dir='ltr'><strong>civitatis</strong></span> <span class='ocrx_word' id='word_1_11' title='bbox 1427 248 1539 292; x_wconf 88' lang='lat' dir='ltr'><strong>inter</strong></span> 
     </span>
     <span class='ocr_line' id='line_1_3' title="bbox 154 343 1594 406; baseline 0.001 -20"><span class='ocrx_word' id='word_1_12' title='bbox 154 359 201 388; x_wconf 86' lang='lat' dir='ltr'><strong>se</strong></span> <span class='ocrx_word' id='word_1_13' title='bbox 240 344 498 398; x_wconf 83' lang='lat' dir='ltr'><strong>coniurant3</strong></span> <span class='ocrx_word' id='word_1_14' title='bbox 539 359 643 387; x_wconf 92' lang='lat' dir='ltr'><strong>nam</strong></span> <span class='ocrx_word' id='word_1_15' title='bbox 681 343 862 404; x_wconf 83' lang='lat' dir='ltr'><strong>volgus,</strong></span> <span class='ocrx_word' id='word_1_16' title='bbox 907 344 971 406; x_wconf 89' lang='lat' dir='ltr'><strong>uti</strong></span> <span class='ocrx_word' id='word_1_17' title='bbox 1017 345 1284 404; x_wconf 88' lang='lat' dir='ltr'><strong>plerumque</strong></span> <span class='ocrx_word' id='word_1_18' title='bbox 1322 344 1458 400; x_wconf 83' lang='lat' dir='ltr'><strong>solet,</strong></span> <span class='ocrx_word' id='word_1_19' title='bbox 1495 352 1539 390; x_wconf 88' lang='lat' dir='ltr'><strong>et</strong></span> <span class='ocrx_word' id='word_1_20' title='bbox 1588 377 1594 380; x_wconf 86' lang='lat'><em>-</em></span> 
     </span>
     <span class='ocr_line' id='line_1_4' title="bbox 153 439 1535 500; baseline 0.001 -17"><span class='ocrx_word' id='word_1_21' title='bbox 153 454 357 484; x_wconf 83' lang='lat' dir='ltr'><strong>maxume</strong></span> <span class='ocrx_word' id='word_1_22' title='bbox 392 439 713 496; x_wconf 79' lang='lat' dir='ltr'><strong>Numidarum,</strong></span> <span class='ocrx_word' id='word_1_23' title='bbox 748 440 930 500; x_wconf 86' lang='lat' dir='ltr'><strong>ingenio</strong></span> <span class='ocrx_word' id='word_1_24' title='bbox 960 441 1137 498; x_wconf 85' lang='lat' dir='ltr'><strong>mobili,</strong></span> <span class='ocrx_word' id='word_1_25' title='bbox 1175 441 1430 485; x_wconf 82' lang='lat' dir='ltr'><strong>seditiosum</strong></span> <span class='ocrx_word' id='word_1_26' title='bbox 1467 447 1535 485; x_wconf 86' lang='lat' dir='ltr'><strong>at-</strong></span> 
     </span>
     <span class='ocr_line' id='line_1_5' title="bbox 149 536 1534 596; baseline 0.001 -17"><span class='ocrx_word' id='word_1_27' title='bbox 149 551 238 594; x_wconf 85' lang='lat' dir='ltr'><strong>que</strong></span> <span class='ocrx_word' id='word_1_28' title='bbox 285 536 609 580; x_wconf 84' lang='lat' dir='ltr'><strong>discordiosum</strong></span> <span class='ocrx_word' id='word_1_29' title='bbox 654 542 749 580; x_wconf 85' lang='lat' dir='ltr'><strong>erat</strong></span> <span class='ocrx_word' id='word_1_30' title='bbox 768 568 781 591; x_wconf 89' lang='lat'><strong>,</strong></span> <span class='ocrx_word' id='word_1_31' title='bbox 837 536 1052 596; x_wconf 87' lang='lat' dir='ltr'><strong>cupidum</strong></span> <span class='ocrx_word' id='word_1_32' title='bbox 1097 552 1312 581; x_wconf 86' lang='lat' dir='ltr'><strong>novarum</strong></span> <span class='ocrx_word' id='word_1_33' title='bbox 1369 553 1534 596; x_wconf 89' lang='lat' dir='ltr'><strong>rerum,</strong></span> 
     </span>
    </p>
   </div>
   <div class='ocr_carea' id='block_1_3' title="bbox 150 628 1533 692">
    <p class='ocr_par' dir='ltr' id='par_1_3' title="bbox 150 628 1533 692">
     <span class='ocr_line' id='line_1_6' title="bbox 150 628 1533 692; baseline 0.002 -17"><span class='ocrx_word' id='word_1_34' title='bbox 150 632 285 691; x_wconf 83' lang='lat' dir='ltr'><strong>quieti</strong></span> <span class='ocrx_word' id='word_1_35' title='bbox 321 638 365 676; x_wconf 89' lang='lat' dir='ltr'><strong>et</strong></span> <span class='ocrx_word' id='word_1_36' title='bbox 412 632 501 676; x_wconf 85' lang='lat' dir='ltr'><strong>otio</strong></span> <span class='ocrx_word' id='word_1_37' title='bbox 540 632 789 679; x_wconf 81' lang='lat' dir='ltr'><strong>advorsum.</strong></span> <span class='ocrx_word' id='word_1_38' title='bbox 863 628 1000 689; x_wconf 81' lang='lat' dir='ltr'><strong>Dein,</strong></span> <span class='ocrx_word' id='word_1_39' title='bbox 1046 633 1302 692; x_wconf 82' lang='lat' dir='ltr'><strong>compositis</strong></span> <span class='ocrx_word' id='word_1_40' title='bbox 1346 633 1458 677; x_wconf 84' lang='lat' dir='ltr'><strong>inter</strong></span> <span class='ocrx_word' id='word_1_41' title='bbox 1487 649 1533 678; x_wconf 86' lang='lat' dir='ltr'><strong>se</strong></span> 
     </span>
    </p>
   </div>
   <div class='ocr_carea' id='block_1_4' title="bbox 141 778 1534 1128">
    <p class='ocr_par' dir='ltr' id='par_1_4' title="bbox 141 778 1534 1128">
     <span class='ocr_line' id='line_1_7' title="bbox 144 778 1533 823; baseline 0.002 -9"><span class='ocrx_word' id='word_1_42' title='bbox 144 780 325 823; x_wconf 81' lang='lat' dir='ltr'><strong>volutum,</strong></span> <span class='ocrx_word' id='word_1_43' title='bbox 349 780 409 814; x_wconf 86' lang='lat' dir='ltr'><strong>sed</strong></span> <span class='ocrx_word' id='word_1_44' title='bbox 433 779 478 814; x_wconf 87' lang='lat' dir='ltr'><strong>ad</strong></span> <span class='ocrx_word' id='word_1_45' title='bbox 501 779 719 815; x_wconf 80' lang='lat' dir='ltr'><strong>indefinitam</strong></span> <span class='ocrx_word' id='word_1_46' title='bbox 748 779 877 814; x_wconf 83' lang='lat' dir='ltr'><strong>obiecti</strong></span> <span class='ocrx_word' id='word_1_47' title='bbox 900 778 1095 820; x_wconf 87' lang='lat' dir='ltr'><strong>notionem,</strong></span> <span class='ocrx_word' id='word_1_48' title='bbox 1128 778 1183 813; x_wconf 90' lang='lat' dir='ltr'><strong>illi</strong></span> <span class='ocrx_word' id='word_1_49' title='bbox 1204 780 1345 816; x_wconf 84' lang='lat' dir='ltr'><strong>certiori</strong></span> <span class='ocrx_word' id='word_1_50' title='bbox 1368 782 1533 817; x_wconf 81' lang='lat' dir='ltr'><strong>substitu-</strong></span> 
     </span>
     <span class='ocr_line' id='line_1_8' title="bbox 143 840 1534 887; baseline 0.001 -11"><span class='ocrx_word' id='word_1_51' title='bbox 143 844 238 883; x_wconf 84' lang='lat' dir='ltr'><strong>tam,</strong></span> <span class='ocrx_word' id='word_1_52' title='bbox 261 841 446 885; x_wconf 86' lang='lat' dir='ltr'><strong>pertinere.</strong></span> <span class='ocrx_word' id='word_1_53' title='bbox 471 853 501 875; x_wconf 89' lang='lat' dir='ltr'><strong>c.</strong></span> <span class='ocrx_word' id='word_1_54' title='bbox 526 842 600 884; x_wconf 89' lang='lat' dir='ltr'><strong>L11,</strong></span> <span class='ocrx_word' id='word_1_55' title='bbox 624 840 659 876; x_wconf 83' lang='lat'><strong>5.</strong></span> <span class='ocrx_word' id='word_1_56' title='bbox 706 841 865 886; x_wconf 74' lang='lat' dir='ltr'><strong>laegatus</strong></span> <span class='ocrx_word' id='word_1_57' title='bbox 897 840 945 874; x_wconf 82' lang='lat' dir='ltr'><strong>ad</strong></span> <span class='ocrx_word' id='word_1_58' title='bbox 971 840 1171 883; x_wconf 82' lang='lat' dir='ltr'><strong>flumen,</strong></span> <span class='ocrx_word' id='word_1_59' title='bbox 1211 852 1292 885; x_wconf 78' lang='lat' dir='ltr'><strong>quo</strong></span> <span class='ocrx_word' id='word_1_60' title='bbox 1323 844 1534 887; x_wconf 78' lang='lat' dir='ltr'><strong>praemissus</strong></span> 
     </span>
     <span class='ocr_line' id='line_1_9' title="bbox 143 901 1532 948; baseline 0.001 -12"><span class='ocrx_word' id='word_1_61' title='bbox 143 906 242 943; x_wconf 87' lang='lat' dir='ltr'><strong>erat,</strong></span> <span class='ocrx_word' id='word_1_62' title='bbox 265 903 444 944; x_wconf 82' lang='lat' dir='ltr'><strong>festinans</strong></span> <span class='ocrx_word' id='word_1_63' title='bbox 464 903 604 947; x_wconf 85' lang='lat' dir='ltr'><strong>pergit,</strong></span> <span class='ocrx_word' id='word_1_64' title='bbox 639 901 701 936; x_wconf 84' lang='lat' dir='ltr'><strong>ubi</strong></span> <span class='ocrx_word' id='word_1_65' title='bbox 733 913 798 946; x_wconf 82' lang='lat' dir='ltr'><strong>quo</strong></span> <span class='ocrx_word' id='word_1_66' title='bbox 822 912 891 935; x_wconf 92' lang='lat' dir='ltr'><strong>non</strong></span> <span class='ocrx_word' id='word_1_67' title='bbox 915 904 967 934; x_wconf 85' lang='lat' dir='ltr'><strong>est</strong></span> <span class='ocrx_word' id='word_1_68' title='bbox 990 912 1056 945; x_wconf 82' lang='lat' dir='ltr'><strong>quo</strong></span> <span class='ocrx_word' id='word_1_69' title='bbox 1076 901 1246 944; x_wconf 79' lang='lat' dir='ltr'><strong>flumine,</strong></span> <span class='ocrx_word' id='word_1_70' title='bbox 1279 903 1337 936; x_wconf 84' lang='lat' dir='ltr'><strong>sed</strong></span> <span class='ocrx_word' id='word_1_71' title='bbox 1373 903 1410 936; x_wconf 84' lang='lat' dir='ltr'><strong>in</strong></span> <span class='ocrx_word' id='word_1_72' title='bbox 1433 915 1532 948; x_wconf 83' lang='lat' dir='ltr'><strong>quem</strong></span> 
     </span>
     <span class='ocr_line' id='line_1_10' title="bbox 143 959 1534 1007; baseline 0.003 -12"><span class='ocrx_word' id='word_1_73' title='bbox 143 962 253 996; x_wconf 88' lang='lat' dir='ltr'><strong>locum</strong></span> <span class='ocrx_word' id='word_1_74' title='bbox 276 962 312 996; x_wconf 89' lang='lat' dir='ltr'><strong>h.</strong></span> <span class='ocrx_word' id='word_1_75' title='bbox 345 973 375 1003; x_wconf 77' lang='lat' dir='ltr'><strong>e.</strong></span> <span class='ocrx_word' id='word_1_76' title='bbox 411 963 460 996; x_wconf 81' lang='lat' dir='ltr'><strong>ad</strong></span> <span class='ocrx_word' id='word_1_77' title='bbox 488 963 578 1007; x_wconf 81' lang='lat' dir='ltr'><strong>quod</strong></span> <span class='ocrx_word' id='word_1_78' title='bbox 607 963 749 997; x_wconf 90' lang='lat' dir='ltr'><strong>flumen.</strong></span> <span class='ocrx_word' id='word_1_79' title='bbox 784 962 855 996; x_wconf 87' lang='lat' dir='ltr'><strong>Cic.</strong></span> <span class='ocrx_word' id='word_1_80' title='bbox 888 961 925 995; x_wconf 90' lang='lat' dir='ltr'><strong>in</strong></span> <span class='ocrx_word' id='word_1_81' title='bbox 956 962 1054 995; x_wconf 84' lang='lat' dir='ltr'><strong>Verr.</strong></span> <span class='ocrx_word' id='word_1_82' title='bbox 1078 962 1144 1004; x_wconf 82' lang='lat' dir='ltr'><strong>IV,</strong></span> <span class='ocrx_word' id='word_1_83' title='bbox 1167 961 1232 1004; x_wconf 84' lang='lat'><strong>18,</strong></span> <span class='ocrx_word' id='word_1_84' title='bbox 1257 959 1314 998; x_wconf 84' lang='lat'><strong>38.</strong></span> <span class='ocrx_word' id='word_1_85' title='bbox 1363 964 1534 999; x_wconf 79' lang='lat' dir='ltr'><strong>Diodorus</strong></span> 
     </span>
     <span class='ocr_line' id='line_1_11' title="bbox 142 1022 1533 1068; baseline 0.001 -12"><span class='ocrx_word' id='word_1_86' title='bbox 142 1023 242 1056; x_wconf 81' lang='lat' dir='ltr'><strong>homo</strong></span> <span class='ocrx_word' id='word_1_87' title='bbox 265 1022 388 1056; x_wconf 76' lang='lat' dir='ltr'><strong>nobilis</strong></span> <span class='ocrx_word' id='word_1_88' title='bbox 412 1028 446 1057; x_wconf 86' lang='lat' dir='ltr'><strong>et</strong></span> <span class='ocrx_word' id='word_1_89' title='bbox 470 1024 566 1068; x_wconf 81' lang='lat' dir='ltr'><strong>apud</strong></span> <span class='ocrx_word' id='word_1_90' title='bbox 590 1034 684 1064; x_wconf 88' lang='lat' dir='ltr'><strong>eos,</strong></span> <span class='ocrx_word' id='word_1_91' title='bbox 716 1035 800 1067; x_wconf 81' lang='lat' dir='ltr'><strong>quo</strong></span> <span class='ocrx_word' id='word_1_92' title='bbox 832 1034 868 1057; x_wconf 88' lang='lat' dir='ltr'><strong>se</strong></span> <span class='ocrx_word' id='word_1_93' title='bbox 900 1022 1065 1064; x_wconf 82' lang='lat' dir='ltr'><strong>contulit,</strong></span> <span class='ocrx_word' id='word_1_94' title='bbox 1100 1023 1300 1066; x_wconf 78' lang='lat' dir='ltr'><strong>splendidus</strong></span> <span class='ocrx_word' id='word_1_95' title='bbox 1330 1027 1364 1058; x_wconf 85' lang='lat' dir='ltr'><strong>et</strong></span> <span class='ocrx_word' id='word_1_96' title='bbox 1395 1024 1533 1068; x_wconf 83' lang='lat' dir='ltr'><strong>gratio-</strong></span> 
     </span>
     <span class='ocr_line' id='line_1_12' title="bbox 141 1081 1531 1128; baseline 0 -12"><span class='ocrx_word' id='word_1_97' title='bbox 141 1093 212 1117; x_wconf 80' lang='lat' dir='ltr'><strong>sus.</strong></span> <span class='ocrx_word' id='word_1_98' title='bbox 235 1083 283 1117; x_wconf 81' lang='lat' dir='ltr'><strong>id.</strong></span> <span class='ocrx_word' id='word_1_99' title='bbox 307 1084 395 1127; x_wconf 87' lang='lat' dir='ltr'><strong>Epp.</strong></span> <span class='ocrx_word' id='word_1_100' title='bbox 421 1085 466 1118; x_wconf 85' lang='lat' dir='ltr'><strong>ad</strong></span> <span class='ocrx_word' id='word_1_101' title='bbox 490 1085 628 1119; x_wconf 88' lang='lat' dir='ltr'><strong>Famm.</strong></span> <span class='ocrx_word' id='word_1_102' title='bbox 652 1084 724 1126; x_wconf 85' lang='lat'><strong>111,</strong></span> <span class='ocrx_word' id='word_1_103' title='bbox 753 1081 798 1125; x_wconf 85' lang='lat'><strong>5,</strong></span> <span class='ocrx_word' id='word_1_104' title='bbox 821 1082 855 1117; x_wconf 86' lang='lat'><strong>8.</strong></span> <span class='ocrx_word' id='word_1_105' title='bbox 902 1083 984 1117; x_wconf 71' lang='lat' dir='ltr'><strong>Dixi</strong></span> <span class='ocrx_word' id='word_1_106' title='bbox 1007 1094 1061 1117; x_wconf 86' lang='lat' dir='ltr'><strong>me</strong></span> <span class='ocrx_word' id='word_1_107' title='bbox 1086 1084 1234 1118; x_wconf 69' lang='lat' dir='ltr'><strong>libenter</strong></span> <span class='ocrx_word' id='word_1_108' title='bbox 1257 1083 1306 1116; x_wconf 80' lang='lat' dir='ltr'><strong>ad</strong></span> <span class='ocrx_word' id='word_1_109' title='bbox 1329 1094 1405 1116; x_wconf 86' lang='lat' dir='ltr'><strong>eam</strong></span> <span class='ocrx_word' id='word_1_110' title='bbox 1426 1095 1531 1128; x_wconf 81' lang='lat' dir='ltr'><strong>par-</strong></span> 
     </span>
    </p>
   </div>
   <div class='ocr_carea' id='block_1_5' title="bbox 72 1143 1529 1188">
    <p class='ocr_par' dir='ltr' id='par_1_5' title="bbox 72 1143 1529 1188">
     <span class='ocr_line' id='line_1_13' title="bbox 72 1143 1529 1188; baseline 0.002 -13"><span class='ocrx_word' id='word_1_111' title='bbox 72 1169 76 1171; x_wconf 26' lang='grc'><strong>.</strong></span> <span class='ocrx_word' id='word_1_112' title='bbox 141 1147 231 1176; x_wconf 83' lang='lat' dir='ltr'><strong>tem</strong></span> <span class='ocrx_word' id='word_1_113' title='bbox 267 1143 467 1187; x_wconf 82' lang='lat' dir='ltr'><strong>provinciae</strong></span> <span class='ocrx_word' id='word_1_114' title='bbox 497 1157 568 1179; x_wconf 87' lang='lat' dir='ltr'><strong>esse</strong></span> <span class='ocrx_word' id='word_1_115' title='bbox 597 1150 804 1186; x_wconf 82' lang='lat' dir='ltr'><strong>venturum,</strong></span> <span class='ocrx_word' id='word_1_116' title='bbox 846 1155 926 1188; x_wconf 82' lang='lat' dir='ltr'><strong>quo</strong></span> <span class='ocrx_word' id='word_1_117' title='bbox 958 1148 992 1177; x_wconf 76' lang='lat' dir='ltr'><strong>te</strong></span> <span class='ocrx_word' id='word_1_118' title='bbox 1027 1145 1175 1178; x_wconf 77' lang='lat' dir='ltr'><strong>maxime</strong></span> <span class='ocrx_word' id='word_1_119' title='bbox 1206 1144 1295 1178; x_wconf 84' lang='lat' dir='ltr'><strong>velle</strong></span> <span class='ocrx_word' id='word_1_120' title='bbox 1327 1144 1529 1179; x_wconf 79' lang='lat' dir='ltr'><strong>arbitrarer.</strong></span> 
     </span>
    </p>
   </div>
   <div class='ocr_carea' id='block_1_6' title="bbox 129 1201 1532 2760">
    <p class='ocr_par' dir='ltr' id='par_1_6' title="bbox 129 1201 1532 2760">
     <span class='ocr_line' id='line_1_14' title="bbox 140 1201 1532 1248; baseline 0.001 -12"><span class='ocrx_word' id='word_1_121' title='bbox 140 1201 241 1237; x_wconf 81' lang='lat' dir='ltr'><strong>Caes.</strong></span> <span class='ocrx_word' id='word_1_122' title='bbox 266 1203 308 1237; x_wconf 90' lang='lat' dir='ltr'><strong>B.</strong></span> <span class='ocrx_word' id='word_1_123' title='bbox 333 1203 373 1239; x_wconf 85' lang='lat' dir='ltr'><strong>C.</strong></span> <span class='ocrx_word' id='word_1_124' title='bbox 398 1204 426 1245; x_wconf 86' lang='lat'><strong>1,</strong></span> <span class='ocrx_word' id='word_1_125' title='bbox 450 1203 508 1246; x_wconf 83' lang='lat'><strong>49,</strong></span> <span class='ocrx_word' id='word_1_126' title='bbox 533 1205 566 1239; x_wconf 85' lang='lat'><strong>2.</strong></span> <span class='ocrx_word' id='word_1_127' title='bbox 614 1205 762 1248; x_wconf 84' lang='lat' dir='ltr'><strong>Afranio</strong></span> <span class='ocrx_word' id='word_1_128' title='bbox 792 1215 878 1248; x_wconf 88' lang='lat' dir='ltr'><strong>pons</strong></span> <span class='ocrx_word' id='word_1_129' title='bbox 911 1204 1052 1238; x_wconf 84' lang='lat' dir='ltr'><strong><em>Ilerdae</em></strong></span> <span class='ocrx_word' id='word_1_130' title='bbox 1076 1204 1264 1248; x_wconf 77' lang='lat' dir='ltr'><strong>praebebat</strong></span> <span class='ocrx_word' id='word_1_131' title='bbox 1298 1204 1401 1238; x_wconf 86' lang='lat' dir='ltr'><strong>loca</strong></span> <span class='ocrx_word' id='word_1_132' title='bbox 1434 1210 1532 1239; x_wconf 79' lang='lat' dir='ltr'><strong>trans</strong></span> 
     </span>
     <span class='ocr_line' id='line_1_15' title="bbox 132 1263 1530 1310; baseline 0.002 -13"><span class='ocrx_word' id='word_1_133' title='bbox 132 1264 268 1307; x_wconf 83' lang='lat' dir='ltr'><strong>flumen</strong></span> <span class='ocrx_word' id='word_1_134' title='bbox 293 1263 458 1310; x_wconf 80' lang='lat' dir='ltr'><strong>integra,</strong></span> <span class='ocrx_word' id='word_1_135' title='bbox 491 1277 572 1310; x_wconf 79' lang='lat' dir='ltr'><strong>quo</strong></span> <span class='ocrx_word' id='word_1_136' title='bbox 612 1265 741 1299; x_wconf 87' lang='lat' dir='ltr'><strong>Caesar</strong></span> <span class='ocrx_word' id='word_1_137' title='bbox 774 1265 873 1299; x_wconf 83' lang='lat' dir='ltr'><strong>adire</strong></span> <span class='ocrx_word' id='word_1_138' title='bbox 904 1276 973 1298; x_wconf 90' lang='lat' dir='ltr'><strong>non</strong></span> <span class='ocrx_word' id='word_1_139' title='bbox 1000 1270 1153 1309; x_wconf 80' lang='lat' dir='ltr'><strong>poterat.</strong></span> <span class='ocrx_word' id='word_1_140' title='bbox 1185 1264 1261 1299; x_wconf 85' lang='lat' dir='ltr'><strong>Liv.</strong></span> <span class='ocrx_word' id='word_1_141' title='bbox 1287 1265 1392 1307; x_wconf 83' lang='lat' dir='ltr'><strong>XXI,</strong></span> <span class='ocrx_word' id='word_1_142' title='bbox 1415 1265 1471 1306; x_wconf 74' lang='lat'><strong>27,</strong></span> <span class='ocrx_word' id='word_1_143' title='bbox 1495 1265 1530 1301; x_wconf 84' lang='grc'><strong>2.</strong></span> 
     </span>
     <span class='ocr_line' id='line_1_16' title="bbox 144 1324 1530 1370; baseline 0.001 -12"><span class='ocrx_word' id='word_1_144' title='bbox 144 1324 306 1359; x_wconf 83' lang='lat' dir='ltr'><strong>Urbem</strong></span> <span class='ocrx_word' id='word_1_145' title='bbox 340 1327 511 1366; x_wconf 71' lang='lat' dir='ltr'><strong>Amnum,</strong></span> <span class='ocrx_word' id='word_1_146' title='bbox 552 1337 631 1370; x_wconf 81' lang='lat' dir='ltr'><strong>quo</strong></span> <span class='ocrx_word' id='word_1_147' title='bbox 657 1326 861 1359; x_wconf 83' lang='lat' dir='ltr'><strong>Hasdrubal</strong></span> <span class='ocrx_word' id='word_1_148' title='bbox 883 1328 1100 1369; x_wconf 82' lang='lat' dir='ltr'><strong>frumentum</strong></span> <span class='ocrx_word' id='word_1_149' title='bbox 1137 1331 1370 1367; x_wconf 73' lang='lat' dir='ltr'><strong>convexerat,</strong></span> <span class='ocrx_word' id='word_1_150' title='bbox 1403 1327 1439 1359; x_wconf 84' lang='lat' dir='ltr'><strong>vi</strong></span> <span class='ocrx_word' id='word_1_151' title='bbox 1471 1338 1530 1361; x_wconf 88' lang='lat' dir='ltr'><strong>ca-</strong></span> 
     </span>
     <span class='ocr_line' id='line_1_17' title="bbox 134 1384 1531 1434; baseline 0.002 -16"><span class='ocrx_word' id='word_1_152' title='bbox 134 1384 250 1429; x_wconf 82' lang='lat' dir='ltr'><strong>piunt.</strong></span> <span class='ocrx_word' id='word_1_153' title='bbox 295 1385 398 1419; x_wconf 80' lang='lat' dir='ltr'><strong>Patet</strong></span> <span class='ocrx_word' id='word_1_154' title='bbox 420 1384 548 1429; x_wconf 86' lang='lat' dir='ltr'><strong>igitur,</strong></span> <span class='ocrx_word' id='word_1_155' title='bbox 581 1397 688 1429; x_wconf 89' lang='lat' dir='ltr'><strong>quum</strong></span> <span class='ocrx_word' id='word_1_156' title='bbox 712 1387 888 1431; x_wconf 82' lang='lat' dir='ltr'><strong>imponere</strong></span> <span class='ocrx_word' id='word_1_157' title='bbox 912 1387 1072 1434; x_wconf 71' lang='lat' dir='ltr'><strong>absolute</strong></span> <span class='ocrx_word' id='word_1_158' title='bbox 1097 1387 1230 1420; x_wconf 90' lang='lat' dir='ltr'><strong>dictum</strong></span> <span class='ocrx_word' id='word_1_159' title='bbox 1255 1385 1322 1429; x_wconf 81' lang='lat' dir='ltr'><strong>sit,</strong></span> <span class='ocrx_word' id='word_1_160' title='bbox 1354 1390 1392 1421; x_wconf 87' lang='lat' dir='ltr'><strong>ut</strong></span> <span class='ocrx_word' id='word_1_161' title='bbox 1416 1391 1531 1422; x_wconf 89' lang='lat' dir='ltr'><strong>osten-</strong></span> 
     </span>
     <span class='ocr_line' id='line_1_18' title="bbox 138 1445 1530 1492; baseline 0.003 -14"><span class='ocrx_word' id='word_1_162' title='bbox 138 1445 253 1479; x_wconf 81' lang='lat' dir='ltr'><strong>dimus</strong></span> <span class='ocrx_word' id='word_1_163' title='bbox 277 1445 321 1480; x_wconf 86' lang='lat' dir='ltr'><strong>ad</strong></span> <span class='ocrx_word' id='word_1_164' title='bbox 355 1457 385 1479; x_wconf 94' lang='lat' dir='ltr'><strong>c.</strong></span> <span class='ocrx_word' id='word_1_165' title='bbox 411 1446 553 1487; x_wconf 74' lang='lat' dir='ltr'><strong>xhvn,</strong></span> <span class='ocrx_word' id='word_1_166' title='bbox 578 1445 625 1488; x_wconf 82' lang='grc'><strong>2.,</strong></span> <span class='ocrx_word' id='word_1_167' title='bbox 660 1460 724 1492; x_wconf 81' lang='lat' dir='ltr'><strong>quo</strong></span> <span class='ocrx_word' id='word_1_168' title='bbox 757 1447 965 1482; x_wconf 82' lang='lat' dir='ltr'><strong>adverbium</strong></span> <span class='ocrx_word' id='word_1_169' title='bbox 996 1448 1292 1492; x_wconf 87' lang='lat' dir='ltr'><strong>interpretandum</strong></span> <span class='ocrx_word' id='word_1_170' title='bbox 1325 1459 1400 1481; x_wconf 89' lang='lat' dir='ltr'><strong>esse</strong></span> <span class='ocrx_word' id='word_1_171' title='bbox 1433 1449 1530 1492; x_wconf 82' lang='lat' dir='ltr'><strong>apud</strong></span> 
     </span>
     <span class='ocr_line' id='line_1_19' title="bbox 136 1506 1529 1553; baseline 0.003 -14"><span class='ocrx_word' id='word_1_172' title='bbox 136 1517 220 1550; x_wconf 79' lang='lat' dir='ltr'><strong>quos</strong></span> <span class='ocrx_word' id='word_1_173' title='bbox 242 1506 301 1540; x_wconf 80' lang='lat' dir='ltr'><strong>vel</strong></span> <span class='ocrx_word' id='word_1_174' title='bbox 327 1506 469 1550; x_wconf 80' lang='lat' dir='ltr'><strong>quibus3</strong></span> <span class='ocrx_word' id='word_1_175' title='bbox 491 1518 573 1541; x_wconf 90' lang='lat' dir='ltr'><strong>nam</strong></span> <span class='ocrx_word' id='word_1_176' title='bbox 603 1507 648 1541; x_wconf 89' lang='lat' dir='ltr'><strong>ad</strong></span> <span class='ocrx_word' id='word_1_177' title='bbox 671 1507 785 1551; x_wconf 84' lang='lat' dir='ltr'><strong>ipsam</strong></span> <span class='ocrx_word' id='word_1_178' title='bbox 818 1508 1030 1553; x_wconf 83' lang='lat' dir='ltr'><strong>Vagensium</strong></span> <span class='ocrx_word' id='word_1_179' title='bbox 1054 1508 1230 1542; x_wconf 81' lang='lat' dir='ltr'><strong>notionem</strong></span> <span class='ocrx_word' id='word_1_180' title='bbox 1259 1512 1414 1552; x_wconf 83' lang='lat' dir='ltr'><strong>spectat,</strong></span> <span class='ocrx_word' id='word_1_181' title='bbox 1447 1521 1529 1544; x_wconf 92' lang='lat' dir='ltr'><strong>cum</strong></span> 
     </span>
     <span class='ocr_line' id='line_1_20' title="bbox 135 1566 1528 1612; baseline 0.004 -13"><span class='ocrx_word' id='word_1_182' title='bbox 135 1566 293 1610; x_wconf 82' lang='lat' dir='ltr'><strong>generali</strong></span> <span class='ocrx_word' id='word_1_183' title='bbox 316 1567 368 1600; x_wconf 88' lang='lat' dir='ltr'><strong>rei</strong></span> <span class='ocrx_word' id='word_1_184' title='bbox 391 1571 453 1602; x_wconf 85' lang='lat' dir='ltr'><strong>nut</strong></span> <span class='ocrx_word' id='word_1_185' title='bbox 476 1569 561 1612; x_wconf 78' lang='lat' dir='ltr'><strong>loci,</strong></span> <span class='ocrx_word' id='word_1_186' title='bbox 589 1568 650 1602; x_wconf 77' lang='lat' dir='ltr'><strong>ubi</strong></span> <span class='ocrx_word' id='word_1_187' title='bbox 672 1569 901 1611; x_wconf 83' lang='lat' dir='ltr'><strong>habitabant,</strong></span> <span class='ocrx_word' id='word_1_188' title='bbox 925 1567 1064 1602; x_wconf 89' lang='lat' dir='ltr'><strong>notione</strong></span> <span class='ocrx_word' id='word_1_189' title='bbox 1087 1569 1278 1603; x_wconf 78' lang='lat' dir='ltr'><strong>confusam.</strong></span> <span class='ocrx_word' id='word_1_190' title='bbox 1294 1589 1338 1594; x_wconf 96' lang='lat'><strong>—</strong></span> <span class='ocrx_word' id='word_1_191' title='bbox 1365 1571 1528 1604; x_wconf 89' lang='lat' dir='ltr'><strong>Ceterum</strong></span> 
     </span>
     <span class='ocr_line' id='line_1_21' title="bbox 135 1626 1529 1676; baseline 0.004 -16"><span class='ocrx_word' id='word_1_192' title='bbox 135 1629 314 1660; x_wconf 82' lang='lat' dir='ltr'><strong>structura</strong></span> <span class='ocrx_word' id='word_1_193' title='bbox 345 1626 450 1661; x_wconf 85' lang='lat' dir='ltr'><strong>huius</strong></span> <span class='ocrx_word' id='word_1_194' title='bbox 481 1628 734 1663; x_wconf 85' lang='lat' dir='ltr'><strong>enunciationis</strong></span> <span class='ocrx_word' id='word_1_195' title='bbox 764 1630 815 1664; x_wconf 86' lang='lat' dir='ltr'><strong>ita</strong></span> <span class='ocrx_word' id='word_1_196' title='bbox 846 1632 1049 1674; x_wconf 83' lang='lat' dir='ltr'><strong>comparata</strong></span> <span class='ocrx_word' id='word_1_197' title='bbox 1084 1632 1157 1673; x_wconf 87' lang='lat' dir='ltr'><strong>est,</strong></span> <span class='ocrx_word' id='word_1_198' title='bbox 1190 1632 1229 1662; x_wconf 87' lang='lat' dir='ltr'><strong>ut</strong></span> <span class='ocrx_word' id='word_1_199' title='bbox 1252 1641 1322 1664; x_wconf 84' lang='lat' dir='ltr'><strong>vox</strong></span> <span class='ocrx_word' id='word_1_200' title='bbox 1352 1631 1529 1676; x_wconf 77' lang='lat' dir='ltr'><strong>Vagenses</strong></span> 
     </span>
     <span class='ocr_line' id='line_1_22' title="bbox 133 1685 1526 1735; baseline 0.004 -16"><span class='ocrx_word' id='word_1_201' title='bbox 133 1685 336 1730; x_wconf 87' lang='lat' dir='ltr'><strong>praedicato</strong></span> <span class='ocrx_word' id='word_1_202' title='bbox 360 1692 504 1730; x_wconf 80' lang='lat' dir='ltr'><strong>careat,</strong></span> <span class='ocrx_word' id='word_1_203' title='bbox 538 1701 630 1724; x_wconf 87' lang='lat' dir='ltr'><strong>novo</strong></span> <span class='ocrx_word' id='word_1_204' title='bbox 654 1689 810 1724; x_wconf 88' lang='lat' dir='ltr'><strong>subiecto</strong></span> <span class='ocrx_word' id='word_1_205' title='bbox 830 1691 1005 1735; x_wconf 80' lang='lat' dir='ltr'><strong>principes</strong></span> <span class='ocrx_word' id='word_1_206' title='bbox 1029 1689 1152 1731; x_wconf 81' lang='lat' dir='ltr'><strong>illato,</strong></span> <span class='ocrx_word' id='word_1_207' title='bbox 1183 1690 1226 1724; x_wconf 86' lang='lat' dir='ltr'><strong>ad</strong></span> <span class='ocrx_word' id='word_1_208' title='bbox 1251 1691 1343 1733; x_wconf 89' lang='lat' dir='ltr'><strong>quod</strong></span> <span class='ocrx_word' id='word_1_209' title='bbox 1366 1692 1526 1725; x_wconf 79' lang='lat' dir='ltr'><strong>coniura-</strong></span> 
     </span>
     <span class='ocr_line' id='line_1_23' title="bbox 132 1746 1526 1795; baseline 0.005 -16"><span class='ocrx_word' id='word_1_210' title='bbox 132 1757 212 1780; x_wconf 89' lang='lat' dir='ltr'><strong>vere</strong></span> <span class='ocrx_word' id='word_1_211' title='bbox 244 1746 404 1791; x_wconf 78' lang='lat' dir='ltr'><strong>pertinet.</strong></span> <span class='ocrx_word' id='word_1_212' title='bbox 465 1749 643 1794; x_wconf 79' lang='lat' dir='ltr'><strong>Vagenses</strong></span> <span class='ocrx_word' id='word_1_213' title='bbox 683 1749 795 1795; x_wconf 84' lang='lat' dir='ltr'><strong>igitur</strong></span> <span class='ocrx_word' id='word_1_214' title='bbox 835 1749 1070 1785; x_wconf 59' lang='lat' dir='ltr'><strong>nominativus</strong></span> <span class='ocrx_word' id='word_1_215' title='bbox 1108 1751 1288 1784; x_wconf 83' lang='lat' dir='ltr'><strong>absolutus</strong></span> <span class='ocrx_word' id='word_1_216' title='bbox 1329 1754 1401 1793; x_wconf 83' lang='lat' dir='ltr'><strong>est,</strong></span> <span class='ocrx_word' id='word_1_217' title='bbox 1435 1752 1526 1795; x_wconf 85' lang='lat' dir='ltr'><strong>quod</strong></span> 
     </span>
     <span class='ocr_line' id='line_1_24' title="bbox 131 1806 1525 1854; baseline 0.003 -13"><span class='ocrx_word' id='word_1_218' title='bbox 131 1809 328 1841; x_wconf 86' lang='lat' dir='ltr'><strong>structurae</strong></span> <span class='ocrx_word' id='word_1_219' title='bbox 361 1806 587 1852; x_wconf 69' lang='lat' dir='ltr'><strong>imperfectae</strong></span> <span class='ocrx_word' id='word_1_220' title='bbox 609 1821 742 1854; x_wconf 73' lang='lat' dir='ltr'><strong>genus,</strong></span> <span class='ocrx_word' id='word_1_221' title='bbox 775 1820 844 1854; x_wconf 87' lang='lat' dir='ltr'><strong>quo</strong></span> <span class='ocrx_word' id='word_1_222' title='bbox 868 1811 910 1843; x_wconf 87' lang='lat' dir='ltr'><strong>de</strong></span> <span class='ocrx_word' id='word_1_223' title='bbox 943 1822 975 1844; x_wconf 88' lang='lat' dir='ltr'><strong>v.</strong></span> <span class='ocrx_word' id='word_1_224' title='bbox 1001 1814 1120 1845; x_wconf 88' lang='lat' dir='ltr'><strong>notata</strong></span> <span class='ocrx_word' id='word_1_225' title='bbox 1153 1810 1198 1844; x_wconf 90' lang='lat' dir='ltr'><strong>ad</strong></span> <span class='ocrx_word' id='word_1_226' title='bbox 1223 1810 1327 1845; x_wconf 86' lang='lat' dir='ltr'><strong>Catil.</strong></span> <span class='ocrx_word' id='word_1_227' title='bbox 1350 1812 1525 1854; x_wconf 74' lang='lat' dir='ltr'><strong>xxxvll,</strong></span> 
     </span>
     <span class='ocr_line' id='line_1_25' title="bbox 131 1867 1524 1912; baseline 0.003 -10"><span class='ocrx_word' id='word_1_228' title='bbox 131 1867 167 1902; x_wconf 76' lang='lat'><strong>7.</strong></span> <span class='ocrx_word' id='word_1_229' title='bbox 189 1879 225 1912; x_wconf 85' lang='lat' dir='ltr'><strong>p.</strong></span> <span class='ocrx_word' id='word_1_230' title='bbox 250 1867 343 1912; x_wconf 67' lang='lat'><strong>174„</strong></span> <span class='ocrx_word' id='word_1_231' title='bbox 368 1867 546 1905; x_wconf 81' lang='lat' dir='ltr'><strong>immerito</strong></span> <span class='ocrx_word' id='word_1_232' title='bbox 577 1870 836 1905; x_wconf 86' lang='lat' dir='ltr'><strong>Ramshornius</strong></span> <span class='ocrx_word' id='word_1_233' title='bbox 872 1871 1033 1906; x_wconf 76' lang='lat' dir='ltr'><strong>Gramm.</strong></span> <span class='ocrx_word' id='word_1_234' title='bbox 1057 1871 1135 1904; x_wconf 87' lang='lat' dir='ltr'><strong>Lat.</strong></span> <span class='ocrx_word' id='word_1_235' title='bbox 1167 1873 1200 1912; x_wconf 69' lang='grc' dir='ltr'><strong>ἓ.</strong></span> <span class='ocrx_word' id='word_1_236' title='bbox 1223 1869 1304 1904; x_wconf 67' lang='grc'><strong>296.</strong></span> <span class='ocrx_word' id='word_1_237' title='bbox 1328 1870 1371 1904; x_wconf 91' lang='grc' dir='ltr'><strong>Β.</strong></span> <span class='ocrx_word' id='word_1_238' title='bbox 1397 1870 1429 1904; x_wconf 83' lang='grc'><strong>6.</strong></span> <span class='ocrx_word' id='word_1_239' title='bbox 1455 1874 1524 1906; x_wconf 82' lang='lat' dir='ltr'><strong>not.</strong></span> 
     </span>
     <span class='ocr_line' id='line_1_26' title="bbox 131 1927 1525 1973; baseline 0.002 -11"><span class='ocrx_word' id='word_1_240' title='bbox 131 1927 167 1962; x_wconf 82' lang='lat'><strong>4.</strong></span> <span class='ocrx_word' id='word_1_241' title='bbox 192 1940 227 1972; x_wconf 85' lang='lat' dir='ltr'><strong>p.</strong></span> <span class='ocrx_word' id='word_1_242' title='bbox 250 1927 331 1962; x_wconf 77' lang='lat'><strong>⁶203.</strong></span> <span class='ocrx_word' id='word_1_243' title='bbox 350 1930 572 1965; x_wconf 83' lang='lat' dir='ltr'><strong>anacoluthis</strong></span> <span class='ocrx_word' id='word_1_244' title='bbox 596 1931 816 1964; x_wconf 77' lang='lat' dir='ltr'><strong>eximendum</strong></span> <span class='ocrx_word' id='word_1_245' title='bbox 840 1934 966 1965; x_wconf 86' lang='lat' dir='ltr'><strong>censet.</strong></span> <span class='ocrx_word' id='word_1_246' title='bbox 1008 1929 1047 1962; x_wconf 91' lang='lat' dir='ltr'><strong>In</strong></span> <span class='ocrx_word' id='word_1_247' title='bbox 1071 1933 1235 1973; x_wconf 76' lang='lat' dir='ltr'><strong>promptu</strong></span> <span class='ocrx_word' id='word_1_248' title='bbox 1259 1934 1309 1963; x_wconf 88' lang='lat' dir='ltr'><strong>est</strong></span> <span class='ocrx_word' id='word_1_249' title='bbox 1333 1930 1424 1964; x_wconf 84' lang='lat' dir='ltr'><strong>enim</strong></span> <span class='ocrx_word' id='word_1_250' title='bbox 1445 1930 1525 1965; x_wconf 75' lang='lat' dir='ltr'><strong>Sal-</strong></span> 
     </span>
     <span class='ocr_line' id='line_1_27' title="bbox 130 1988 1524 2034; baseline 0.002 -12"><span class='ocrx_word' id='word_1_251' title='bbox 130 1988 296 2031; x_wconf 80' lang='lat' dir='ltr'><strong>lustium,</strong></span> <span class='ocrx_word' id='word_1_252' title='bbox 330 1999 439 2032; x_wconf 85' lang='lat' dir='ltr'><strong>quum</strong></span> <span class='ocrx_word' id='word_1_253' title='bbox 469 1990 568 2024; x_wconf 89' lang='lat' dir='ltr'><strong>initio</strong></span> <span class='ocrx_word' id='word_1_254' title='bbox 601 1989 825 2024; x_wconf 81' lang='lat' dir='ltr'><strong>enunciatum</strong></span> <span class='ocrx_word' id='word_1_255' title='bbox 856 1989 898 2022; x_wconf 89' lang='lat' dir='ltr'><strong>de</strong></span> <span class='ocrx_word' id='word_1_256' title='bbox 920 1989 1138 2034; x_wconf 73' lang='lat' dir='ltr'><strong>Vagensibus</strong></span> <span class='ocrx_word' id='word_1_257' title='bbox 1161 1989 1367 2033; x_wconf 85' lang='lat' dir='ltr'><strong>primariam</strong></span> <span class='ocrx_word' id='word_1_258' title='bbox 1391 1991 1524 2034; x_wconf 86' lang='lat' dir='ltr'><strong>periodi</strong></span> 
     </span>
     <span class='ocr_line' id='line_1_28' title="bbox 134 2049 1522 2094; baseline 0.002 -12"><span class='ocrx_word' id='word_1_259' title='bbox 134 2052 270 2093; x_wconf 85' lang='lat' dir='ltr'><strong>partem</strong></span> <span class='ocrx_word' id='word_1_260' title='bbox 305 2049 425 2083; x_wconf 85' lang='lat' dir='ltr'><strong>facere</strong></span> <span class='ocrx_word' id='word_1_261' title='bbox 462 2049 649 2092; x_wconf 78' lang='lat' dir='ltr'><strong>voluisset,</strong></span> <span class='ocrx_word' id='word_1_262' title='bbox 685 2050 730 2083; x_wconf 85' lang='lat' dir='ltr'><strong>ab</strong></span> <span class='ocrx_word' id='word_1_263' title='bbox 764 2049 832 2083; x_wconf 89' lang='lat' dir='ltr'><strong>hoc</strong></span> <span class='ocrx_word' id='word_1_264' title='bbox 863 2049 1008 2083; x_wconf 83' lang='lat' dir='ltr'><strong>consilio</strong></span> <span class='ocrx_word' id='word_1_265' title='bbox 1037 2049 1085 2083; x_wconf 84' lang='lat' dir='ltr'><strong>ita</strong></span> <span class='ocrx_word' id='word_1_266' title='bbox 1111 2049 1311 2094; x_wconf 80' lang='lat' dir='ltr'><strong>aberrasse,</strong></span> <span class='ocrx_word' id='word_1_267' title='bbox 1343 2053 1382 2084; x_wconf 88' lang='lat' dir='ltr'><strong>ut</strong></span> <span class='ocrx_word' id='word_1_268' title='bbox 1405 2051 1522 2086; x_wconf 86' lang='lat' dir='ltr'><strong>verbis</strong></span> 
     </span>
     <span class='ocr_line' id='line_1_29' title="bbox 129 2109 1521 2155; baseline 0.001 -12"><span class='ocrx_word' id='word_1_269' title='bbox 129 2110 302 2155; x_wconf 75' lang='lat' dir='ltr'><strong>principes</strong></span> <span class='ocrx_word' id='word_1_270' title='bbox 331 2129 375 2133; x_wconf 97' lang='lat'><strong>—</strong></span> <span class='ocrx_word' id='word_1_271' title='bbox 402 2109 583 2145; x_wconf 81' lang='lat' dir='ltr'><strong>coniurant</strong></span> <span class='ocrx_word' id='word_1_272' title='bbox 622 2109 777 2154; x_wconf 87' lang='lat' dir='ltr'><strong>primum</strong></span> <span class='ocrx_word' id='word_1_273' title='bbox 810 2109 845 2143; x_wconf 91' lang='lat' dir='ltr'><strong>in</strong></span> <span class='ocrx_word' id='word_1_274' title='bbox 884 2109 1125 2143; x_wconf 87' lang='lat' dir='ltr'><strong>enunciatione</strong></span> <span class='ocrx_word' id='word_1_275' title='bbox 1159 2109 1275 2143; x_wconf 85' lang='lat' dir='ltr'><strong>locum</strong></span> <span class='ocrx_word' id='word_1_276' title='bbox 1300 2112 1521 2153; x_wconf 61' lang='lat' dir='ltr'><strong>,concctleret,</strong></span> 
     </span>
     <span class='ocr_line' id='line_1_30' title="bbox 132 2169 1519 2215; baseline 0.002 -12"><span class='ocrx_word' id='word_1_277' title='bbox 132 2169 232 2214; x_wconf 80' lang='lat' dir='ltr'><strong>quasi</strong></span> <span class='ocrx_word' id='word_1_278' title='bbox 262 2169 351 2203; x_wconf 90' lang='lat' dir='ltr'><strong>haec</strong></span> <span class='ocrx_word' id='word_1_279' title='bbox 383 2172 558 2204; x_wconf 79' lang='lat' dir='ltr'><strong>structura</strong></span> <span class='ocrx_word' id='word_1_280' title='bbox 589 2169 851 2213; x_wconf 81' lang='lat' dir='ltr'><strong>praecessisset:</strong></span> <span class='ocrx_word' id='word_1_281' title='bbox 885 2169 1000 2214; x_wconf 83' lang='lat' dir='ltr'><strong>Igitur</strong></span> <span class='ocrx_word' id='word_1_282' title='bbox 1031 2181 1132 2214; x_wconf 83' lang='lat' dir='ltr'><strong>quum</strong></span> <span class='ocrx_word' id='word_1_283' title='bbox 1167 2170 1340 2214; x_wconf 67' lang='lat' dir='ltr'><strong>Vagenses</strong></span> <span class='ocrx_word' id='word_1_284' title='bbox 1365 2191 1409 2196; x_wconf 91' lang='lat'>-</span> <span class='ocrx_word' id='word_1_285' title='bbox 1425 2173 1519 2215; x_wconf 78' lang='lat' dir='ltr'><strong>sati-</strong></span> 
     </span>
     <span class='ocr_line' id='line_1_31' title="bbox 131 2229 1517 2275; baseline 0.002 -12"><span class='ocrx_word' id='word_1_286' title='bbox 131 2234 304 2275; x_wconf 74' lang='lat' dir='ltr'><strong>gerentur</strong></span> <span class='ocrx_word' id='word_1_287' title='bbox 326 2229 421 2275; x_wconf 84' lang='lat' dir='ltr'><strong>regis</strong></span> <span class='ocrx_word' id='word_1_288' title='bbox 451 2230 651 2274; x_wconf 81' lang='lat' dir='ltr'><strong>suppliciis,</strong></span> <span class='ocrx_word' id='word_1_289' title='bbox 675 2241 785 2274; x_wconf 89' lang='lat' dir='ltr'><strong>neque</strong></span> <span class='ocrx_word' id='word_1_290' title='bbox 814 2234 917 2264; x_wconf 83' lang='lat' dir='ltr'><strong>antea</strong></span> <span class='ocrx_word' id='word_1_291' title='bbox 941 2231 1119 2264; x_wconf 74' lang='lat' dir='ltr'><strong>voluntate</strong></span> <span class='ocrx_word' id='word_1_292' title='bbox 1143 2231 1291 2265; x_wconf 80' lang='lat' dir='ltr'><strong>alienati</strong></span> <span class='ocrx_word' id='word_1_293' title='bbox 1327 2236 1437 2266; x_wconf 83' lang='lat' dir='ltr'><strong>essent</strong></span> <span class='ocrx_word' id='word_1_294' title='bbox 1455 2236 1517 2267; x_wconf 85' lang='lat' dir='ltr'><strong>ete.</strong></span> 
     </span>
     <span class='ocr_line' id='line_1_32' title="bbox 131 2290 1517 2336; baseline 0.001 -11"><span class='ocrx_word' id='word_1_295' title='bbox 131 2290 236 2335; x_wconf 83' lang='lat' dir='ltr'><strong>Quod</strong></span> <span class='ocrx_word' id='word_1_296' title='bbox 259 2291 470 2330; x_wconf 79' lang='lat' dir='ltr'><strong>laumannns</strong></span> <span class='ocrx_word' id='word_1_297' title='bbox 494 2294 613 2324; x_wconf 78' lang='lat' dir='ltr'><strong>autem</strong></span> <span class='ocrx_word' id='word_1_298' title='bbox 644 2295 758 2325; x_wconf 88' lang='lat' dir='ltr'><strong>censet</strong></span> <span class='ocrx_word' id='word_1_299' title='bbox 793 2291 932 2335; x_wconf 84' lang='lat' dir='ltr'><strong>proprie</strong></span> <span class='ocrx_word' id='word_1_300' title='bbox 963 2291 1156 2336; x_wconf 71' lang='lat' dir='ltr'><strong>genitivum</strong></span> <span class='ocrx_word' id='word_1_301' title='bbox 1180 2292 1374 2334; x_wconf 84' lang='lat' dir='ltr'><strong>ponendum</strong></span> <span class='ocrx_word' id='word_1_302' title='bbox 1400 2292 1517 2336; x_wconf 78' lang='lat' dir='ltr'><strong>fuisse,</strong></span> 
     </span>
     <span class='ocr_line' id='line_1_33' title="bbox 131 2351 1515 2395; baseline 0.001 -11"><span class='ocrx_word' id='word_1_303' title='bbox 131 2351 222 2385; x_wconf 90' lang='lat' dir='ltr'><strong>unde</strong></span> <span class='ocrx_word' id='word_1_304' title='bbox 250 2352 423 2395; x_wconf 78' lang='lat' dir='ltr'><strong>principes</strong></span> <span class='ocrx_word' id='word_1_305' title='bbox 454 2362 579 2385; x_wconf 86' lang='lat' dir='ltr'><strong>nomen</strong></span> <span class='ocrx_word' id='word_1_306' title='bbox 602 2352 785 2395; x_wconf 84' lang='lat' dir='ltr'><strong>penderet,</strong></span> <span class='ocrx_word' id='word_1_307' title='bbox 823 2363 891 2385; x_wconf 89' lang='lat' dir='ltr'><strong>non</strong></span> <span class='ocrx_word' id='word_1_308' title='bbox 915 2352 997 2386; x_wconf 82' lang='lat' dir='ltr'><strong>satis</strong></span> <span class='ocrx_word' id='word_1_309' title='bbox 1021 2355 1185 2385; x_wconf 68' lang='lat' dir='ltr'><strong>accurate</strong></span> <span class='ocrx_word' id='word_1_310' title='bbox 1208 2351 1258 2386; x_wconf 85' lang='lat' dir='ltr'><strong>ita</strong></span> <span class='ocrx_word' id='word_1_311' title='bbox 1282 2352 1440 2386; x_wconf 76' lang='lat' dir='ltr'><strong>statuisse</strong></span> <span class='ocrx_word' id='word_1_312' title='bbox 1463 2352 1515 2386; x_wconf 86' lang='lat' dir='ltr'><strong>vi·</strong></span> 
     </span>
     <span class='ocr_line' id='line_1_34' title="bbox 131 2411 1514 2456; baseline 0.002 -11"><span class='ocrx_word' id='word_1_313' title='bbox 131 2411 240 2445; x_wconf 83' lang='lat' dir='ltr'><strong>detur.</strong></span> <span class='ocrx_word' id='word_1_314' title='bbox 289 2411 453 2446; x_wconf 80' lang='lat' dir='ltr'><strong>Genitivo</strong></span> <span class='ocrx_word' id='word_1_315' title='bbox 484 2412 575 2445; x_wconf 90' lang='lat' dir='ltr'><strong>enim</strong></span> <span class='ocrx_word' id='word_1_316' title='bbox 610 2411 695 2446; x_wconf 83' lang='lat' dir='ltr'><strong>Sall.</strong></span> <span class='ocrx_word' id='word_1_317' title='bbox 723 2423 791 2446; x_wconf 89' lang='lat' dir='ltr'><strong>non</strong></span> <span class='ocrx_word' id='word_1_318' title='bbox 825 2413 1006 2446; x_wconf 87' lang='lat' dir='ltr'><strong>commode</strong></span> <span class='ocrx_word' id='word_1_319' title='bbox 1039 2416 1174 2456; x_wconf 80' lang='lat' dir='ltr'><strong>poterat</strong></span> <span class='ocrx_word' id='word_1_320' title='bbox 1203 2412 1278 2454; x_wconf 88' lang='lat' dir='ltr'><strong>uti,</strong></span> <span class='ocrx_word' id='word_1_321' title='bbox 1314 2414 1413 2448; x_wconf 83' lang='lat' dir='ltr'><strong>nulla</strong></span> <span class='ocrx_word' id='word_1_322' title='bbox 1445 2415 1514 2448; x_wconf 82' lang='lat' dir='ltr'><strong>Va-</strong></span> 
     </span>
     <span class='ocr_line' id='line_1_35' title="bbox 131 2471 1512 2518; baseline 0.001 -12"><span class='ocrx_word' id='word_1_323' title='bbox 131 2472 291 2518; x_wconf 87' lang='lat' dir='ltr'><strong>gensium</strong></span> <span class='ocrx_word' id='word_1_324' title='bbox 319 2472 355 2506; x_wconf 88' lang='lat' dir='ltr'><strong>iu</strong></span> <span class='ocrx_word' id='word_1_325' title='bbox 379 2472 659 2507; x_wconf 85' lang='lat' dir='ltr'><strong>antecedentibus</strong></span> <span class='ocrx_word' id='word_1_326' title='bbox 688 2471 862 2507; x_wconf 88' lang='lat' dir='ltr'><strong>mentione</strong></span> <span class='ocrx_word' id='word_1_327' title='bbox 893 2473 1010 2513; x_wconf 81' lang='lat' dir='ltr'><strong>facta3</strong></span> <span class='ocrx_word' id='word_1_328' title='bbox 1042 2471 1086 2506; x_wconf 83' lang='lat' dir='ltr'><strong>ad</strong></span> <span class='ocrx_word' id='word_1_329' title='bbox 1112 2472 1364 2507; x_wconf 86' lang='lat' dir='ltr'><strong>nominativum</strong></span> <span class='ocrx_word' id='word_1_330' title='bbox 1396 2478 1512 2508; x_wconf 88' lang='lat' dir='ltr'><strong>autem</strong></span> 
     </span>
     <span class='ocr_line' id='line_1_36' title="bbox 130 2520 1512 2577; baseline 0.001 -10"><span class='ocrx_word' id='word_1_331' title='bbox 130 2537 255 2577; x_wconf 85' lang='lat' dir='ltr'><strong>sponte</strong></span> <span class='ocrx_word' id='word_1_332' title='bbox 286 2533 434 2567; x_wconf 85' lang='lat' dir='ltr'><strong>ducebat</strong></span> <span class='ocrx_word' id='word_1_333' title='bbox 463 2532 689 2576; x_wconf 81' lang='lat' dir='ltr'><strong>oppositionis</strong></span> <span class='ocrx_word' id='word_1_334' title='bbox 711 2520 823 2567; x_wconf 47' lang='lat' dir='ltr'><strong>&#39;ratim</strong></span> <span class='ocrx_word' id='word_1_335' title='bbox 870 2533 961 2568; x_wconf 63' lang='lat' dir='ltr'><strong>Nam</strong></span> <span class='ocrx_word' id='word_1_336' title='bbox 992 2543 1098 2576; x_wconf 89' lang='lat' dir='ltr'><strong>quum</strong></span> <span class='ocrx_word' id='word_1_337' title='bbox 1131 2537 1311 2567; x_wconf 83' lang='lat' dir='ltr'><strong>narratum</strong></span> <span class='ocrx_word' id='word_1_338' title='bbox 1343 2537 1433 2568; x_wconf 78' lang='lat' dir='ltr'><strong>esset</strong></span> <span class='ocrx_word' id='word_1_339' title='bbox 1455 2535 1512 2568; x_wconf 91' lang='lat' dir='ltr'><strong>Iu·</strong></span> 
     </span>
     <span class='ocr_line' id='line_1_37' title="bbox 129 2592 1513 2638; baseline 0.001 -12"><span class='ocrx_word' id='word_1_340' title='bbox 129 2593 300 2638; x_wconf 84' lang='lat' dir='ltr'><strong>gurtham</strong></span> <span class='ocrx_word' id='word_1_341' title='bbox 324 2594 452 2628; x_wconf 86' lang='lat' dir='ltr'><strong>multas</strong></span> <span class='ocrx_word' id='word_1_342' title='bbox 475 2594 633 2629; x_wconf 85' lang='lat' dir='ltr'><strong>civitates</strong></span> <span class='ocrx_word' id='word_1_343' title='bbox 656 2595 859 2635; x_wconf 80' lang='lat' dir='ltr'><strong>affectasse,</strong></span> <span class='ocrx_word' id='word_1_344' title='bbox 895 2592 991 2637; x_wconf 88' lang='lat' dir='ltr'><strong>prius</strong></span> <span class='ocrx_word' id='word_1_345' title='bbox 1017 2604 1121 2637; x_wconf 85' lang='lat' dir='ltr'><strong>quam</strong></span> <span class='ocrx_word' id='word_1_346' title='bbox 1146 2596 1390 2638; x_wconf 84' lang='lat' dir='ltr'><strong>exponeretur,</strong></span> <span class='ocrx_word' id='word_1_347' title='bbox 1423 2604 1513 2638; x_wconf 87' lang='lat' dir='ltr'><strong>quae</strong></span> 
     </span>
     <span class='ocr_line' id='line_1_38' title="bbox 131 2653 1511 2699; baseline 0.001 -12"><span class='ocrx_word' id='word_1_348' title='bbox 131 2654 344 2699; x_wconf 75' lang='lat' dir='ltr'><strong>Vagensium</strong></span> <span class='ocrx_word' id='word_1_349' title='bbox 373 2659 490 2699; x_wconf 81' lang='lat' dir='ltr'><strong>partes</strong></span> <span class='ocrx_word' id='word_1_350' title='bbox 524 2654 686 2698; x_wconf 75' lang='lat' dir='ltr'><strong>fuissent,</strong></span> <span class='ocrx_word' id='word_1_351' title='bbox 721 2654 904 2688; x_wconf 76' lang='lat' dir='ltr'><strong>dicendum</strong></span> <span class='ocrx_word' id='word_1_352' title='bbox 937 2657 1013 2688; x_wconf 77' lang='lat' dir='ltr'><strong>erat</strong></span> <span class='ocrx_word' id='word_1_353' title='bbox 1044 2653 1147 2689; x_wconf 87' lang='lat' dir='ltr'><strong>iniis</strong></span> <span class='ocrx_word' id='word_1_354' title='bbox 1170 2654 1390 2697; x_wconf 79' lang='lat' dir='ltr'><strong>civitatibus,</strong></span> <span class='ocrx_word' id='word_1_355' title='bbox 1422 2665 1511 2698; x_wconf 85' lang='lat' dir='ltr'><strong>quae</strong></span> 
     </span>
     <span class='ocr_line' id='line_1_39' title="bbox 133 2713 1510 2760; baseline -0.001 -12"><span class='ocrx_word' id='word_1_356' title='bbox 133 2713 176 2748; x_wconf 80' lang='lat' dir='ltr'><strong>ad</strong></span> <span class='ocrx_word' id='word_1_357' title='bbox 199 2713 426 2749; x_wconf 84' lang='lat' dir='ltr'><strong>defectionem</strong></span> <span class='ocrx_word' id='word_1_358' title='bbox 451 2719 663 2759; x_wconf 75' lang='lat' dir='ltr'><strong>spectarent,</strong></span> <span class='ocrx_word' id='word_1_359' title='bbox 696 2715 869 2760; x_wconf 71' lang='lat' dir='ltr'><strong>l&#39;agcnscs</strong></span> <span class='ocrx_word' id='word_1_360' title='bbox 895 2713 1021 2755; x_wconf 56' lang='lat' dir='ltr'><strong>fuisso-3</strong></span> <span class='ocrx_word' id='word_1_361' title='bbox 1047 2713 1092 2748; x_wconf 81' lang='lat' dir='ltr'><strong>cf.</strong></span> <span class='ocrx_word' id='word_1_362' title='bbox 1118 2714 1160 2748; x_wconf 81' lang='lat' dir='ltr'><strong>ad</strong></span> <span class='ocrx_word' id='word_1_363' title='bbox 1187 2724 1217 2750; x_wconf 88' lang='lat' dir='ltr'><strong>c.</strong></span> <span class='ocrx_word' id='word_1_364' title='bbox 1241 2714 1337 2755; x_wconf 70' lang='lat' dir='ltr'><strong>xlx,</strong></span> <span class='ocrx_word' id='word_1_365' title='bbox 1361 2713 1394 2748; x_wconf 93' lang='lat'><strong>1.</strong></span> <span class='ocrx_word' id='word_1_366' title='bbox 1441 2713 1510 2748; x_wconf 83' lang='lat' dir='ltr'><strong>Sed</strong></span> 
     </span>
    </p>
   </div>
  </div>
 </body>
</html>
