1630 3034
451 134 818 177 IUGURTHA.
880 135 1001 178 GAP.
1028 136 1073 178 C.
1358 141 1444 182 535

63 257 192 296 esset.
264 251 324 294 Et
370 267 473 296 sane
519 250 689 295 Marius
734 252 898 309 illoque
944 252 1126 311 aliisque
1162 253 1473 314 temporibus5

61 419 115 454 11.
150 422 259 454 exstat
284 421 466 462 futurum,
499 429 600 462 quae.
647 417 730 452 Inde
760 417 855 451 enim
886 419 1022 454 numeri
1051 419 1220 464 aequandi
1247 431 1369 456 caussa
1405 422 1442 456 in

58 479 232 514 nonnullis
264 480 391 514 Palatt.
424 483 457 513 et
490 478 600 512 Barb.
624 478 658 513 5.
693 479 824 513 factum
851 481 1023 523 sutura
1057 493 1170 525 quae,
1202 481 1238 515 in
1264 482 1382 516 Guelf.
1406 482 1442 519 3.

52 542 214 584 futurum
246 540 386 585 quod,
421 538 457 572 in
481 538 600 573 Struv.
623 539 692 574 Ine.
720 538 754 572 1.
779 539 874 574 l'rat.
896 539 931 574 3.
954 540 1051 575 Leid.
1076 541 1120 576 B.
1143 541 1187 578 N.
1204 542 1287 577 Bas.
1310 543 1345 579 4.
1369 544 1441 577 Pa-

57 600 115 635 ris.
139 612 170 634 z.
202 603 237 634 et
269 599 445 633 nonnullis
476 599 604 633 Palatt.
642 601 918 642 futurorum
950 612 1058 644 quae,
1091 601 1126 634 in
1151 601 1231 639 Sen.
1255 603 1289 636 2.
1314 604 1440 638 Heuss.

52 664 250 705 futurorum
273 661 382 706 quod,
407 659 540 694 scilicet
563 669 605 692 ex
631 658 828 693 coniectura
851 660 970 694 versui
994 662 1227 706 superscripta
1251 666 1284 696 et
1309 666 1440 697 temere

56 722 251 764 intellecta,
280 721 319 755 in
340 720 418 755 Vin.
442 721 475 754 1.
509 720 613 756 Bern.
640 720 673 754 1.
705 723 740 754 et
769 720 887 754 Berol.
913 721 946 754 2.
965 723 1083 765 futuri
1105 722 1214 768 quod,
1236 722 1381 766 deniqne
1404 723 1438 756 in

54 782 218 827 plurimis
251 783 436 827 vulgatum
475 780 566 814 illud
584 780 700 824 futuri
722 792 830 825 quae,
864 782 954 824 quod
977 781 1073 816 haud
1098 782 1202 816 dubie
1224 784 1268 817 ab
1293 783 1335 817 iis
1358 794 1437 827 pro-

55 843 189 877 fectum
221 846 292 884 est,
322 843 383 887 qui
416 841 539 888 pingui
572 841 736 876 Minerva
762 844 927 885 futurum
961 854 1042 876 cum
1072 842 1231 886 proximo
1267 844 1440 878 vocabulo

55 904 255 947 diffidentia
278 903 465 938 conciliare
488 903 680 945 studerent,
705 902 749 936 de
770 902 993 946 sequentibus
1014 903 1119 947 plane
1141 904 1264 938 securi.
1312 905 1386 938 Iam
1411 904 1441 939 si

54 963 214 1008 quaeris,
249 975 318 1008 quo
352 965 491 999 tandem
528 963 633 998 modo
664 974 753 1009 quae
786 963 830 997 ad
853 963 1066 1008 singularem
1098 964 1263 999 infinitivi
1288 965 1438 1000 formam

54 1024 180 1058 referri
204 1024 337 1068 possit,
370 1036 433 1070 pro
457 1025 557 1060 nobis
581 1023 785 1068 respondeat
809 1023 965 1066 Gellius,
998 1024 1081 1068 qui,
1106 1036 1212 1069 quum
1236 1025 1327 1060 libro
1350 1026 1378 1069 1,
1405 1026 1438 1060 7.

53 1086 250 1128 retulisset,
280 1085 446 1120 vitiosum
480 1085 652 1120 nonnullis
685 1085 799 1118 visum
823 1095 915 1126 esse,
947 1085 1040 1128 quod
1063 1086 1154 1129 apud
1178 1087 1378 1121 Ciceronem
1402 1086 1439 1120 in

54 1148 197 1180 Verrem
221 1146 280 1190 (V,
305 1145 363 1188 65,
388 1146 489 1190 167.)
512 1147 664 1191 legatur:
698 1145 862 1180 Homines
892 1157 1103 1191 quocumque
1124 1148 1282 1182 venerint
1322 1148 1437 1181 hanc

54 1208 119 1241 sibi
142 1218 232 1241 rem
255 1207 431 1257 praesidio
455 1212 595 1251 sperant
613 1208 850 1249 futurum,
875 1207 1015 1242 doctum
1044 1208 1196 1243 amicum
1221 1207 1370 1249 inducit,
1395 1207 1438 1241 il-

52 1269 104 1302 los
127 1267 381 1311 vituperatores
406 1267 698 1312 redarguentem,
724 1266 805 1310 qui:
838 1268 1055 1311 „Futurum
1078 1268 1212 1313 inquit,
1236 1280 1304 1302 non
1327 1269 1438 1303 refer-

52 1333 110 1363 tur
139 1328 183 1363 ad
215 1339 310 1369 rem,
346 1327 436 1362 sicut
475 1327 669 1372 legentibus
701 1331 832 1362 temere
863 1332 897 1363 et
928 1330 1101 1364 incuriose
1133 1317 1294 1371 videtur,
1326 1339 1437 1372 neque

50 1400 116 1434 pro
138 1388 322 1434 participio
344 1388 500 1433 positum
523 1392 586 1431 est,
609 1389 668 1423 sed
692 1390 838 1423 verbum
862 1394 914 1424 est
935 1390 1162 1434 indefinitum,
1191 1388 1284 1432 quod
1309 1388 1437 1422 Graeci

52 1451 229 1494 appellant
262 1447 551 1494 ἅπαρὲμφατον;
583 1460 693 1494 neque
722 1450 893 1492 numeris,
928 1461 1040 1494 neque
1060 1449 1246 1495 generibus
1277 1459 1435 1493 praeser-

50 1509 168 1554 viens,
192 1510 251 1544 sed
274 1509 426 1544 liberum
455 1510 607 1553 undique
645 1514 681 1544 et
703 1510 988 1554 impromiscuum
1011 1513 1073 1544 est.
1121 1510 1231 1553 Quali
1255 1511 1292 1544 C.
1322 1511 1435 1544 Grae-

51 1570 138 1603 chus
161 1571 270 1604 verbo
294 1581 377 1604 usus
400 1573 451 1604 est
475 1570 510 1604 in
534 1570 702 1613 oratione,
727 1571 825 1605 cuius
849 1570 974 1606 titulus
993 1573 1044 1605 est
1066 1571 1118 1605 De
1144 1572 1185 1614 Q.
1211 1571 1343 1616 Popilio
1368 1571 1435 1605 cir-

50 1643 127 1664 cum
150 1631 398 1672 conciliabula,
434 1631 470 1664 in
503 1642 572 1675 qua
602 1631 654 1665 ita
684 1631 851 1675 scriptum
875 1634 946 1665 est:
985 1631 1095 1664 Credo
1130 1643 1195 1677 ego
1222 1633 1436 1666 inimicos

48 1703 141 1726 meos
163 1692 225 1725 hoc
250 1692 490 1727 dicturum.
538 1691 720 1733 Inimicos,
743 1691 880 1735 inquit,
912 1691 1096 1732 dicturum,
1121 1696 1155 1726 et
1178 1703 1246 1727 non
1270 1693 1432 1728 dicturos.

47 1752 237 1786 l‘ideturne
259 1763 302 1785 ea
331 1751 469 1785 ratione
499 1751 649 1795 positum
682 1762 756 1785 esse
790 1752 882 1795 apud
917 1752 1116 1786 Gracchum
1142 1753 1337 1803 «ficturum,
1362 1763 1432 1796 qua.

48 1817 100 1846 est
134 1813 230 1857 apud
267 1812 468 1846 Ciceronem
495 1811 685 1855 futurum?
718 1811 807 1846 sicut
838 1812 873 1845 in
907 1812 1049 1846 Graeca
1084 1813 1240 1847 oratione
1260 1813 1334 1847 sine
1357 1813 1433 1847 ulla

48 1872 126 1907 vitii
149 1872 344 1917 suspicione
366 1872 527 1906 omnibus
558 1871 712 1905 numeris
734 1872 991 1916 generibusque
1013 1871 1087 1905 sine
1108 1872 1308 1906 discrimine
1330 1872 1432 1906 attri-

46 1935 200 1967 buuntur
232 1932 473 1966 huiuscemodi
505 1932 613 1966 verba
644 1930 832 1976 ποιήσειν,
862 1931 1035 1972 ἔσεσθαι,
1066 1930 1203 1975 λέξειν,
1232 1937 1267 1967 et
1288 1932 1431 1967 similia.

46 1995 86 2027 ln
110 1994 153 2036 Q.
179 2004 314 2037 quoque
337 1991 566 2037 Quadrigarii
589 1992 690 2026 tertio
713 1991 838 2026 Annali
861 1991 954 2026 libro
985 1992 1093 2026 verba
1116 1993 1205 2027 haec
1228 2005 1302 2028 esse
1326 1993 1430 2028 dixit:

46 2054 137 2087 Dum
161 2054 188 2087 ii
211 2053 495 2094 conciderentur,
530 2053 678 2087 hostium
715 2054 875 2097 copias
906 2053 955 2086 ibi
987 2059 1172 2098 occupatas
1196 2055 1416 2096 futurum

44 2115 84 2149 lu
117 2113 397 2148 duodevicesimo
430 2112 557 2147 Annali
586 2112 740 2147 eiusdem
772 2112 1000 2158 Quadrigarii
1029 2113 1241 2158 principium
1273 2113 1356 2148 libri
1377 2113 1429 2148 sie

43 2174 229 2219 scriptum:
255 2176 296 2209 Si
317 2185 380 2218 pro
402 2179 466 2208 tua
489 2173 642 2208 bonitate
667 2178 700 2208 et
728 2179 845 2208 nostra
869 2175 1044 2208 voluntate
1076 2175 1141 2209 tibi
1163 2174 1325 2209 valetudo
1348 2185 1429 2219 sup—

43 2237 146 2280 petit,
173 2240 224 2270 εει
247 2236 339 2281 quod
361 2247 534 2280 speremus
558 2235 665 2268 deos
688 2235 784 2268 bonis
807 2233 890 2268 bene
905 2237 1157 2278 facturum.
1189 2235 1276 2270 Item
1300 2235 1337 2269 in
1360 2236 1428 2270 Va-

45 2296 125 2330 lerii
149 2296 297 2331 Antiatis
323 2301 448 2340 quarto
475 2300 510 2330 et
543 2295 707 2329 vicesimo
729 2294 836 2329 simili
867 2294 970 2329 modo
991 2294 1177 2339 scriptum:
1213 2296 1254 2329 si
1283 2297 1351 2331 hae
1372 2307 1431 2330 res

47 2357 187 2390 divinae
212 2358 336 2399 factae
359 2357 492 2400 riteque
512 2355 702 2400 perlitatae
726 2360 846 2394 essent,
871 2356 1069 2400 haruspices
1096 2357 1256 2391 dixerunt
1278 2358 1431 2391 omnia

48 2428 90 2451 ex
119 2418 292 2452 sententia
322 2427 643 2461 processurum
673 2427 758 2451 esse.
806 2417 950 2450 Plautus
980 2416 1087 2450 etiam
1117 2416 1154 2451 in
1188 2417 1315 2452 Casina
1346 2417 1427 2463 (111,

46 2477 80 2519 5,
103 2476 179 2522 51.)
204 2489 312 2521 quum
347 2478 390 2511 de
422 2477 540 2521 puella
571 2477 772 2521 loqueretur
794 2477 981 2510 occisurum
1002 2476 1108 2519 dixit,
1131 2488 1200 2512 non
1223 2478 1425 2519 occisuram,

47 2538 103 2572 his
131 2537 265 2572 verbis:
301 2538 423 2573 Etiam
448 2538 553 2572 habet
579 2537 708 2572 Casina
730 2536 920 2587 gladium?
943 2538 1071 2579 Habet,
1098 2539 1166 2572 sed*
1183 2538 1270 2572 duos
1297 2537 1427 2581 Quibus

50 2599 158 2632 altero
183 2603 216 2632 te
242 2599 506 2633 occisurum
536 2598 609 2640 ait,
640 2597 750 2631 altero
777 2598 939 2631 villicum.
987 2598 1082 2632 Item
1103 2598 1274 2633 Laberius
1298 2598 1335 2632 in
1354 2599 1426 2632 Ge-

49 2659 183 2704 mellis:
210 2659 290 2693 Non
310 2659 453 2704 putavi,
484 2658 615 2703 inquit,
645 2659 708 2692 hoc
742 2669 837 2692 eam
863 2661 1110 2700 facturum.
1159 2659 1236 2694 Non
1260 2669 1346 2704 ergo
1366 2658 1424 2692 isti

49 2728 166 2754 omnes
189 2719 416 2755 soloecismus
439 2719 522 2764 quid
545 2724 634 2756 esset
655 2719 925 2765 ignoraverant,
954 2718 1015 2753 sed
1037 2720 1207 2754 dicturum
1221 2747 1230 2764 ,
1249 2722 1423 2764 fictarum,
