1630 3034
456 177 816 221 IUGURTHA.
878 177 1010 221 GAP.
1044 179 1199 221 XLIV.
1428 183 1512 223 255

134 296 312 340 vectitio
349 301 394 340 et
424 295 517 340 aliis
549 294 730 349 talibus3
769 300 1004 354 praeterea
1033 295 1301 340 framentum
1331 296 1512 355 publice

135 392 289 436 datum
334 391 552 447 vendere,
602 407 766 451 panem
809 392 855 435 in
890 391 985 437 dies
1020 392 1229 445 mercari3
1271 397 1514 452 postremo,

136 504 446 548 quaecumque
481 489 569 532 dici
603 497 678 532 aut
711 489 823 548 fingi
859 495 1025 547 queunt
1054 489 1259 549 ignaviae
1293 488 1514 533 luxuriae-

137 601 223 644 que
264 586 455 644 probra,
500 586 545 629 in
589 585 664 628 illo
713 586 915 630 exercitu
953 592 1110 630 cuncta
1157 585 1304 643 fuere,
1353 592 1398 630 et
1432 587 1516 631 alia

138 682 340 741 amplius,

136 835 203 872 tos,
226 829 317 874 quod
342 833 440 863 extra
462 828 618 862 ordinem
643 835 754 864 essent
776 830 937 873 militiae,
963 830 1075 874 iisque
1099 830 1215 865 liceret
1237 831 1328 874 quod
1353 831 1519 867 libuisset.

136 892 238 926 Hanc
261 888 527 934 explicationem
551 894 688 923 secutus
712 891 850 925 Coi-tius
873 892 907 925 in
933 892 1163 925 Commentat.
1198 890 1241 925 de
1264 893 1334 926 Usu
1362 894 1518 938 orthogr.

138 952 220 985 Lat.
245 962 276 983 c.
304 950 362 983 lll.
388 952 422 992 §.
447 950 502 985 11.
527 962 561 985 n.
584 950 608 985 9
631 956 666 985 et
690 952 746 987 10.
770 953 984 986 vocabulum
1008 952 1101 985 haud
1126 952 1219 984 male
1242 953 1340 987 ducit
1361 965 1382 987 a
1405 954 1518 988 laxus.

137 1010 303 1055 „Quippe
324 1010 361 1044 in
384 1022 447 1053 eo,
481 1011 614 1055 inquit,
638 1013 729 1056 quod
753 1012 821 1046 sint
844 1013 949 1047 soluti
973 1013 1113 1054 ordine,
1146 1013 1259 1045 omnis
1281 1010 1334 1044 vis
1357 1011 1521 1045 vocabuli

138 1072 288 1105 lixarum
311 1071 378 1105 sita
403 1076 465 1106 est.
515 1073 663 1106 Possunt
686 1072 739 1105 illi
764 1078 926 1116 quaestus
949 1073 1065 1118 gratia
1089 1071 1277 1106 exercitum
1302 1071 1418 1115 sequi,
1442 1083 1521 1116 pos-

137 1135 216 1167 sunt
237 1133 387 1166 mercari
411 1137 445 1167 et
474 1144 554 1166 cum
578 1133 691 1176 pretio
714 1133 820 1166 etiam
844 1134 986 1168 servilia
1010 1138 1196 1178 praestare.
1209 1135 1234 1152 ‘⁶
1280 1132 1395 1166 Aliam
1425 1132 1523 1167 vocis

139 1193 405 1238 explicationem
428 1193 521 1227 dedit
543 1193 676 1228 Nonius
697 1194 858 1228 Marcell.
873 1195 899 1238 Ι,
923 1193 1003 1228 238.
1037 1197 1071 1228 et
1094 1194 1130 1236 l,
1153 1192 1233 1227 309.
1267 1193 1357 1225 lixas
1380 1193 1425 1226 ab
1449 1193 1522 1226 lixa

140 1253 162 1288 i.
187 1265 219 1288 e.
244 1265 337 1298 aqua
359 1265 433 1287 esse
457 1253 577 1295 dictos,
601 1254 683 1297 quia
714 1254 885 1289 militibus
908 1266 1037 1299 aquam
1061 1255 1105 1288 ad
1129 1258 1244 1288 castra
1266 1254 1322 1286 vel
1345 1254 1389 1286 ad
1412 1257 1521 1288 tento-

140 1314 195 1348 ria
219 1314 312 1348 ferre
333 1314 499 1363 solerent,
529 1315 618 1356 quod
644 1315 813 1358 probatu·-
836 1315 1044 1350 Doederlino
1061 1315 1256 1360 Syuonym.
1280 1314 1357 1347 Lat.
1374 1314 1450 1347 Vol.
1464 1313 1522 1348 lv.

140 1386 174 1419 p.
197 1373 278 1408 268.
313 1373 431 1417 Nuper
444 1374 699 1409 Lindemannus
723 1376 766 1408 ad
798 1376 891 1409 Festi
921 1377 943 1410 1.
963 1377 986 1411 l.
1011 1389 1044 1421 p.
1066 1377 1147 1410 472.
1181 1374 1278 1409 duxit
1308 1375 1353 1408 ab
1379 1374 1522 1418 antiquo

141 1435 250 1469 verbo
275 1435 386 1479 ligere
418 1434 441 1468 i.
469 1445 500 1470 e.
536 1436 669 1481 ligare,
703 1440 741 1469 ut
766 1438 836 1470 lira
861 1437 905 1470 sit
929 1437 989 1481 qui
1016 1437 1265 1481 impedimenta
1286 1434 1398 1479 ligat,
1432 1433 1525 1478 quod

141 1495 230 1530 mihi
254 1496 394 1539 quidem
418 1506 542 1539 parum
566 1496 748 1541 probabile
769 1498 920 1532 videaur.
945 1517 988 1523 —
1012 1499 1083 1532 Pro
1107 1498 1180 1531 die
1203 1500 1370 1540 noctuque
1392 1495 1526 1528 Fronto

142 1556 232 1591 libro
255 1567 358 1600 supra
381 1556 522 1590 laudato
549 1568 582 1600 p.
603 1556 683 1593 318.
706 1557 814 1592 habet
838 1559 914 1593 diu
936 1563 1117 1602 noctuque,
1146 1561 1184 1592 ut
1198 1554 1406 1591 ciacconius
1420 1553 1526 1588 scribi

142 1617 304 1658 volebat,
336 1620 476 1660 propter
499 1617 577 1662 lug.
599 1618 714 1660 Lxx,
739 1618 772 1651 1.
807 1622 841 1653 et
869 1619 1050 1665 Fragmm.
1079 1619 1229 1652 Historr.
1255 1618 1307 1658 11,
1330 1616 1388 1649 27.
1424 1614 1523 1649 Gerl-

140 1678 209 1711 Sed
232 1688 350 1711 omnes
374 1677 471 1710 codd.
502 1677 537 1711 iu
569 1679 716 1723 vulgata
743 1680 962 1723 conspirant3
987 1691 1018 1714 v.
1041 1681 1083 1713 ad
1104 1678 1307 1718 xxxxnl,
1329 1676 1364 1712 3.
1395 1676 1525 1709 Gerla-

141 1739 240 1773 chius
256 1743 372 1772 tamen
397 1739 432 1772 in
451 1739 506 1773 ed.
526 1739 612 1774 min.
629 1751 696 1774 non
716 1740 850 1774 monito
870 1742 1002 1775 lectore
1026 1742 1086 1775 diu
1106 1741 1254 1783 scripsit.
1303 1738 1398 1772 Idem
1417 1737 1527 1770 libro-

140 1811 220 1833 rum
240 1810 422 1832 consensus
444 1799 531 1833 facit
552 1805 590 1833 ut
610 1806 643 1835 et
663 1804 742 1834 ante
757 1803 930 1844 palantes,
957 1803 1047 1845 quod
1074 1803 1165 1845 apud
1189 1802 1400 1835 Frontonem
1423 1798 1528 1837 deest,

142 1859 373 1902 retineamus,
406 1871 620 1904 quamquam
654 1861 814 1895 Sallustii
849 1863 1061 1897 consuetudo
1097 1862 1131 1895 id
1161 1863 1283 1896 abesse
1315 1859 1460 1903 patitur.
1483 1877 1528 1884 ·-

142 1921 258 1954 Verba
280 1921 410 1965 vagari
438 1924 473 1954 et
502 1922 621 1965 palari
653 1923 827 1965 quomodo
856 1922 1022 1957 differant
1050 1923 1138 1956 bene
1169 1920 1287 1955 docuit
1321 1920 1407 1955 Lud.
1435 1920 1528 1953 Doe-

144 1981 297 2014 derlinus
320 1981 355 2014 in
372 1980 603 2025 Synonymm.
624 1982 717 2016 Late.
732 1984 808 2016 Vol.
824 1984 850 2016 1.
874 1995 910 2026 p.
929 1983 984 2017 89.
1018 1983 1205 2027 lfagantur
1235 1981 1327 2014 enim
1353 1981 1412 2023 qui
1435 1985 1529 2014 certo

144 2042 234 2082 loco,
259 2042 338 2074 sede
354 2045 416 2075 aut
434 2040 495 2074 via
512 2042 563 2075 uti
583 2043 725 2084 nolunt,
751 2044 809 2076 sed
827 2044 982 2077 consulto
1002 2041 1038 2075 in
1063 2041 1166 2075 varia
1192 2041 1271 2075 loca
1298 2041 1446 2082 abeunt,
1470 2052 1530 2074 or-

145 2100 226 2134 dino
251 2105 285 2135 et
310 2101 459 2145 imperio
487 2101 646 2136 exsoluti.
694 2103 789 2137 Idem
820 2104 893 2137 sere
918 2100 1072 2137 valet'de
1096 2101 1160 2143 iis,
1183 2101 1242 2145 qui
1260 2102 1439 2145 peluntur,
1462 2100 1530 2134 nisi

146 2161 239 2205 quod
257 2162 419 2205 palantes
439 2162 582 2206 dispersi
602 2166 680 2196 sunt
699 2167 734 2197 et
762 2164 878 2209 magis
904 2162 1033 2208 singuli
1061 2172 1165 2205 quam
1191 2162 1366 2196 coniuncti
1389 2173 1411 2196 a
1434 2165 1531 2197 recta

148 2221 207 2256 via
221 2226 320 2256 anta
339 2226 435 2256 certo
458 2223 538 2257 loco
558 2223 707 2265 abeunt3
732 2224 778 2258 cf.
802 2236 832 2258 c.
854 2225 964 2258 LXVI
975 2249 984 2264 ‚
1007 2223 1041 2257 3,
1067 2222 1189 2256 Palari
1213 2222 1306 2256 enim
1336 2233 1443 2266 quum
1469 2222 1531 2256 de-

147 2283 286 2317 scendat
305 2294 326 2317 a
348 2283 528 2327 pabulari,
556 2283 696 2328 proprie
715 2284 758 2318 de
773 2284 966 2328 pecudibus
988 2283 1137 2324 dicitur,
1161 2293 1251 2325 quae
1269 2281 1305 2316 in
1323 2289 1455 2327 pascua
1471 2293 1529 2316 ve-

148 2342 264 2376 scendi
288 2353 410 2377 caussa
429 2343 688 2389 disperguntur.
735 2345 834 2379 Huic
851 2344 930 2378 usui
951 2345 1051 2378 valde
1067 2347 1236 2388 cognatus
1254 2346 1306 2377 est
1322 2342 1370 2386 is,
1399 2353 1467 2386 quo
1486 2343 1530 2376 de

150 2402 320 2437 militibus
342 2409 552 2448 usurpatur,
575 2405 635 2448 qui
653 2405 689 2439 in
707 2415 811 2449 agros
829 2393 1049 2447 dilabuntur,
1073 2404 1240 2448 pabulum
1268 2403 1426 2447 petitum.
1461 2403 1528 2437 Vo-

148 2464 275 2498 cabula
302 2474 407 2508 saepe
436 2463 621 2499 coniuncta
644 2465 825 2509 leguntur-3
861 2475 895 2498 v.
915 2476 1020 2509 supra
1049 2477 1080 2498 c.
1100 2465 1235 2506 xvm,
1258 2464 1292 2498 2.
1326 2464 1386 2497 ubi
1413 2464 1530 2498 Faber

149 2524 298 2558 contulit
317 2523 392 2558 Liv.
407 2525 446 2565 V,
469 2523 536 2566 44,
558 2523 592 2560 5.
626 2525 731 2566 XXI,
753 2525 819 2566 61,
840 2525 874 2559 2.
898 2526 1036 2568 xxm,
1060 2526 1127 2568 42,
1152 2526 1210 2560 12.
1234 2542 1280 2550 —
1306 2525 1527 2559 Frumentum

150 2585 284 2628 publice
306 2585 430 2619 datum
458 2588 552 2619 certo
579 2584 636 2618 die
659 2585 952 2627 distribuebatur,
983 2597 1017 2620 v·
1046 2587 1144 2620 Caes.
1173 2586 1214 2620 B.
1244 2586 1288 2619 G.
1319 2586 1388 2626 vl,
1408 2585 1473 2627 33,
1492 2584 1525 2620 5.

144 2644 227 2679 Liv.
251 2645 384 2686 ΧΧΙΠ,
403 2645 471 2688 21,
492 2645 526 2679 2.
562 2649 595 2680 et
619 2645 758 2689 quidem
791 2646 826 2680 in
852 2650 960 2680 totum
982 2658 1154 2688 mensem,
1178 2657 1212 2680 v.
1230 2646 1308 2680 Liv.
1331 2645 1420 2687 vm,
1439 2644 1473 2687 2,
1494 2644 1529 2679 4.

112 2694 114 2697 v
152 2705 242 2739 unde
270 2705 377 2740 etiarn
404 2709 615 2740 menstruum
639 2706 790 2749 dictum,
815 2706 890 2740 Liv.
918 2707 1043 2748 XLIV,
1071 2707 1118 2749 2,
1143 2706 1177 2740 4.
1207 2707 1253 2740 cf.
1274 2705 1366 2749 Lips.
1385 2706 1428 2738 de
1446 2704 1526 2739 Mil.

151 2763 255 2799 Rom.
267 2766 308 2807 V,
326 2765 382 2800 16.
406 2765 588 2801 scholium
604 2767 647 2800 ad
669 2767 795 2813 Polyb.
815 2779 845 2802 c.
856 2768 928 2802 Vll.
952 2767 1101 2801 Nitschii
1117 2765 1253 2810 Antiqq.
1272 2766 1376 2799 Rom.
1392 2765 1467 2799 Vol.
1482 2765 1524 2798 11.
