1630 3034
446 239 804 284 IUGURTHA.
866 240 1006 284 CAP.
1034 240 1234 284 LXXIII.
1431 249 1517 290 387

125 372 306 415 omnes,
349 371 541 415 quorum
574 373 646 403 res
681 357 885 416 fidesque
918 356 963 400 in
997 358 1197 403 manibus
1232 358 1340 404 sitae
1375 370 1513 419 erant,

125 454 288 499 relictis
333 454 543 514 operibus
587 454 921 514 frequentarent
968 453 1186 512 Marium,
1231 462 1276 501 et
1317 472 1397 502 sua
1431 439 1517 503 ne:

221 644 254 685 §.
279 641 311 676 5.
358 641 512 676 seditiosi
534 643 782 688 magistratus]
812 641 1034 686 Intelligendi
1058 646 1136 676 sunt
1159 643 1290 678 tribuni
1313 646 1443 689 plebis5
1467 647 1512 682 cf.

126 703 230 739 Catil.
253 703 445 744 XXXVIII,
467 702 500 736 l.
526 703 585 736 ubi
609 702 714 736 simui
737 701 866 733 dictum
891 706 942 734 est
968 703 1009 736 de
1033 704 1217 748 exagitare
1241 706 1420 740 verbm—
1446 707 1513 741 Ca-

123 764 209 808 pitis
236 774 406 797 arcessere
431 764 639 797 Gerlachius
663 767 697 796 et
721 762 931 795 laumannus
955 774 1023 796 nou
1050 763 1092 796 de
1115 764 1191 807 ipsa
1220 767 1440 801 accusatione
1462 767 1513 802 in-

124 825 250 859 stituta
280 824 544 869 inteiligendum
570 828 730 865 censent,
763 810 821 855 sed
851 828 985 857 tantum
1023 825 1064 858 de
1089 826 1190 858 minis
1215 827 1451 870 tribunorum,
1476 840 1513 862 se

125 885 229 920 iIIum
253 889 478 919 accusaturos
502 896 587 919 esse.
634 884 743 919 Nobis
766 895 849 917 vern
874 884 938 918 ista
962 886 1071 919 verba
1095 887 1320 930 hyperbolice
1343 888 1436 922 dicta
1460 890 1514 923 vi-

125 946 250 980 dentur
265 971 275 987 ‚
299 950 338 979 ut
360 956 480 978 sensus
505 945 567 979 sit.-
591 945 641 979 ita
665 945 700 978 in
724 956 803 978 enm
829 945 1106 987 invehebantur,
1143 952 1214 980 tam
1239 948 1366 992 gravia
1390 949 1422 982 ei
1448 950 1513 983 ob-

123 1006 297 1041 iectabant
321 1005 488 1045 crimina,
528 1006 628 1049 quasi
663 1006 788 1050 capitis
821 1011 1042 1040 arcesserent.
1091 1007 1162 1041 Cur
1185 1012 1302 1041 autem
1327 1020 1513 1052 accersere,

124 1067 216 1111 quod
244 1066 347 1110 pauci
371 1066 452 1100 libri
475 1066 624 1107 babent,
649 1066 907 1110 improbemus,
941 1067 1091 1100 diximus
1118 1068 1161 1101 ad
1187 1080 1218 1101 c.
1243 1069 1387 1111 xxxu,
1413 1070 1446 1104 1.
1467 1089 1512 1096 -

126 1129 179 1161 In
208 1128 357 1161 maius
381 1127 553 1161 celebrare
578 1127 716 1162 eortius
740 1135 831 1162 recte
859 1133 974 1161 censet
995 1129 1127 1162 dictum
1152 1141 1225 1162 esse
1256 1130 1298 1162 ad
1327 1130 1511 1175 Thucydi-

123 1188 182 1222 dia
206 1188 313 1221 verba
338 1187 365 1228 Ι,
390 1187 448 1222 21.
483 1185 532 1227 ὥς
551 1189 705 1233 ποιηταὶ
736 1185 922 1232 ὑμνήκασι
947 1189 1030 1232 περὶ
1055 1187 1193 1227 αὐτῶν,
1224 1187 1301 1224 ἐπὶ
1334 1188 1386 1226 τὸ
1410 1193 1512 1233 μεῖ-

127 1249 206 1291 ζον
240 1260 294 1283 κο
309 1249 552 1292 σμοῦντες,
600 1251 652 1284 Ita
676 1249 864 1284 Saum-tius
887 1250 922 1283 in
938 1250 1070 1284 Histor.
1096 1250 1240 1294 Fragm.
1264 1250 1332 1284 Inc.
1351 1250 1409 1284 66.
1428 1252 1510 1285 Ger.

124 1309 231 1343 dixit:
263 1309 301 1342 in
330 1310 443 1344 maius
472 1323 686 1355 componere.
720 1311 834 1344 Tacit.
869 1311 1006 1344 AnnaII.
1044 1311 1148 1351 XIII,
1172 1310 1214 1352 ὃ,
1240 1310 1271 1343 l.
1323 1312 1449 1344 Omnia
1473 1313 1511 1345 in

123 1371 238 1404 maius
269 1371 443 1405 celebrata
466 1378 557 1406 sunt.
593 1372 640 1405 ib.
677 1372 757 1410 XV,
781 1371 847 1412 3⁰,
872 1372 905 1405 1.
956 1372 1088 1405 Cuncta
1123 1372 1159 1405 in
1192 1372 1306 1404 maius
1336 1373 1509 1406 attollens.

122 1430 387 1466 Drakenborch.
412 1432 456 1465 ad
480 1432 556 1466 Liv.
583 1433 741 1472 xxvnl,
765 1432 822 1472 31,
843 1432 876 1464 4.
901 1432 995 1466 cort.
1020 1433 1063 1466 ad
1090 1432 1180 1466 Ptin.
1206 1433 1294 1475 Epp.
1314 1432 1372 1473 III,
1399 1433 1455 1474 11,
1474 1433 1508 1466 1.

215 1494 247 1534 §.
271 1491 307 1526 6.
352 1492 495 1537 plebes]
521 1492 575 1527 Ita
598 1493 767 1536 scriptum
792 1493 826 1526 in
849 1493 919 1526 Bas
958 1493 989 1526 l.
1016 1493 1122 1527 Fabr.
1149 1492 1180 1525 1.
1205 1492 1285 1525 sen.
1311 1494 1342 1526 1.
1369 1493 1443 1526 Vin.
1475 1494 1505 1527 I.

123 1551 243 1586 GueIf.
267 1550 299 1584 3.
326 1551 484 1593 Goerlit„
515 1552 576 1596 qui
612 1553 696 1586 Iibri
726 1565 845 1587 omnes
879 1553 986 1588 etiam
1011 1564 1116 1596 supra
1151 1555 1182 1595 ἓ.
1209 1551 1242 1586 3.
1267 1553 1412 1586 eandem
1436 1554 1510 1587 for-

123 1624 219 1647 mam
241 1611 418 1646 exhibent.
463 1612 651 1646 Praeterea
674 1613 710 1646 h.
733 1613 758 1647 I.
791 1613 902 1647 Paris.
935 1625 964 1647 c.
990 1626 1023 1648 x.
1053 1626 1082 1648 z.
1109 1614 1241 1656 aliique
1271 1613 1448 1654 accedunt.
1467 1633 1507 1639 —

122 1676 276 1708 Accensa
307 1673 444 1706 Cottius
477 1673 564 1705 bene
587 1673 674 1707 vidit
705 1685 772 1707 non
797 1686 871 1707 esse
895 1675 1059 1716 irritata,
1093 1675 1152 1708 sed
1176 1673 1383 1718 praegnanti
1408 1685 1507 1707 sensu

120 1733 321 1778 significare
343 1733 458 1766 studio
491 1733 525 1766 in
556 1733 711 1767 Marium
745 1747 908 1776 accenso,
942 1736 1235 1779 quemadmodum
1259 1740 1381 1768 auctor
1404 1746 1510 1779 supra

121 1805 152 1828 c.
177 1794 233 1836 vl,
257 1793 291 1829 3.
315 1792 413 1828 dixit.
431 1813 477 1818 —
503 1794 571 1827 Res
599 1795 659 1828 ubi
684 1796 775 1839 fidei
806 1801 857 1830 est
888 1795 1084 1839 oppositum
1119 1793 1295 1837 significat
1320 1806 1382 1835 ea,
1419 1806 1509 1838 quae

121 1854 199 1899 quis
229 1865 312 1888 vere
343 1853 514 1898 possidet,
550 1854 738 1890 familiares
764 1869 845 1899 opes
869 1859 1089 1900 praesentes,
1123 1854 1206 1889 Ter.
1232 1855 1360 1887 Heaut.
1387 1855 1447 1896 III,
1474 1855 1507 1896 1,

120 1915 178 1950 77.
205 1916 334 1959 Hecyr.
358 1915 403 1955 ΙΙ,
428 1914 460 1955 l,
485 1914 541 1950 23.
566 1914 643 1949 LiV.
670 1916 831 1958 xxxln,
856 1917 912 1958 46,
937 1916 971 1949 2.
1026 1916 1128 1948 Fides
1152 1920 1268 1948 autem
1294 1909 1506 1957 pertinesad

123 1987 225 2010 usum
259 1986 379 2010 earum
409 1986 547 2015 rerum,
580 1987 670 2019 quae
703 1977 779 2019 quis
811 1988 880 2010 non
903 1976 979 2020 ipse
1002 1975 1173 2020 possidet,
1205 1975 1264 2007 sed
1288 1986 1436 2017 quarum
1461 1975 1508 2008 ab

123 2037 197 2071 alio
221 2035 254 2069 ei
276 2035 378 2078 copia
401 2035 460 2076 fit,
493 2036 608 2078 quoad
641 2036 701 2069 iIIe
716 2037 802 2079 fidit
833 2037 981 2069 alterum
1013 2035 1186 2068 reddendo
1211 2045 1330 2077 parem
1354 2035 1448 2075 fore,
1472 2035 1507 2068 id

122 2097 214 2142 quod
247 2095 435 2129 vernacula
467 2107 550 2128 voce
588 2096 704 2129 Credit
737 2096 964 2140 significatur.
1021 2095 1233 2138 Saepissime
1275 2100 1391 2128 autem
1422 2096 1509 2129 haec

124 2157 307 2192 coniuncta
329 2155 568 2199 reperiuntur3
600 2156 745 2200 Fragm.
779 2156 910 2188 llistor.
942 2156 1012 2196 111,
1042 2156 1106 2196 ll,
1129 2154 1162 2188 9.
1214 2155 1293 2188 Non
1322 2166 1408 2188 rem
1435 2159 1508 2198 sa-

124 2219 360 2252 miliarem
382 2217 504 2258 modo,
528 2228 646 2250 verum
670 2219 776 2250 etiam
793 2218 936 2259 sidem
961 2216 1225 2258 consumpsi.
1256 2215 1370 2248 Plaut.
1397 2215 1506 2249 Truc.

124 2280 151 2320 I,
175 2278 209 2319 l,
233 2277 290 2311 24.
341 2277 520 2321 Extemplo
555 2283 590 2312 et
622 2278 715 2322 ipsus
738 2278 846 2321 perit,
881 2283 914 2310 et
948 2287 1018 2310 res
1043 2281 1076 2310 et
1099 2276 1254 2319 siden·
1277 2274 1362 2308 ibid.
1389 2285 1421 2308 V.
1447 2275 1506 2310 38.

128 2340 240 2382 Quum
264 2349 353 2371 rem
375 2338 614 2382 fidemque
635 2349 762 2382 nosque
788 2342 920 2371 nosmet
941 2337 1127 2380 perdimus.
1163 2335 1299 2379 Epidio.
1322 2336 1365 2378 11,
1390 2335 1422 2374 2,
1446 2336 1505 2371 36.

134 2399 202 2432 Ubi
221 2398 462 2441 fidemque
495 2410 669 2443 remque
692 2410 792 2442 seque
816 2403 916 2442 teque
937 2401 1102 2440 properat
1125 2396 1280 2440 perdere.
1305 2396 1453 2430 Manen.
1480 2397 1508 2438 1,

125 2460 161 2501 2,
184 2459 242 2494 (ii.
269 2458 340 2492 Cic.
365 2456 400 2490 in
425 2457 526 2491 Catil.
553 2458 605 2500 II,
627 2457 668 2497 5,
693 2458 750 2494 10.
782 2458 828 2491 cf.
863 2457 970 2490 etiam
997 2456 1071 2490 Liv.
1100 2455 1233 2496 xxm,
1258 2455 1315 2495 48,
1335 2456 1367 2490 9.
1397 2457 1507 2491 Com.

126 2521 168 2555 In
190 2520 347 2554 monibus
377 2518 470 2552 idem
505 2518 598 2551 vaIet
630 2523 734 2561 atque
765 2517 867 2551 Catii.
891 2516 1075 2556 xxxvii,
1100 2515 1133 2548 7.
1166 2516 1202 2548 in
1230 2527 1394 2550 manuum
1417 2528 1508 2551 mer-

126 2581 220 2615 cede.
267 2579 394 2614 Sensus
417 2584 470 2613 est
494 2579 625 2623 igitur:
650 2579 710 2623 qui
734 2578 822 2612 nihiI
847 2578 948 2622 plane
971 2576 1170 2616 habebant,
1206 2581 1344 2619 praeter
1378 2588 1508 2611 mercc-

127 2642 204 2675 dem
229 2641 412 2680 diui-nanu
437 2641 482 2673 cf.
509 2640 611 2675 Catil.
638 2640 788 2679 XLVIII,
813 2639 848 2673 2.
875 2643 909 2672 et
932 2638 1079 2679 Fragm.
1106 2635 1256 2669 Histoi-r.
1283 2636 1309 2677 I,
1334 2635 1389 2678 19,
1415 2636 1507 2670 7.—

130 2701 363 2745 Frequentare
386 2702 534 2745 aliquem
559 2705 610 2735 est
634 2701 832 2744 frequenter
852 2710 932 2733 eum
952 2697 1049 2731 adire
1072 2701 1107 2730 et
1129 2696 1222 2730 circa
1245 2709 1324 2730 eum
1350 2709 1423 2730 esse
1447 2697 1508 2730 lw-

128 2762 221 2794 noris
243 2773 390 2801 causem-
419 2763 465 2795 cf.
500 2760 618 2795 Tacit.
653 2762 739 2795 Ann.
773 2762 823 2805 V,
850 2761 903 2794 10.
962 2758 1100 2791 Iuvenis
1123 2758 1194 2790 iam
1218 2758 1404 2793 iuventutis
1428 2770 1507 2791 con-

129 2831 243 2864 cursu,
267 2823 338 2857 iam
359 2823 505 2867 publicis
528 2822 653 2857 studiis
670 2820 1077 2867 frequentabatur.
1103 2818 1196 2859 XIII,
1221 2818 1278 2852 18.
1327 2818 1384 2853 Ne
1410 2822 1506 2853 coetu

1112 2888 1229 2932 25*
