1630 3034
391 119 561 169 RERUM
596 119 658 159 Ac
694 119 963 159 VERBORUM
1331 116 1386 158 33

13 231 188 272 'Eoesuryere
213 232 234 263 i.
263 240 293 272 q.
323 231 479 263 audacem
504 235 538 263 et
562 235 724 274 potentem
750 231 833 269 fieri,
859 230 882 263 1.
904 230 958 264 31.
978 231 1007 263 3.

16 286 166 318 Extollere
190 288 357 326 laudando,
382 285 405 319 Ι.
432 287 464 320 4.
482 286 514 319 2.

17 341 186 374 Extenuat-e
214 342 318 374 aciem
342 343 364 375 i.
393 352 423 385 q.
447 342 639 382 extendere,
666 341 688 374 Ι.
717 342 822 381 49,1.

18 398 153 430 Exterris
177 398 269 431 vocis
303 398 405 431 forma
431 403 466 431 et
492 408 587 438 usus,
620 398 645 430 Ι.
675 398 728 435 1-1,
750 397 801 431 11.

16 453 158 486 Extrema
181 454 281 495 Africa
302 464 364 496 quo
389 464 492 486 sensu
514 455 613 493 dicta,
647 454 670 486 Ι.
699 453 753 493 78,
771 453 802 487 2.

17 510 175 542 Extremae
198 514 294 542 terrae
316 520 400 552 quae
418 510 568 544 Romanis
596 510 731 549 suerint,
762 510 798 542 C.
826 509 879 550 16,
905 512 939 542 5.

18 566 173 598 Extremus
202 566 359 608 quomodo
391 577 462 599 cum
501 567 663 598 vocabulo
696 566 758 598 loci
800 570 858 598 aut
891 568 1045 609 temporis
1086 567 1315 606 coniungatur.
1364 565 1388 597 Ι.

107 620 163 661 37,
188 622 220 654 4.

19 677 134 709 Emere
158 679 250 708 armis
276 679 430 720 aliquem.
465 678 487 710 l.
516 678 569 711 88.
589 679 618 710 3.

677 803 758 854 F.

18 887 124 940 Fabia,
150 902 305 934 sacerdos
332 902 465 941 Vestae,
489 901 666 935 Terentiae
693 901 861 934 Ciceronis
886 912 995 942 soror,-
1018 902 1052 934 C.
1083 902 1187 939 15,1.

19 959 130 990 Facere
156 957 307 990 absolute
331 957 485 1001 positum,
520 956 555 990 C.
583 958 663 997 3,1.
713 958 745 999 8,
767 957 796 990 1.

19 1014 130 1046 Facere
150 1017 182 1045 ut
207 1014 505 1046 circumscribendo
540 1015 570 1046 ei
602 1014 704 1046 verbo
734 1015 893 1053 inservit,
929 1015 1013 1056 quod
1046 1023 1087 1047 ex
1117 1019 1148 1045 ul
1177 1014 1319 1057 pendet,
1354 1012 1390 1045 C.

109 1069 163 1108 52,
187 1069 241 1103 22.

20 1125 131 1157 Facere
154 1126 272 1165 aliquid
296 1126 389 1157 alicui
413 1131 447 1159 et
471 1126 586 1166 aliquo,
613 1125 649 1159 C.
677 1127 731 1166 52,
749 1127 805 1161 25.
856 1127 878 1159 1.
898 1126 953 1165 85,
974 1125 1027 1158 17.

18 1181 128 1214 Facere
143 1183 248 1222 suyam
272 1181 395 1224 duplici
419 1192 521 1214 sensu
545 1183 676 1222 dietum,
706 1183 730 1215 Ι.
759 1182 813 1222 53,
831 1183 862 1215 3.

19 1237 129 1269 Facere
153 1238 298 1277 imperata
317 1238 493 1270 deditionis
512 1239 663 1278 formula,
696 1238 720 1271 Ι.
749 1238 804 1277 62,
821 1238 851 1270 3.

19 1293 129 1326 Facere
149 1297 184 1325 et
208 1294 305 1325 [licere
331 1295 518 1333 coniuncta,
546 1294 580 1327 C.
609 1295 665 1334 23,
685 1294 716 1327 3.

19 1349 112 1381 Faces
132 1349 165 1381 in
186 1349 273 1382 bello
290 1350 469 1387 adhibitae,
494 1350 518 1383 Ι.
547 1350 600 1390 57,
620 1352 650 1383 5.

20 1405 122 1437 Facile
146 1415 209 1438 non
235 1406 403 1447 significat
429 1407 512 1446 bene,
545 1406 568 1438 Ι.
598 1406 654 1446 63,
672 1407 702 1439 4.

20 1462 132 1494 Facilis
159 1471 231 1494 cum
256 1462 368 1494 dativo
387 1462 608 1502 coniunctum,
631 1462 658 1495 I.
687 1462 741 1502 91,
761 1461 791 1494 7.
841 1463 896 1502 95,
915 1462 944 1494 3.
996 1462 1049 1500 98,
1076 1460 1107 1493 7.

20 1518 150 1550 Facinus
174 1518 266 1550 vocis
284 1518 348 1556 vis,
377 1517 412 1551 C.
432 1519 464 1557 2,
485 1518 515 1550 9.
567 1518 620 1557 14,
641 1518 671 1550 1.
720 1517 744 1550 Ι.
767 1516 820 1557 79,
841 1519 870 1551 1.

21 1574 150 1606 Facinus
175 1573 332 1616 quomodo
359 1573 491 1606 differat
515 1584 534 1606 a
557 1576 686 1615 flayitiO,
714 1573 749 1615 C.
777 1574 830 1612 14..
852 1573 880 1606 l.

22 1630 154 1662 Facinus
180 1630 201 1661 i.
231 1639 260 1671 q.
290 1630 382 1661 homo
408 1631 584 1669 scelestus,
612 1629 646 1662 C.
675 1630 728 1669 14,
745 1630 774 1662 1.

22 1685 180 1717 Facticnes
206 1687 286 1717 sunt
301 1686 469 1725 nobilium,
496 1696 558 1718 non
576 1685 695 1729 plebis,
720 1685 744 1718 Ι.
771 1685 827 1725 41,
848 1685 877 1717 1.

21 1741 182 1773 Facundus
208 1742 371 1784 quomodo
391 1742 523 1775 differat
546 1753 566 1775 a
592 1743 719 1774 disertus
744 1746 778 1773 et
802 1743 954 1782 eloquens,
989 1741 1012 1774 1.
1033 1740 1088 1780 85,
1105 1740 1160 1774 26.

21 1797 131 1829 Falsus
155 1798 266 1830 activo
285 1802 319 1830 et
338 1799 472 1841 passivo
490 1808 592 1831 sensu
612 1798 745 1836 dictum,
778 1796 812 1829 C.
841 1796 895 1836 10,
915 1798 945 1828 5.

21 1853 144 1885 Falsum
160 1853 194 1885 vi
211 1854 361 1886 adverbii
378 1855 532 1897 positum,
557 1854 582 1887 Ι.
602 1855 634 1893 5,
653 1855 683 1886 4.

21 1908 146 1953 Falsum
170 1910 279 1940 habere
303 1911 445 1950 aliquem,
478 1909 503 1942 Ι.
524 1909 580 1948 10,
601 1909 630 1941 1.

24 1964 119 1995 Fama
143 1965 340 2007 praegnanti
366 1974 467 1996 sensu
494 1964 513 1995 i.
543 1974 572 2006 q.
601 1963 689 1996 mala
714 1963 812 2002 fama,
840 1962 874 1995 C.
896 1963 928 2002 3,
947 1964 976 1994 5.

23 2020 171 2052 Familiae
188 2025 222 2053 et
242 2021 352 2061 gentis
375 2020 562 2058 discrimen,
595 2019 619 2052 Ι.
641 2019 695 2058 95,
714 2019 746 2051 3.

23 2077 93 2108 Filii
107 2077 241 2117 familias
259 2081 293 2108 et
317 2075 526 2113 familiarum,
554 2075 590 2107 C.
615 2075 672 2115 43,
689 2074 721 2109 2.

23 2132 164 2173 Faliyare
181 2142 244 2164 non
262 2132 384 2164 dicitur
401 2141 501 2164 sensu
518 2131 689 2170 reflexivo‚
719 2130 743 2163 Ι,
772 2130 804 2171 3,
819 2131 850 2164 3.

24 2187 167 2228 Faliyare
184 2188 205 2220 i.
226 2197 256 2230 q.
276 2187 429 2230 precibus
448 2187 584 2226 instare,
609 2186 634 2220 I.
664 2186 719 2226 11,
738 2186 791 2219 14.
842 2184 897 2225 73,
915 2186 947 2219 2.

23 2243 172 2276 Faucibus
191 2254 297 2285 uryere
313 2244 368 2276 vel
382 2253 518 2285 premere
534 2243 612 2285 aliq.
631 2241 794 2274 translate
819 2242 952 2282 dictum,
980 2241 1014 2274 C.
1035 2240 1089 2279 52,
1109 2242 1162 2274 35.

25 2299 182 2332 Fecundus
197 2299 419 2339 scribendum,
446 2309 507 2330 non
528 2300 704 2339 foecundus,
732 2297 768 2330 C.
788 2297 843 2338 33,
863 2297 892 2330 1.

25 2355 180 2401 Fecundus
197 2365 269 2387 cum
294 2355 442 2388 ablativo
469 2358 704 2394 constructum,
736 2353 761 2386 Ι.
789 2352 844 2393 17,
858 2354 888 2386 5.

26 2411 165 2443 Felicitas
183 2411 340 2454 quomodo
369 2411 501 2444 differat
517 2421 536 2443 a
553 2413 685 2450 fortuna,
710 2409 735 2442 Ι.
755 2409 809 2449 95,
828 2410 860 2442 4.

26 2467 133 2505 Fenus,
146 2469 296 2508 fenerator
311 2468 436 2499 rectius
453 2467 623 2505 scribitur,
651 2475 745 2508 quam
761 2467 878 2505 foena-3,
906 2464 942 2497 C.
961 2464 1016 2505 33,
1041 2465 1070 2497 1.

28 2523 150 2555 Fenoris
167 2522 340 2555 cohibendi
357 2523 462 2564 leges,
490 2521 525 2555 C.
545 2522 600 2561 33,
621 2521 651 2554 1.

28 2578 87 2610 Feo
104 2579 275 2621 antiquum
290 2577 426 2611 verbum
442 2579 464 2610 i.
486 2588 515 2620 q.
535 2578 646 2619 gigno,
675 2575 710 2608 C.
730 2576 785 2615 33,
801 2576 831 2609 1.
883 2575 937 2615 53,
956 2577 988 2608 5.

29 2634 128 2667 Feraa·
143 2634 256 2677 aliqua
271 2644 320 2672 re,
346 2633 371 2666 I.
392 2631 445 2673 17,
461 2634 491 2666 5.

74 2703 161 2731 index
179 2703 207 2730 in
226 2703 346 2730 Sallust.
367 2703 414 2733 ed.
433 2702 569 2731 Krilzins.
1112 2697 1131 2729 3
