1630 3034
439 162 795 206 IUGURTHA.
865 162 1003 206 CAP.
1035 163 1117 206 CV.
1374 169 1458 210 569

78 279 234 323 missus
271 295 373 324 cum
409 280 635 339 praesidio
672 280 868 339 equitum
912 286 1048 339 atque
1081 281 1308 341 peditum,
1354 283 1460 337 item

77 375 350 435 funditorum
394 377 675 430 Balearium3
733 379 968 436 praeterea
1013 378 1104 422 iere
1158 380 1370 439 sagittarii
1417 387 1461 424 et

29 482 32 483 ’
77 471 237 517 cohors
282 475 470 535 Peligna
516 490 617 518 cum
661 474 913 517 velitaribus
950 475 1108 531 armis,
1150 475 1312 520 itineris
1347 492 1460 536 pro-

74 570 263 628 perandi
305 586 485 629 caussa,
530 586 675 629 neque
721 569 789 614 his
831 586 956 615 secus
1007 577 1142 630 atque
1187 573 1279 616 aliis
1328 576 1458 620 armis

76 666 315 712 advorsum
350 669 439 712 tela
473 668 694 724 hostium,
740 668 863 726 quod
900 683 953 712 ea
994 668 1110 712 levia
1145 676 1257 729 sunt,
1293 672 1457 716 muniti.

72 811 137 845 mit
160 812 450 848 unbeschriinkter
479 813 671 847 Vollmacht
694 812 949 847 unterhandeln
982 814 1129 855 kb'nnte5
1160 825 1244 848 nam
1263 806 1460 852 'arbitratus

72 871 202 906 dicitur
225 874 267 907 de
290 875 405 909 libera
428 887 547 909 rerum
571 873 803 919 gerendarum
828 876 1009 917 potestate,
1034 875 1136 908 nullis
1162 876 1288 910 finibus
1311 877 1461 913 circum-

71 932 219 977 scripta,
244 939 303 969 aut
327 937 416 970 alius
440 937 620 970 voluntate
644 934 832 979 impedita3
867 935 912 966 cf.
939 934 1014 968 Liv.
1038 936 1199 977 XXXIV,
1224 936 1280 977 4⁴,
1305 937 1338 971 2.
1393 940 1459 974 Ver

71 1002 219 1047 sacrum⁴
242 996 284 1029 de
320 997 455 1042 integro
481 996 685 1040 faciendum
734 996 974 1029 arbitratu
1004 998 1203 1040 pontificum
1242 1007 1457 1036 censuerunt.

71 1054 272 1098 xxxvul,
306 1058 373 1099 ll,
405 1058 439 1092 6.
489 1058 630 1091 Obsides
663 1056 902 1101 quadraginta
935 1057 1193 1091 arbritratu
1217 1061 1363 1094 consulis
1389 1061 1458 1096 Ro-

11 1112 13 1115 ’
71 1118 168 1150 marei
196 1118 290 1152 dato.
339 1120 419 1152 IIoc
442 1117 550 1163 igitur
573 1120 734 1152 Bocchus
759 1117 952 1162 postulavit
975 1128 996 1151 a
1021 1118 1150 1159 Mario,
1175 1122 1214 1152 ut
1236 1131 1297 1163 per
1319 1121 1457 1156 Sullam

71 1183 167 1212 certa
188 1190 259 1223 par
283 1181 464 1214 convenire
486 1186 620 1224 posse-t,
646 1192 732 1214 neve
756 1179 974 1214 condiciones
996 1177 1082 1212 huic
1105 1184 1270 1224 acceptae
1293 1187 1413 1225 postea
1435 1196 1456 1219 a

71 1238 158 1273 duce
181 1241 342 1275 Romano
367 1241 660 1284 improbarentur.
1035 1241 1039 1242 ⁷

163 1301 196 1342 §.
220 1301 252 1335 2.
300 1302 382 1336 item
400 1303 644 1346 funditorum]
694 1302 802 1343 Item,
835 1300 925 1344 quod
956 1303 1071 1334 tenent
1105 1300 1183 1334 Vin.
1209 1301 1242 1335 2.
1276 1302 1388 1338 Paris.
1415 1306 1456 1339 A.

70 1359 105 1393 b.
130 1361 219 1395 Tur.
256 1361 290 1395 1.
324 1362 427 1395 Rern.
460 1363 580 1396 Goerl.
615 1364 734 1397 Berol.
766 1363 800 1396 1.
824 1361 874 1403 2.,
905 1361 939 1395 in
964 1365 1096 1395 textum
1123 1363 1331 1407 recepimus,
1356 1377 1457 1399 sensu

70 1419 120 1453 ita
150 1421 344 1466 flagitante.
392 1423 481 1457 Nam
509 1423 582 1456 siue
605 1423 672 1457 ista
695 1423 870 1467 particula
896 1434 997 1456 voces
1027 1423 1132 1465 fund.
1157 1423 1237 1457 Bal.
1262 1436 1324 1468 pro
1348 1437 1457 1469 appo—

70 1481 194 1517 sitione
222 1485 381 1528 peditum
413 1486 595 1519 habendae
627 1488 724 1528 sunt,
760 1483 850 1527 quod
875 1495 940 1516 non
965 1484 1078 1516 solum
1102 1494 1233 1528 magna
1256 1485 1382 1519 duritie
1405 1487 1457 1520 la·

69 1543 183 1585 horat,
207 1545 264 1578 sed
289 1545 395 1579 etiam
420 1545 556 1580 dicendi
582 1546 658 1580 usui
682 1550 875 1591 repugnat3
898 1545 1034 1588 pedites
1066 1544 1158 1578 enim
1183 1547 1349 1590 equitibus
1373 1547 1456 1580 sim·

70 1604 207 1648 pliciter
241 1606 391 1650 oppositi
421 1606 666 1651 intelliguntur
689 1619 823 1651 semper
845 1606 950 1651 gravi
975 1609 1153 1640 armatura
1174 1610 1321 1648 utentes,
1347 1619 1458 1651 neque

71 1665 261 1700 verisimile
293 1671 362 1709 est,
397 1668 608 1712 praesidium
635 1668 755 1702 Sullae
790 1669 909 1701 datum
944 1667 1048 1711 plane
1071 1666 1223 1700 caruisse
1245 1666 1306 1701 illo
1330 1668 1458 1701 robore
1481 1669 1484 1671 ’

72 1727 241 1761 exercitus
271 1728 435 1763 Romani.
495 1730 612 1773 Quam
645 1729 748 1763 facile
781 1740 864 1763 vero
906 1729 988 1762 item
1020 1732 1195 1771 postrema
1226 1728 1458 1762 antecedentis

70 1788 169 1821 vocis
191 1793 289 1832 parte
312 1790 397 1823 itum
421 1790 599 1824 absorberi
624 1790 788 1834 potuerit,
813 1789 924 1823 cuivis
947 1789 983 1823 in
1012 1790 1130 1823 oculos
1153 1788 1455 1823 incurrit.—Ba—

73 1850 218 1883 lem-ium
244 1837 338 1884 recte
371 1855 463 1885 tenet
497 1851 637 1885 Fabric.
668 1852 701 1885 1.
740 1856 775 1885 et
819 1851 952 1894 aliquot
977 1850 1128 1883 Manutii
1152 1850 1317 1893 codicem
1349 1860 1457 1894 prope

71 1910 203 1944 accedit
233 1911 405 1954 scriptura
441 1908 521 1946 Sen.
546 1913 579 1945 1.
613 1911 729 1945 Guelt'.
755 1910 788 1946 3.
813 1914 847 1944 et
865 1910 898 1944 6.
924 1910 983 1954 qui
1005 1911 1136 1944 habent
1160 1904 1373 1952 Βαὶεατιιηις
1397 1921 1454 1943 ce-

71 1970 137 2004 teri
161 1982 342 2014 perperam
375 1973 538 2006 exhibent
577 1972 825 2012 Bazeatorum,
858 1971 949 2004 unde
974 1971 1144 2005 Gruterus
1182 1970 1341 2013 imperite
1371 1969 1455 2004 fecit

73 2031 325 2066 Baleariorum.
374 2034 541 2067 Baleares
568 2033 675 2066 fuisse
699 2032 888 2066 funditores
912 2033 1016 2077 longe
1039 2030 1265 2076 peritissimos
1287 2031 1370 2065 satis
1392 2042 1455 2065 no-

73 2098 145 2126 tum
179 2098 246 2136 est3
281 2094 328 2128 ct.
361 2095 459 2128 Caes.
493 2094 533 2127 B.
570 2094 614 2127 G.
650 2095 695 2135 11,
726 2093 759 2126 7.
786 2092 846 2126 ubi
871 2105 904 2127 v.
933 2094 1088 2137 Herzog.
1114 2093 1209 2126 Flor.
1235 2093 1294 2134 111,
1316 2091 1350 2126 8.
1377 2083 1453 2126 Li'v.

73 2155 230 2196 xxvm,
255 2155 311 2197 37,
344 2155 377 2189 6.
409 2175 454 2181 —
488 2156 562 2189 Iere
596 2158 673 2198 post
699 2159 886 2199 praeterea
917 2154 1064 2188 editores
1095 2152 1303 2187 recentiores
1337 2162 1456 2186 omnes

73 2216 284 2259 omiserim,
315 2226 381 2250 non
412 2215 495 2250 satis
525 2215 628 2261 gravi
663 2216 704 2248 de
737 2225 879 2256 caussa,
913 2227 991 2248 cum
1018 2215 1052 2247 in
1077 2214 1235 2247 omnibus
1259 2214 1332 2246 sere
1357 2213 1457 2249 codd.

74 2277 236 2321 legatur,
264 2282 298 2311 et
329 2288 395 2311 nou
427 2277 493 2310 nisi
524 2278 558 2310 in
593 2287 659 2309 uno
684 2274 794 2315 Risit,
819 2287 888 2323 uno
912 2275 991 2308 ΑΙ(Ιὶ
1017 2274 1177 2315 Manutii,
1202 2275 1320 2308 Guell'.
1345 2274 1398 2307 10.
1425 2278 1460 2307 et

74 2337 185 2371 Paris.
210 2338 250 2371 Α.
273 2338 381 2380 desit,
414 2349 454 2372 ac
478 2339 597 2371 Iocum
621 2337 656 2370 in
688 2336 798 2371 Paris.
829 2337 870 2369 E.
895 2340 929 2370 et
953 2336 1038 2369 Tur.
1066 2336 1098 2369 1.
1123 2339 1244 2378 mutet,
1272 2346 1361 2379 quae
1384 2335 1458 2369 dis-

75 2399 272 2441 crepantiae
301 2410 491 2442 paucorum
522 2399 713 2439 librorum,
747 2397 825 2443 aliis
857 2398 1074 2441 corruptelae
1106 2396 1234 2430 caussis
1266 2400 1300 2430 et
1321 2394 1458 2429 indiciis

75 2470 142 2492 non
167 2460 418 2503 accedentibus,
440 2471 507 2493 nou
532 2460 650 2493 valent
674 2459 716 2492 ad
742 2459 950 2492 vocabulum
977 2458 1235 2498 damnandum3
1260 2455 1458 2500 ceteroquin

75 2520 170 2554 euim
205 2520 359 2565 plurima
391 2520 511 2553 eodem
544 2519 620 2553 iure
653 2520 819 2554 eiicienda
851 2522 971 2554 essent.
1021 2518 1073 2552 Ad
1106 2518 1177 2551 iere
1209 2514 1339 2559 autem,
1364 2515 1457 2560 quod

76 2581 176 2622 nude¹
195 2581 345 2625 positum
378 2581 524 2614 fortasse
558 2582 731 2624 offendat,
773 2582 879 2616 facile
909 2590 951 2612 ex
983 2578 1262 2612 antecedentibus
1295 2579 1460 2622 suppleas

77 2642 153 2676 cum
177 2653 214 2675 co
238 2653 286 2675 sc.
313 2642 422 2675 Sulla.
448 2661 490 2666 —
531 2643 685 2676 Cohortis
712 2643 879 2687 Pelignus
903 2638 1031 2673 mentio
1055 2638 1161 2673 etiam
1185 2643 1236 2673 est
1259 2639 1351 2683 apud
1382 2637 1458 2671 Liv.

78 2703 185 2744 XXV,
210 2702 267 2738 14.
290 2707 324 2737 et
348 2703 467 2744 XLIV,
491 2702 549 2737 40.
573 2722 618 2727 —
652 2704 752 2747 Quae
782 2705 970 2746 sequuntur
1000 2700 1107 2734 verba
1139 2711 1182 2734 eo
1214 2698 1358 2732 consilio
1381 2700 1460 2731 sunt

79 2763 216 2806 addita,
248 2767 288 2798 ut
315 2763 535 2809 intelligatur
558 2763 723 2808 Pelignos
756 2773 823 2797 nou
847 2765 1010 2797 consueta
1035 2771 1134 2796 arma
1159 2759 1308 2806 gessisse
1331 2758 1458 2803 (vulgo
