1630 3034
449 170 806 214 IUGURTHA.
863 171 997 214 CAP.
1029 171 1131 214 CVI.
1397 175 1478 218 571

104 284 234 329 timor
270 287 540 345 aliquantus,
576 288 656 332 sed
702 304 806 348 spes
841 290 1054 349 amplior,
1090 289 1263 349 quippe
1298 289 1477 333 victori-

102 383 199 439 buS,
236 389 281 427 et
315 384 554 428 advorsum
589 401 680 443 eos,
723 400 834 444 quos
871 384 1006 445 saepe
1041 387 1247 430 vicerant.
1297 386 1518 432 Interim5

102 479 286 539 equites,
323 482 602 541 exploratum
629 483 872 543 praemissi,
910 499 1020 539 rem,
1051 484 1112 527 uti
1147 490 1253 537 erat,
1284 484 1479 542 quietam

99 578 319 622 nunciant.

240 674 355 721 CVI.
396 676 544 720 Volux
578 676 816 721 adveniens
853 683 1133 735 quaestorem
1169 677 1372 742 appellat
1407 677 1478 721 di-

103 771 250 828 citque
304 787 350 816 se
403 788 430 815 a
474 779 605 832 patre
653 773 840 818 Boccho
886 775 1064 818 obviam
1111 774 1193 818 illis
1242 760 1390 826 simul,
1438 780 1482 817 et

101 937 137 970 in
160 941 370 973 structuram
394 950 560 973 exserere.
587 958 631 964 —
667 941 809 974 Temere
832 943 903 974 est:
928 942 1023 975 nullo
1044 940 1193 986 imperio
1216 940 1356 974 coerciti
1378 939 1483 974 nulli-

103 1009 171 1042 que
194 999 307 1032 ordini
337 1000 480 1034 astricti.
512 1020 557 1025 —
587 1002 640 1034 De
671 1001 788 1035 verbis
815 1000 970 1036 hostilem
997 1008 1126 1037 metum
1149 1014 1183 1037 v.
1209 1002 1252 1035 ad
1277 1014 1308 1035 c.
1334 1002 1424 1043 XLI,
1447 1001 1481 1035 2.

102 1078 148 1084 —
172 1060 379 1103 Efficiebant
411 1062 650 1095 tantummodo
685 1062 852 1106 proximis
885 1069 1047 1098 accurate
1079 1062 1259 1104 convenit,
1291 1063 1335 1096 ad
1367 1061 1483 1105 priora

101 1131 164 1164 per
185 1133 335 1166 zeugma
359 1122 530 1163 refertur,
554 1123 623 1156 hoc
646 1135 768 1158 sensu:
801 1124 861 1169 qui
885 1126 990 1169 effuse
1015 1129 1132 1158 euntes
1156 1128 1190 1158 et
1214 1126 1484 1167 effecerunt

103 1186 152 1216 ut
175 1183 294 1216 Sullae
319 1184 465 1227 aliisque
489 1185 643 1218 omnibus
673 1196 772 1218 num
787 1197 888 1218 crus
922 1187 1118 1230 amplior
1149 1197 1259 1220 vero
1295 1185 1483 1219 videre-

104 1248 194 1285 tur,
219 1245 432 1278 etrhostilem
457 1249 587 1278 metum
611 1246 884 1280 excitarunt.

196 1306 228 1347 ἓ.
251 1304 285 1338 4.
318 1317 353 1339 sc
380 1307 539 1350 quisque]
587 1307 726 1341 Cortius
757 1318 798 1340 ex
831 1306 1050 1350 paucissimis
1083 1307 1184 1341 codd.
1215 1306 1355 1351 scripsit
1384 1318 1485 1341 sese

103 1365 264 1410 quisque,
297 1378 366 1409 quo
394 1378 462 1400 non
495 1372 546 1401 est
577 1373 675 1411 opus.
700 1387 746 1392 —
786 1368 828 1401 Se
857 1369 1076 1412 expedire
1099 1372 1150 1402 est
1173 1379 1210 1401 se
1233 1368 1417 1413 accingere
1440 1368 1485 1402 ad

101 1437 277 1470 pugnam,
301 1427 436 1463 omissis
460 1432 493 1463 et
518 1428 660 1462 abiectis
684 1427 744 1470 iis,
781 1439 869 1471 quae
893 1428 1061 1472 impetum
1084 1429 1254 1472 impedire
1277 1429 1418 1472 possint.
1438 1448 1484 1454 -—

103 1488 284 1522 Intendere
310 1489 461 1523 WVeisius
482 1490 596 1534 inepte
619 1489 726 1523 refert
749 1489 792 1522 ad
816 1489 980 1524 animum.
1007 1490 1177 1531 VVassius,
1197 1490 1346 1531 Curtius,
1371 1490 1486 1523 Muel-

103 1549 217 1590 lerus,
249 1549 332 1590 alii,
369 1549 411 1583 de
444 1563 529 1584 arcu
560 1549 823 1593 sagittariorum
848 1550 1026 1594 cogitant3
1062 1551 1155 1594 quod
1180 1561 1392 1594 quamquam
1415 1562 1485 1584 non

102 1612 205 1654 plane
229 1611 357 1644 salsum
381 1615 448 1652 est,
474 1616 587 1646 tamen
611 1610 801 1644 intendere.
811 1610 915 1644 latius
938 1616 1050 1654 patet,
1085 1615 1120 1645 et
1150 1611 1192 1644 de
1226 1610 1349 1654 quovis
1371 1622 1484 1645 armo-

103 1684 182 1706 rum
206 1673 425 1716 telorumque
447 1682 574 1717 genere
595 1671 872 1715 intelligendum,
897 1683 986 1715 quae
1009 1671 1060 1705 ita
1084 1676 1263 1713 tenentur,
1287 1675 1324 1706 ut
1347 1684 1486 1717 pugnae

101 1734 251 1778 speciem
287 1734 487 1778 praebcant.
545 1732 713 1776 Apposite
745 1733 862 1767 Faber
894 1732 1039 1767 contulit
1079 1733 1155 1766 biv,
1187 1733 1319 1774 XLIV,
1350 1732 1417 1774 41,
1449 1733 1485 1767 6.

106 1795 303 1840 Phalangis
343 1797 520 1837 confertae
553 1798 588 1827 et
625 1793 822 1828 intentis
857 1793 1038 1827 horrendis
1073 1793 1220 1826 hastis
1252 1792 1486 1827 intolerabiles

104 1857 194 1891 vires
215 1861 304 1890 sunt.
328 1855 374 1890 id.
399 1855 475 1896 vll,
497 1853 532 1893 5,
556 1852 589 1887 5.
637 1855 746 1898 Super
770 1856 894 1888 lectum
918 1859 1013 1887 stans
1030 1854 1164 1895 ferro
1188 1853 1484 1889 intento.·Ta-

105 1918 163 1954 cit.
190 1919 275 1951 Ann.
301 1917 392 1959 xlv,
418 1916 474 1949 61.
499 1914 633 1949 Histor.
657 1915 682 1956 I,
708 1914 766 1949 69.
793 1933 836 1941 ·-
870 1915 1077 1958 Aliquantus
1101 1912 1122 1946 i.
1149 1923 1180 1945 e.
1204 1914 1288 1947 satis
1312 1925 1486 1959 magnum

106 1990 140 2012 v.
165 1979 209 2013 ad
233 1989 262 2011 c.
287 1975 450 2016 Lxxw,
473 1975 507 2010 3.
531 1993 577 1999 —-
612 1975 656 2007 Et
688 1980 769 2009 anto
792 1976 994 2015 advorsum,
1027 1985 1106 2007 cum
1138 1973 1174 2006 vi
1206 1975 1400 2020 adiungens
1430 1987 1486 2009 se-

107 2039 269 2085 quentia,
294 2038 389 2071 valet
411 2041 443 2069 et
468 2034 627 2079 quidem3
657 2036 701 2071 cf.
726 2041 890 2070 annotata
914 2035 958 2070 ad
982 2047 1011 2068 c.
1037 2034 1128 2077 xlv,
1155 2032 1210 2068 25.
1237 2045 1270 2077 p.
1297 2033 1354 2067 92.
1383 2039 1417 2068 et
1442 2034 1486 2067 ad

107 2114 135 2136 c.
160 2100 330 2141 LXXXV,
355 2098 389 2132 3.
421 2117 467 2122 —
503 2096 696 2130 Advorsum
725 2108 833 2140 quum
858 2108 925 2130 non
950 2097 1096 2140 pendeat
1117 2106 1157 2129 ex
1182 2095 1300 2137 verbo,
1320 2094 1383 2146 (cui
1410 2105 1487 2128 mo·-

107 2166 162 2196 tus
185 2161 280 2197 notio
303 2159 367 2200 sit,
395 2159 575 2192 adversum
601 2168 656 2190 eos
679 2157 870 2201 significat:
903 2159 962 2201 qui
985 2169 1025 2190 ex
1050 2157 1194 2191 advorso
1218 2157 1261 2189 iis
1283 2159 1485 2189 starent.

107 2224 154 2257 cf.
178 2223 292 2256 Hand.
317 2222 359 2253 de
383 2219 530 2254 Particc.
555 2219 630 2254 Lat.
654 2219 730 2252 vol.
754 2219 780 2252 1.
804 2230 837 2261 p.
863 2217 943 2253 18⁰.
970 2219 1044 2253 Liv.
1071 2219 1198 2260 xum,
1222 2216 1288 2258 16,
1312 2216 1346 2249 4.
1374 2210 1487 2249 Clien-

108 2290 178 2319 tem
203 2279 395 2317 libertinum
426 2281 653 2325 parietem
687 2279 723 2312 in
755 2290 858 2312 sacra
890 2280 950 2313 via
974 2281 1202 2323 adversus
1235 2278 1374 2311 aedes
1403 2288 1488 2321 pu-

110 2347 258 2380 blicas
283 2342 440 2377 demoliri
463 2342 646 2374 iusserant.
674 2340 781 2373 Plura
804 2340 948 2374 contulit
971 2338 1236 2374 Drakenborch.
1261 2338 1304 2371 ad
1330 2337 1406 2379 Vll,
1430 2337 1488 2378 14,

49 2435 52 2438 .
109 2407 143 2441 9.
167 2425 213 2430 —-
245 2405 359 2439 Verba
383 2403 435 2436 uti
458 2407 533 2436 erat
557 2401 606 2434 rei
632 2401 812 2434 veritatem
836 2412 897 2444 per
920 2412 957 2435 se
986 2400 1096 2444 ipsam
1123 2402 1300 2442 asserunt,
1336 2398 1428 2441 qnod
1452 2397 1487 2431 in

111 2465 312 2513 germanica
335 2464 457 2508 lingua
479 2461 596 2495 addito
618 2463 788 2495 vocabulo
818 2462 973 2496 wirklich
1007 2460 1246 2506 significatum
1276 2459 1333 2492 sed
1357 2463 1396 2492 ut
1418 2459 1488 2492 La-

111 2528 175 2563 tini
199 2526 262 2560 tali
286 2535 372 2558 voce
394 2535 514 2557 carcre
540 2522 687 2566 possint,
729 2521 880 2556 efficitur
912 2522 946 2556 vi
979 2521 1122 2567 propria
1155 2520 1357 2560 indicativi,
1391 2519 1489 2552 cuius

112 2585 373 2629 multolcertior
394 2585 485 2628 apud
509 2584 609 2627 illos,
642 2595 745 2627 quam
769 2584 863 2627 apud
887 2595 959 2621 nos*
976 2587 1027 2617 est
1050 2593 1144 2615 usus.
1168 2581 1212 2614 cf.
1239 2580 1311 2615 Cic.
1336 2581 1378 2614 de
1401 2581 1488 2622 Rep-

113 2650 173 2693 111,
197 2649 230 2682 3.
281 2648 359 2681 Sint
383 2646 479 2680 nobis
503 2646 561 2678 isti
583 2646 705 2690 magni
729 2646 892 2687 homines,
917 2650 962 2679 ut
984 2648 1098 2678 sunt.
1124 2643 1166 2676 de
1190 2642 1299 2687 Legg.
1324 2642 1349 2679 1,
1375 2639 1408 2681 5,
1433 2639 1488 2672 17.

118 2711 171 2744 Sit
204 2710 273 2743 ista
304 2719 358 2742 res
395 2719 547 2752 magna,
582 2708 702 2741 s‘icut
737 2711 815 2740 est.
849 2706 891 2739 de
923 2704 993 2739 Oss'.
1027 2705 1086 2747 111,
1111 2703 1169 2745 33,
1193 2702 1275 2736 117.
1311 2699 1490 2756 'Quamvis

115 2771 230 2804 multis
254 2770 335 2803 locis
358 2769 453 2803 (licut
478 2768 666 2812 Epicurus,
691 2767 809 2801 sicut
834 2766 967 2809 dicit,
999 2765 1085 2799 satis
1114 2764 1256 2807 fortiter
1289 2761 1332 2796 de
1366 2760 1491 2803 dolore.
