1630 3034
524 118 883 162 IUGURTHA.
945 121 1072 163 CAP.
1105 120 1230 163 XXI.
1477 127 1559 167 135

174 235 269 280 Sed
300 236 567 296 'postquam
618 236 806 281 Senatus
865 218 942 280 der
975 236 1096 281 bello
1153 251 1305 280 eorum
1364 239 1588 297 accepit,4

170 337 258 375 tres
298 332 606 376 adulescentes
654 333 698 375 in
745 333 943 376 Africam
987 334 1220 392 legantur,
1276 333 1352 391 qui
1397 335 1554 380 ambos

168 442 300 488 reges
355 428 515 472 adeant
537 460 550 484 ,
606 429 795 472 Senatus
848 429 1101 488 populique
1154 430 1350 473 Romani
1407 432 1552 476 verbis

165 524 374 567 nuncient
421 525 535 568 velle
583 530 627 568 et
677 539 859 568 censere
906 540 982 569 eos
1027 525 1085 569 ab
1131 525 1260 569 armis
1305 526 1551 583 discedere,

167 700 355 734 Tiberio
381 705 425 734 ct
448 698 660 747 Augusta
681 701 962 741 cohibitam,-
985 712 1066 735 nam
1091 701 1168 745 quis
1200 712 1268 735 non
1299 701 1393 736 videt
1425 704 1550 748 Augu-

161 766 238 795 stae
262 773 336 795 esse
359 761 588 796 scribendum.
619 762 697 796 Alia
721 774 776 796 res
798 766 860 803 est,
879 762 939 796 ubi
963 762 998 795 in
1025 773 1192 806 personae
1215 763 1547 798 commemoratione

160 832 229 855 non
261 825 335 855 tam
367 821 441 855 eius
474 824 636 856 voluntas
669 826 702 856 et
731 822 937 865 consilium,
969 834 1074 865 quam
1098 833 1205 866 opera
1228 834 1288 856 seu
1311 824 1546 858 ministerium

159 886 195 917 et
227 883 318 916 actio
353 883 560 926 respicitur,
592 884 704 926 eaque
737 883 860 917 effecta
891 883 942 916 rei
979 883 1157 924 condicio,
1181 883 1281 916 cuius
1304 885 1442 928 generis
1467 896 1547 918 sen-

158 943 287 978 tentiae
319 944 392 978 sine
425 943 679 988 praepositione
710 944 951 977 enunciantur.
1010 943 1234 987 Singularem
1266 943 1301 977 in
1329 956 1368 977 re
1397 944 1546 979 militari

157 1013 260 1036 usum
283 1015 324 1037 ex
348 1003 469 1037 eodem
494 1005 589 1038 fonte
609 1005 833 1046 repetendum
858 1003 1113 1037 illustravimus
1135 1004 1179 1037 ad
1205 1004 1280 1037 Cat.
1304 1005 1420 1045 LVII,
1453 1005 1486 1038 4.
1512 1017 1546 1048 p.

156 1061 237 1096 301.
261 1064 306 1098 cs.
330 1064 447 1098 Hand.
466 1064 509 1097 de
532 1063 681 1097 Particc.
713 1065 802 1098 Lau.
826 1065 901 1097 Vol.
926 1065 953 1097 Ι.
978 1076 1010 1108 p.
1035 1064 1081 1098 25
1104 1076 1154 1107 sq.
1181 1063 1297 1097 Tacit.
1327 1065 1415 1100 Anu.
1450 1066 1544 1108 xlv,

156 1121 202 1165 8,
225 1122 259 1157 4.
285 1124 486 1168 Agrippina
510 1126 649 1168 respicit
672 1124 861 1158 Anicetum
887 1124 1166 1158 trierarcho
1191 1128 1235 1158 et
1268 1125 1544 1160 centurione

157 1184 446 1224 comitatum,
481 1185 524 1217 de
557 1196 625 1227 quo
649 1185 725 1217 loco
749 1184 889 1218 uberius
913 1183 982 1217 dixi
1005 1185 1041 1218 in
1065 1184 1208 1218 Diurnis
1231 1183 1356 1218 scholl.
1383 1195 1412 1218 a.
1438 1184 1542 1219 1831.

155 1244 248 1278 Sect.
272 1245 317 1278 11.
342 1244 384 1278 N.
409 1245 465 1280 13.
490 1257 522 1288 p.
545 1245 592 1279 99
615 1256 690 1288 sqq.
714 1245 758 1279 cf.
782 1245 872 1289 Nep.
896 1245 997 1278 Dion.
1023 1257 1052 1278 c.
1077 1246 1105 1277 V
1121 1270 1130 1286 ,
1155 1243 1188 1277 5.
1214 1244 1304 1277 Dion
1329 1245 1388 1278 iis
1411 1245 1542 1290 ipsis,

154 1305 214 1349 qui
236 1305 298 1338 sub
322 1305 516 1339 adversarii
532 1307 681 1348 fuerant
701 1310 891 1348 potestate,
923 1306 1040 1350 regios
1062 1305 1202 1348 spiritus
1226 1306 1410 1347 expressit,
1441 1305 1542 1339 cuius

152 1364 223 1398 loci
253 1364 423 1398 retionem
448 1376 527 1398 cum
552 1369 670 1398 nostra
694 1365 914 1399 coniunctam
937 1367 1024 1399 bene
1046 1365 1218 1409 perspexit
1240 1365 1431 1400 Daehnius.
1478 1366 1539 1398 Vi-

152 1425 302 1459 dendum
326 1426 438 1471 igitur
461 1437 504 1459 an
528 1436 597 1459 uon
620 1425 712 1468 apud
735 1425 859 1469 Pomp.
882 1426 1015 1459 Melam
1039 1427 1106 1468 111,
1131 1426 1174 1467 6,
1207 1424 1253 1458 in.
1286 1425 1327 1457 In
1353 1425 1539 1459 Lusitania

151 1486 320 1529 Erythia,
345 1497 450 1530 quom
477 1487 682 1530 Geryone
714 1485 986 1519 habitatam
1010 1486 1222 1530 accepimus,
1256 1485 1393 1519 defendi
1417 1485 1539 1529 possit,

150 1545 321 1589 siquidem
345 1546 460 1591 magis
483 1546 626 1579 effectus
648 1545 722 1585 rei,
747 1556 852 1588 quam
871 1546 1031 1580 voluntas
1055 1546 1128 1579 eius
1153 1545 1355 1580 efficiendae
1379 1547 1537 1581 declara-

150 1608 217 1640 tur.
262 1606 389 1641 Nostro
413 1610 531 1641 autem
554 1606 633 1639 loco
657 1607 852 1648 corruptela
879 1606 958 1639 inde
981 1611 1078 1648 orta,
1109 1606 1200 1649 quod
1224 1606 1431 1653 praepositio
1463 1605 1534 1650 pri-

148 1665 217 1700 mis
257 1667 384 1700 litteris
415 1666 585 1700 adherbal
616 1666 766 1700 nominis
800 1667 965 1710 absorpta
995 1672 1056 1700 est.
1091 1686 1137 1691 —
1169 1667 1283 1710 Quem
1319 1667 1458 1701 Cortius
1491 1678 1533 1700 ex

146 1726 366 1773 paucissimis
399 1727 496 1760 codd.
530 1726 690 1760 exhibuit
723 1727 912 1760 verborum
944 1727 1100 1761 ordinem
1140 1727 1287 1760 Romam
1332 1724 1535 1760 Adherbale

146 1787 266 1821 missos
298 1787 507 1821 Gerlachius
540 1787 617 1820 iure
647 1787 798 1830 reliquit.
846 1788 1047 1821 Ridiculum
1072 1791 1123 1821 est
1145 1787 1257 1828 cuim,
1283 1788 1374 1830 quod
1399 1788 1461 1820 ille
1486 1788 1533 1821 ad

145 1847 448 1890 transpositionem
480 1848 729 1880 defendendam
765 1846 849 1882 dicit
882 1848 1087 1882 Sallustium
1119 1849 1299 1892 eleganter
1345 1848 1533 1882 terminum

146 1906 191 1940 ad
215 1917 319 1950 quem
342 1907 456 1950 primo
481 1909 558 1940 loco
582 1918 711 1950 ponere
733 1910 854 1942 solere.

153 1961 155 1963 ’
235 1967 268 2011 §3
295 1965 329 2000 4.
377 1971 447 1999 tres
479 1967 727 2010 adulescentes]
758 1968 977 2002 Intoleranda
1009 1966 1178 2007 audacia,
1205 1967 1259 2000 vel
1283 1966 1397 2009 potius
1421 1966 1529 2000 incre-

105 2015 120 2025 Η
145 2024 246 2065 «libili
278 2025 399 2058 iudicii
429 2028 656 2070 perversitate
687 2027 824 2060 Curtius
857 2028 944 2060 haec
980 2029 1088 2061 verba
1120 2038 1182 2070 pro
1221 2027 1347 2070 spuriis
1388 2027 1527 2067 habuit,

145 2084 228 2127 quia
259 2084 294 2118 in
329 2096 396 2119 uno
428 2087 504 2119 cod.
536 2087 681 2119 Eccard.
708 2086 796 2119 inter
818 2098 936 2120 versus
960 2092 1170 2131 comparent.
1218 2087 1302 2121 Inde
1324 2086 1464 2120 coniicit
1485 2087 1530 2119 li-

143 2143 299 2185 brarios,
322 2156 429 2187 quum
453 2157 482 2178 c.
508 2147 624 2187 XXV,
649 2147 682 2179 4.
710 2145 743 2179 in
768 2147 879 2179 altera
918 2149 1094 2192 legatione
1125 2148 1272 2181 maiores
1301 2151 1390 2180 natu
1423 2146 1530 2180 fnisse

142 2204 319 2248 legissent,
342 2215 385 2238 ex
409 2205 470 2238 illo
493 2206 570 2239 loco
595 2210 775 2240 auctorem
799 2208 981 2241 emendare
1005 2208 1168 2249 voluisse,
1192 2206 1395 2251 praesertim
1420 2217 1528 2250 quum

142 2264 234 2298 nude
274 2265 442 2308 legantur
485 2266 543 2309 qui
575 2267 738 2299 nuncient
776 2267 847 2300 dici
876 2279 942 2300 non
975 2280 1076 2311 posse
1107 2270 1338 2302 autumarent.
1386 2267 1525 2308 Credat,

141 2323 204 2368 qui
226 2323 329 2358 velit!
357 2344 399 2349 —
427 2325 552 2358 Ambos
575 2336 693 2359 omncs
717 2327 802 2360 libri
827 2332 980 2371 tuentur,
1012 2329 1077 2363 nisi
1101 2330 1192 2373 quod
1217 2327 1334 2362 Guelf.
1361 2326 1394 2361 4.
1419 2338 1452 2373 a.
1477 2338 1524 2361 m.

140 2396 194 2428 pr.
217 2384 326 2418 habet
354 2385 475 2425 ambo,
500 2395 607 2428 quam
631 2386 782 2420 formam
805 2388 945 2422 Cortius
970 2393 1008 2422 ut
1031 2389 1261 2432 antiquiorem
1285 2387 1411 2432 cupide
1434 2388 1523 2422 arri-

140 2444 228 2489 puit.
273 2444 439 2479 Pluribus
463 2445 631 2489 bonisque
655 2446 753 2480 libris
777 2447 954 2482 firmatam
986 2449 1063 2492 ipse
1093 2449 1302 2493 probarem,
1334 2452 1451 2482 motus
1482 2448 1525 2482 iis

140 2516 230 2549 quae
259 2505 353 2539 Cort.
387 2505 432 2539 ad
464 2506 536 2540 Cic.
568 2507 654 2550 Epp.
680 2507 724 2541 ad
747 2508 885 2541 Famm.
910 2509 980 2550 lx,
1004 2508 1069 2552 13,
1093 2508 1127 2544 3.
1151 2509 1320 2542 Goerenz.
1344 2508 1389 2542 ad
1412 2509 1525 2553 Legg.

140 2564 213 2606 111,
237 2565 302 2608 13,
327 2565 384 2600 30.
410 2566 605 2600 Gernhard.
629 2567 674 2601 ad
701 2568 797 2602 Lael.
824 2580 853 2602 c.
876 2567 921 2610 5,
943 2568 1000 2603 20.
1026 2573 1061 2603 et
1085 2569 1353 2603 Drakenborch.
1379 2569 1424 2603 ad
1448 2569 1522 2603 Liv.

141 2624 286 2667 XXXV,
311 2625 370 2667 21,
393 2625 427 2660 5.
453 2630 678 2669 monuerunt3
703 2627 762 2661 sed
785 2627 860 2661 sine
881 2628 978 2662 codd.
1003 2628 1093 2663 nihil
1119 2629 1336 2663 mutandum.
1353 2647 1399 2662 -εν-
1421 2630 1454 2662 V
1457 2641 1526 2663 er—

147 2684 215 2719 bia
241 2686 446 2721 alicuius
470 2687 562 2721 idem
586 2688 780 2733 significat,
805 2689 896 2733 quod
919 2689 1126 2724 recentiores
1149 2689 1270 2724 dicunt
1293 2690 1440 2725 attentius
1465 2700 1526 2723 no-
