1630 3034
362 188 706 233 CA'n-ILINA.
765 188 901 232 cAP.
931 188 1004 231 Vl.
1324 194 1382 236 33

0 322 159 354 eorum
194 306 388 362 civibus,
423 305 648 363 moribus,
685 305 804 364 agris
837 311 992 361 aucta,
1028 304 1129 350 satis
1162 321 1382 366 prospera

0 400 194 456 satisque
226 398 406 458 pollens
439 397 689 451 videbatur,
712 397 839 441 sicuti
872 397 1091 456 pleraque
1127 399 1381 442 mortalium

0 489 248 545 habentur,
295 488 462 532 invidia
497 503 552 531 ex
587 487 815 547 opulentia
851 494 947 530 orta
983 494 1057 531 est.
1125 489 1269 548 Igitur
1302 506 1376 534 re-
1397 503 1425 543 4

0 597 82 641 ges
115 580 368 641 populique
400 579 590 623 finitumi
624 579 748 622 bello
784 585 976 633 tentare,
1009 580 1144 638 pauci
1178 596 1232 624 ex
1268 581 1381 624 ami-

0 671 62 717 cis
103 671 270 716 auxilio
316 685 434 723 esse3
473 685 577 714 nam
622 670 760 715 ceteri
802 675 925 714 metu
966 671 1160 728 perculsi
1197 687 1222 715 a
1256 672 1382 730 peri-

0 762 108 808 culis
153 761 351 808 aberant.
426 762 490 807 At
532 761 728 805 Romani
764 761 889 805 domi
923 761 1195 819 militiaeque
1228 763 1423 816 intenti5

0 922 56 954 tur
89 923 163 954 tam
188 919 284 953 brevi
313 929 386 952 rem
410 916 608 951 Romanam
631 916 786 951 crevisse.
817 917 912 959 XXI,
935 917 969 951 2.
1010 929 1084 951 rem
1109 917 1383 963 Carthaginien-

0 988 70 1010 sem
105 977 214 1010 auxit.
272 974 406 1008 Ennius
442 974 578 1008 Annall.
606 975 632 1008 1.
670 985 724 1018 ap.
753 975 878 1008 Acron.
914 974 949 1008 in
972 976 1059 1008 Hor.
1085 975 1156 1009 Sat.
1184 975 1212 1017 I,
1235 975 1268 1009 2.
1293 987 1384 1019 quae

0 1035 159 1078 exempla
183 1033 302 1067 Cottio
327 1033 513 1072 debentur3
538 1031 610 1065 alia
634 1031 732 1064 dabit
755 1032 1017 1066 Drakenborch.
1042 1033 1087 1066 ad
1104 1032 1179 1065 Liv.
1201 1033 1383 1074 xxxam,

0 1090 54 1125 18.
71 1111 118 1116 -
152 1092 269 1124 Verba
292 1089 392 1123 sicuti
413 1089 578 1132 pleraque
602 1091 799 1122 mortalium
823 1090 994 1122 habentur
1025 1101 1095 1122 non
1127 1100 1206 1122 cum
1230 1090 1383 1123 Miillero

0 1153 32 1182 et
54 1148 234 1192 Herzogio
266 1147 310 1180 ad
333 1146 477 1178 modum
502 1146 717 1179 Graecorum
741 1143 791 1187 ὣς
817 1145 915 1190 ἔχει
938 1144 983 1180 τοὶ
1009 1148 1161 1180 πλεῖστα
1185 1147 1258 1180 τῶν
1281 1149 1385 1192 θνη-

0 1206 74 1240 τῶν
109 1202 379 1248 explicaverin13
413 1203 584 1236 habentur
606 1203 719 1244 enim,
753 1214 795 1237 ea
821 1203 857 1236 vi
879 1203 1043 1247 positum,
1073 1203 1115 1237 de
1138 1214 1208 1247 qua
1232 1204 1384 1239 diximus

0 1263 46 1296 ad
70 1274 101 1295 c.
119 1262 146 1303 1,
168 1261 223 1301 4„
258 1261 351 1294 hunc
374 1260 490 1304 potius
513 1271 650 1294 sensum
673 1261 799 1294 habet:
822 1264 860 1294 ut
883 1261 919 1294 in
941 1260 1118 1304 plerisque
1139 1272 1229 1305 quae
1252 1267 1384 1296 morta-

0 1320 84 1352 lium
107 1323 186 1351 sunt
209 1318 284 1351 fieri
310 1319 407 1352 solet.
440 1318 516 1351 Non
541 1317 655 1361 magis
679 1318 716 1352 in
734 1317 848 1351 verbis
864 1319 1032 1362 pleraque
1054 1319 1252 1352 mortalium
1270 1320 1386 1353 Grae-

0 1376 147 1410 cismum
170 1374 326 1416 inveni03
350 1386 431 1408 nam
455 1375 485 1408 si
508 1378 603 1407 recte-
626 1374 845 1419 Herzoginm
868 1374 1051 1419 intelligo,
1084 1374 1144 1418 qui
1167 1387 1245 1410 cum
1272 1378 1386 1411 Grae-

1 1432 52 1466 cis
75 1431 122 1467 *roi
146 1434 296 1466 πλεῖστοι
327 1432 402 1465 τῶν
423 1431 580 1475 θνητῶν
604 1433 740 1466 confert
763 1431 912 1465 Liviana
939 1432 1013 1472 ΠΙ,
1040 1431 1098 1472 29,
1124 1432 1159 1467 2.
1193 1436 1324 1478 quoties
1347 1436 1386 1468 in

0 1494 207 1523 extrema
228 1489 541 1532 periculorum
564 1493 726 1530 ventum,
751 1492 785 1522 ct
808 1489 971 1530 vn1,29,
988 1489 1044 1523 1⁰.
1073 1501 1180 1534 prope
1206 1493 1253 1524 ad
1275 1493 1386 1526 ulti-

0 1558 108 1580 mum
133 1546 461 1579 dimicationis
484 1551 644 1587 ventum,
679 1547 726 1590 pl.
752 1549 951 1580 mortalium
975 1558 1040 1591 pro
1061 1549 1230 1592 pleraque
1253 1555 1386 1584 morta-

0 1605 51 1637 lia
73 1603 203 1637 dictum
226 1607 337 1648 putat.
393 1604 461 1637 Sed
485 1603 554 1637 hoc
578 1603 683 1637 nimis
707 1605 812 1649 longe
838 1604 990 1648 petitum
1021 1616 1096 1639 esse
1119 1605 1233 1648 quivis
1265 1618 1386 1640 conce-

0 1662 76 1703 det,
110 1673 218 1704 quum
241 1672 359 1694 sensus
389 1660 540 1704 optimus
564 1666 598 1695 et
627 1661 908 1705 simplicissimus
938 1662 1101 1705 prodeat,
1133 1662 1163 1696 si
1186 1665 1385 1698 mortalium

0 1730 62 1763 pro
85 1719 259 1752 hominum
295 1719 425 1762 capias.
482 1718 633 1753 Omnino
656 1724 774 1754 autem
799 1720 993 1753 cavendum
1017 1722 1089 1760 est,
1121 1731 1165 1753 ne
1188 1724 1317 1754 temere
1339 1721 1385 1754 ad

0 1777 173 1811 Graecam
206 1780 415 1810 structuram
450 1777 582 1810 referas
605 1788 695 1820 quae
718 1788 760 1810 ex
784 1777 1027 1811 Romanorum
1051 1788 1118 1811 usu
1151 1782 1185 1811 et
1207 1777 1385 1822 cogitandi

0 1834 134 1869 ratione
157 1833 326 1867 facillime
348 1833 516 1876 explicari
538 1838 692 1877 possunt.

92 1894 126 1934 §.
151 1891 182 1924 4.
232 1897 325 1925 metu
355 1890 526 1935 perculsi]
571 1892 677 1925 Haud
708 1891 813 1935 pauci
845 1891 949 1933 libri,
979 1892 1084 1926 solita
1117 1891 1385 1936 permutatione,

0 1950 171 1994 percussi,
194 1949 286 1993 quod
309 1947 390 1981 inde
412 1957 433 1981 a
453 1948 570 1982 Cottio
593 1949 763 1992 plurimas
787 1950 863 1982 edd.
888 1949 1082 1992 occupavit,
1101 1949 1234 1983 criticis
1250 1954 1386 1983 utram-

0 2018 68 2050 que
89 2017 217 2041 vocem
249 2017 319 2040 non
341 2005 456 2038 minus
480 2017 587 2048 quam
608 2006 762 2040 librariis
786 2006 1086 2039 confundentibus.
1145 2007 1267 2040 Petrus
1291 2007 1385 2041 enim

0 2064 225 2098 Burmannus
249 2064 292 2097 ad
316 2063 418 2096 Ovid.
436 2063 522 2096 Met.
539 2064 596 2105 lv,
618 2063 698 2098 138.
720 2063 860 2103 statuit,
883 2063 929 2095 in·
943 2063 1252 2096 vehementioribus
1276 2064 1385 2097 animi

0 2121 184 2154 affectibus
219 2120 456 2165 signIficandis
488 2132 670 2165 percussus
694 2121 818 2154 melius
842 2131 916 2153 esse
940 2131 1044 2162 quam
1065 2120 1264 2163 perculsus,
1300 2120 1386 2163 quia

0 2178 88 2212 illud
112 2188 134 2212 a
157 2178 301 2211 vulnere
324 2178 478 2222 corporis
502 2179 710 2212 translatum
743 2178 787 2211 sit
809 2178 855 2211 ad
879 2181 1050 2217 mentem,
1079 2177 1149 2209 hoc
1174 2187 1256 2209 vero
1280 2177 1325 2211 sit
1349 2177 1385 2211 in

0 2240 131 2270 terram
167 2235 275 2276 dare,
307 2241 485 2277 evertere,
508 2241 668 2270 sternere.
727 2233 920 2268 Burmanni
943 2233 1114 2266 rationem
1144 2233 1211 2266 sibi
1242 2234 1386 2277 probari

1 2293 185 2337 profitetur
202 2293 374 2326 Drakenb.
399 2293 443 2326 ad
467 2292 542 2326 Liv.
556 2291 646 2333 1‚14‚
656 2292 689 2325 9.
714 2295 747 2324 et
769 2291 812 2323 ad
831 2291 857 2330 1,
868 2290 924 2329 27,
937 2290 1000 2330 1ος
1025 2301 1093 2322 non
1117 2289 1200 2324 satis
1216 2292 1385 2326 consulte.

0 2350 206 2384 Accua-atius
239 2350 281 2383 de
304 2350 492 2384 verborum
515 2349 714 2383 discrimine
747 2347 821 2393 egit
844 2347 1024 2380 Bentleius
1056 2347 1101 2380 ad
1123 2348 1249 2382 Horat.
1276 2350 1386 2393 Epod.

1 2407 64 2445 xl,
88 2407 143 2447 2.,
167 2406 228 2450 qui
250 2407 382 2441 reiecta
403 2407 622 2450 quorundam
646 2407 764 2449 inepta
787 2403 1005 2446 differentia,
1035 2409 1217 2448 percutere
1241 2406 1285 2439 ad
1309 2417 1387 2439 cor-

2 2476 88 2509 pus,
121 2465 308 2508 percellere
341 2464 384 2497 ad
408 2463 564 2497 animum
588 2463 781 2507 pertinere,
816 2466 1002 2504 utrumque
1033 2461 1133 2495 docet
1165 2462 1207 2495 de
1238 2467 1386 2506 utroque

2 2521 184 2565 usurpari,
214 2522 273 2554 sed
303 2522 372 2555 hoc
404 2520 440 2554 in
472 2532 511 2555 re
542 2520 719 2566 graviori,
754 2518 891 2561 dicique
921 2519 1063 2562 percelli
1093 2524 1244 2561 terrore,
1279 2526 1385 2563 metu,

0 2580 208 2622 formidine,
233 2579 350 2618 clade,
375 2579 498 2619 ruina,
523 2578 669 2619 damno,
692 2577 889 2618 discordiis,
925 2574 1050 2618 quibus
1073 2577 1177 2609 rebus
1201 2577 1310 2611 animi
1333 2578 1388 2611 vi-

3 2647 59 2669 res
82 2637 291 2680 frangantur
323 2640 356 2668 et
379 2635 482 2678 plane
504 2638 784 2673 consta-neutum
815 2638 935 2666 contra
956 2633 1093 2676 percuti
1120 2633 1156 2666 in
1179 2634 1310 2668 leviore
1334 2635 1389 2668 af-

4 2693 99 2729 fectu
121 2694 238 2728 locum
262 2693 413 2736 habere,
445 2691 507 2726 ubi
531 2690 668 2726 animus
691 2689 736 2724 sit
758 2688 899 2733 quidem
923 2689 1012 2725 ictus
1036 2693 1071 2723 et
1093 2690 1252 2733 saucius,
1279 2702 1390 2735 neque

1081 2749 1112 2793 3
