1630 3034
406 190 771 233 IUGURTHA.
833 190 958 232 CAP.
992 190 1098 234 CIII.
1359 194 1439 234 561

2 305 8 311 ’
55 309 148 353 Eos
179 309 252 352 ille
283 322 372 351 non
402 322 489 367 pro
518 308 638 352 vanis
670 307 896 365 hostibus,
929 313 977 351 ut
1006 308 1149 351 meriti
1177 313 1322 365 erant,
1361 308 1478 358 sed5

56 412 263 450 accurate
307 420 361 448 ac
406 392 646 448 liberaliter
691 404 874 458 habuit;
934 420 1023 462 qua
1074 420 1123 448 re
1172 403 1352 448 barbari
1397 411 1441 448 et

55 502 222 546 famam
266 502 576 545 Romanorum
623 501 829 545 avaritiae
875 501 1058 558 falsam,
1095 508 1139 545 et
1175 501 1358 565 Syllam*
1379 502 1439 546 ob

52 599 395 643 munificentiam
444 599 488 641 in
523 575 629 642 'sese
666 598 854 642 amicum
892 599 986 641 rati.
1057 599 1175 642 Nam
1211 599 1478 650 etiamtum6

54 696 231 756 largitio
276 696 422 740 multis
468 697 623 755 ignota
669 701 784 751 erat,
821 695 1055 739 munificus
1091 710 1223 739 nemo
1250 697 1443 755 putaba-

56 855 163 886 nam,
196 843 328 887 inquit,
362 843 496 888 aliquid
521 841 759 895 interpositum
777 841 890 884 fuisse
914 843 1005 876 inter
1025 848 1250 887 praetore
1275 848 1308 878 et
1331 845 1445 878 reli-

54 910 243 950 querat,
281 916 321 938 es
352 915 431 937 sono
464 905 623 944 coniicio,
655 903 737 947 quia
772 903 829 935 vix
864 903 989 947 duplex
1021 915 1068 938 re
1103 905 1289 939 Sallustius
1312 905 1365 939 ita
1388 905 1444 939 hic

14 999 17 1001 .
55 966 281 999 coniunxerit.
330 964 382 997 Ad
407 975 497 1008 quae
522 976 589 997 non
613 976 698 1007 opus
724 968 776 998 est
798 964 1014 1007 respondere.

146 1029 179 1068 ἓ.
202 1026 235 1059 5.
282 1036 349 1058 non
370 1036 434 1068 pro
459 1026 561 1058 vanis
586 1025 738 1059 hostibus
761 1045 807 1051 —-
832 1025 977 1070 habuit]
1013 1024 1089 1059 Ncn
1113 1025 1196 1060 satis
1218 1028 1312 1060 recte
1335 1025 1442 1060 inter-

53 1088 167 1129 pretes
194 1085 300 1118 verba
323 1097 403 1130 pro
428 1088 530 1120 vanis
554 1087 716 1127 hostibus,
744 1097 785 1119 ex
809 1086 930 1120 habuit
955 1086 1150 1130 pendentia,
1175 1088 1444 1131 interpretantur

54 1151 222 1191 tanquam
246 1158 354 1180 vanos
379 1147 503 1189 hostes,
537 1148 592 1180 cui
618 1147 840 1191 explicationi
863 1151 1059 1191 repugnat,
1081 1147 1109 1180 si
1136 1147 1219 1190 quid
1243 1147 1365 1189 video,
1389 1147 1440 1181 lo-

54 1207 180 1251 quendi
212 1218 304 1240 usus.
354 1209 495 1242 Habere
532 1208 644 1252 enim,
682 1208 772 1251 quod
804 1209 1041 1242 tantummodo
1078 1220 1158 1242 cum
1197 1207 1364 1242 adverbio
1399 1208 1445 1242 ud

53 1278 238 1311 personam
264 1268 415 1302 relatum
440 1270 532 1303 valet
556 1275 709 1303 tractare
734 1270 794 1313 (v.
819 1269 862 1302 ad
888 1269 964 1302 cat.
989 1280 1019 1302 c.
1046 1270 1106 1312 xl,
1131 1268 1215 1313 5.),
1239 1280 1306 1303 uon
1331 1273 1444 1313 potest

54 1329 174 1363 eadem
209 1334 379 1373 potestate
418 1342 497 1364 cum
526 1342 590 1374 pro
625 1329 879 1374 praepositione
920 1329 1083 1365 construi.
1148 1330 1268 1373 Quare
1306 1334 1445 1373 praeter
1492 1347 1496 1350 ¹

13 1378 21 1383 ’
54 1390 230 1434 duplicem
253 1395 463 1425 structuram
493 1391 554 1435 (de
578 1402 648 1434 qua
672 1401 704 1423 v.
730 1390 775 1424 ad
800 1402 829 1424 c.
854 1391 882 1431 1,
907 1390 939 1425 2.
963 1403 996 1435 p.
1021 1390 1072 1435 3.)
1102 1390 1207 1424 etiam
1231 1402 1381 1436 zeugma
1405 1392 1442 1424 h.

54 1450 78 1484 l.
104 1450 255 1494 obtinet,
290 1463 358 1494 quo
381 1453 534 1486 efficitur
558 1457 596 1486 ut
620 1463 661 1485 ex
693 1452 819 1486 habere
855 1452 980 1493 verbo,
1013 1451 1042 1485 si
1073 1452 1117 1485 ad
1149 1450 1245 1494 prius
1278 1451 1445 1486 orationis

54 1513 252 1546 membrum
277 1514 438 1554 refertur,
460 1514 610 1557 putandi
634 1513 730 1547 notio
757 1512 968 1557 cogitatione
991 1512 1035 1546 sit
1055 1512 1273 1545 assumenda.
1315 1513 1445 1546 Plenus

53 1572 164 1618 igitur
188 1585 306 1607 sensus
330 1574 388 1606 hic
412 1581 482 1607 est:
508 1575 576 1608 Eos
602 1574 664 1607 ille
687 1585 756 1607 uon
778 1584 886 1607 vanos
909 1574 1025 1607 hostes
1050 1584 1123 1606 esse
1142 1572 1291 1618 putavit,
1315 1593 1360 1598 -
1384 1574 1443 1608 sed

54 1638 218 1668 accurate
248 1645 290 1668 ac
323 1634 516 1668 liberaliter
548 1634 724 1669 tractavit.
771 1635 824 1668 De
848 1632 956 1667 simili
983 1637 1169 1677 zeugmate
1193 1635 1321 1669 habere
1344 1634 1443 1669 verbi

54 1694 205 1728 diximus
238 1695 282 1729 ad
314 1707 345 1729 c.
381 1696 584 1739 Lxxxlx,
618 1695 651 1729 4.
717 1695 807 1728 sani
837 1693 1013 1728 notionem
1044 1693 1293 1738 explicavimus
1328 1696 1372 1730 ad
1413 1708 1443 1733 c.

53 1755 174 1797 Lxlv,
199 1754 233 1789 5.
257 1774 300 1780 —-
343 1755 387 1789 lit
417 1756 535 1789 meriti
565 1760 665 1790 erant
699 1767 768 1790 non
801 1758 958 1800 spectare
989 1758 1073 1798 puto
1106 1756 1150 1790 ad
1183 1768 1292 1791 vanos
1316 1758 1443 1799 hostes,

52 1819 196 1859 propter
226 1816 357 1849 fluxam
392 1821 426 1850 et
457 1817 664 1851 mutabilem
690 1816 824 1850 Bocchi
857 1816 951 1860 regis
981 1816 1106 1858 fidem,
1131 1820 1170 1850 ut
1194 1818 1386 1852 Muellerus
1409 1822 1444 1851 et

54 1876 210 1911 Weisius
241 1880 399 1918 censent,
433 1877 491 1910 sed
522 1878 638 1921 potius
662 1878 776 1911 refero
799 1878 842 1911 ad
866 1877 1095 1911 miserabilem
1118 1883 1151 1911 et
1174 1877 1371 1911 indecorum
1395 1878 1444 1911 le-

54 1943 219 1984 gatorum
244 1939 423 1978 habitum,
448 1937 507 1981 qui
531 1938 612 1972 talis
637 1943 748 1979 esset,
781 1942 819 1972 ut
842 1937 901 1971 vix
929 1937 1028 1982 digni
1054 1937 1272 1980 viderentur,
1296 1950 1443 1982 quorum

55 1998 171 2031 verbis
195 1998 278 2031 fides
301 1998 511 2039 haberetur3
545 2010 626 2033 nam
658 1999 773 2042 specie
800 2003 940 2032 externa
969 1998 1083 2031 videri
1107 2002 1264 2041 poterant
1286 1998 1368 2032 ficta
1392 1999 1443 2033 lo-

55 2059 120 2101 qui
149 2069 308 2102 vanaque
340 2058 497 2093 oratione
530 2059 667 2093 Sullam
702 2058 860 2102 decipere
890 2059 993 2093 velle.
1055 2059 1173 2102 Quare
1202 2060 1326 2093 mereri
1357 2059 1393 2093 h.
1418 2060 1443 2093 Ι.

38 2129 125 2165 *uon
160 2120 257 2153 valet
285 2119 438 2162 factis
472 2122 781 2161 committere,
819 2125 858 2155 ut
889 2121 944 2154 vel
975 2121 1098 2153 bonam
1130 2120 1185 2153 vel
1214 2121 1344 2154 malam
1370 2131 1444 2154 rem

56 2190 321 2224 consequamur,
353 2190 444 2222 quae
477 2180 636 2224 vulgaris
668 2181 768 2214 verbi
801 2185 852 2215 est
883 2183 1059 2224 potestas,
1096 2180 1154 2213 sed
1187 2180 1314 2214 latiore
1344 2192 1445 2216 sensu

57 2238 233 2284 siguificat
267 2240 360 2274 tali
395 2241 675 2275 condicione
710 2252 828 2282 esse,
864 2241 918 2274 cui
959 2242 1079 2275 merito
1113 2241 1246 2285 aliquid
1279 2247 1444 2287 tanquam

16 2290 19 2293 ”
57 2302 305 2335 consectarium
330 2301 531 2336 adiunctum
556 2303 623 2343 sit,·
647 2313 715 2346 quo
739 2301 796 2343 fit,
827 2305 864 2335 ut
895 2300 1010 2334 verbis
1034 2302 1086 2334 uti
1109 2303 1224 2336 meriti
1247 2308 1347 2337 erant
1371 2294 1452 2337 fere¹

58 2360 117 2407 hic
140 2372 259 2395 sensus
283 2363 346 2396 sit:
371 2367 409 2396 ut
435 2368 698 2397 consentaneum
725 2366 812 2395 erat.
849 2381 892 2386 -—
930 2363 985 2394 De
1008 2361 1173 2406 genitivis
1191 2365 1330 2405 samam
1354 2363 1445 2397 Ro-

57 2409 284 2455 manorum
309 2425 555 2457 auaritiae
580 2435 612 2457 v.
638 2423 682 2456 ad
706 2434 736 2456 c.
762 2422 875 2463 XXX,
896 2422 930 2456 3.
957 2428 990 2456 et
1014 2423 1059 2456 ad
1084 2423 1186 2464 LXV,
1211 2422 1245 2456 3.

151 2483 185 2524 §.
208 2483 242 2517 6.
290 2483 493 2527 etiamtum]
536 2485 588 2517 De
611 2484 668 2517 his
691 2482 883 2526 particulis,
910 2494 998 2526 quae
1022 2483 1057 2516 in
1082 2483 1242 2518 omnibus
1266 2484 1341 2519 edd.
1365 2495 1443 2528 per-

35 2577 37 2580 ,
61 2553 182 2586 peram
206 2542 346 2577 divisim
371 2544 581 2587 scribuntur,
605 2556 642 2579 v.
665 2544 709 2577 ad
734 2543 838 2578 Catil.
862 2544 909 2585 ll,
933 2545 966 2577 1.
995 2545 1074 2589 lug.
1101 2545 1198 2588 XXI,
1224 2545 1256 2578 l.
1283 2565 1326 2570 —
1353 2546 1443 2579 Lar-

58 2603 228 2648 gitionem
253 2614 364 2647 aeque
387 2615 427 2638 ac
461 2605 603 2649 largiri,
638 2605 679 2638 de
713 2605 868 2648 potentia
899 2605 1096 2651 quaerenda
1121 2611 1305 2650 usurpatae
1329 2618 1444 2648 voces,

60 2674 225 2709 magnam
248 2664 417 2698 invidiam
441 2665 592 2709 habere,
631 2665 704 2699 iam
728 2665 924 2699 monuimus
949 2666 992 2698 ad
1017 2677 1046 2699 c.
1074 2666 1175 2708 ΠΗ,
1199 2665 1232 2701 2.
1256 2678 1290 2710 p.
1313 2667 1369 2702 45.
1395 2668 1441 2701 cf.

61 2724 136 2760 cat.
160 2727 220 2768 111,
242 2725 276 2760 3.
302 2727 372 2760 Cic.
397 2727 440 2759 de
465 2726 561 2761 Orat.
588 2727 639 2764 11,
660 2725 726 2767 25,
749 2726 829 2759 105.
879 2727 931 2759 De
955 2726 1087 2760 ambitu
1109 2738 1189 2761 raro
1212 2728 1300 2761 illud
1325 2729 1442 2768 datur,

63 2789 101 2818 nt
120 2787 228 2829 possis
251 2787 497 2822 liberalitatem
522 2799 563 2820 ac
589 2788 932 2831 benignitatem
967 2787 1010 2820 ab
1044 2788 1176 2822 ambitu
1206 2793 1310 2832 alque
1342 2790 1440 2821 lar-

129 2857 183 2900 11.
1099 2859 1164 2902 36
