1630 3034
96 156 153 196 72
469 153 512 194 C.
545 152 869 195 SALLUSTI
903 153 1126 197 CRISPI

98 269 237 312 homo
272 267 495 320 omnium,
533 283 647 326 quos
688 273 808 312 terra
851 270 1056 327 sustinet,
1093 270 1485 326 sceleratissumus,

101 370 358 425 contempto
394 365 585 424 imperio
617 370 767 409 vostro
802 364 1065 411 Masinissae
1094 382 1166 411 me
1201 373 1414 426 nepotem
1445 376 1490 412 et

101 462 188 504 iam
233 461 290 505 ab
338 462 478 521 stirpe
537 462 710 506 socium
755 468 801 506 et
856 464 1050 507 amicum
1096 463 1259 524 populi
1294 465 1491 508 Romani

68 559 247 618 3regno
285 557 562 616 fortunisque
592 559 796 604 omnibus
829 560 1008 621 expulit.
1074 560 1225 618 Atque
1262 575 1366 621 ego,
1399 561 1491 605 Pa-

192 732 224 772 §.
249 729 284 763 2.
331 737 522 775 praecepta
543 732 702 775 parentis
724 733 806 777 πιεί]
841 733 941 766 Haec
965 732 1105 767 Cottius
1126 732 1200 766 sine
1223 732 1348 766 idonea
1370 742 1494 767 caussa

101 793 268 833 tanquam
293 791 412 835 spuria
436 792 570 826 uncinis
601 792 766 834 inclusit,
798 793 871 826 iam
904 794 1055 828 Grutero
1085 794 1180 828 idem
1202 793 1376 827 suadente.
1423 793 1493 827 Sed

100 854 344 895 praeterquam
376 854 470 897 quod
504 855 573 888 mei
591 854 637 888 ab
668 854 842 888 nonnullis
877 855 995 896 abest,
1029 859 1065 888 et
1092 866 1155 898 pro
1177 855 1333 899 parentis
1356 854 1391 888 in
1415 855 1494 889 aliis

97 912 211 955 patris
239 923 281 945 ex
309 913 596 958 interpretatione
627 914 781 960 legitur,
814 914 904 948 nihil
933 919 1004 957 est,
1030 916 1123 959 quod
1145 919 1218 950 tam
1241 915 1353 948 levem
1378 916 1494 959 suspi-

101 971 237 1006 cionem
272 974 464 1009 confirmet.
514 975 711 1020 Praecepta
745 976 934 1020 agitare
965 987 1046 1009 cum
1083 976 1118 1010 vi
1155 975 1287 1009 dictum
1318 976 1495 1020 significat

101 1037 211 1067 totum
245 1046 315 1068 esse
341 1035 378 1068 in
408 1037 604 1080 praeceptis
642 1035 872 1070 observandis.
919 1035 1082 1070 Ceterum
1114 1048 1185 1070 non
1217 1037 1299 1071 satis
1330 1048 1495 1082 assequor

101 1094 184 1137 quid
208 1095 418 1130 Gerlachius
437 1096 589 1131 voluerit
611 1097 699 1130 haec
716 1100 904 1130 annotanst
927 1096 1041 1138 „haec
1064 1096 1171 1130 verba
1190 1097 1323 1141 (praec.
1340 1101 1492 1144 parum.)

101 1154 191 1188 mihi
214 1157 337 1190 eodem
360 1157 436 1190 fere
459 1157 586 1199 modo,
621 1161 660 1190 ut
683 1168 810 1200 supra,
845 1157 966 1190 addita
998 1156 1182 1198 videntur3
1219 1163 1257 1192 ut
1280 1159 1412 1193 scilicet
1435 1171 1494 1194 ex-

100 1215 270 1258 plicarent
285 1243 296 1259 ‚
328 1217 421 1261 quod
444 1217 626 1251 obscurius
648 1217 780 1250 dictum
803 1228 878 1250 esse
908 1217 1144 1259 videbatur;“
1175 1217 1242 1252 nisi
1275 1220 1364 1253 forte
1387 1221 1428 1254 V.
1452 1222 1494 1255 D.

101 1277 235 1319 putavit
256 1289 372 1322 praec.
396 1289 474 1322 par.
499 1290 545 1311 m.
579 1278 833 1322 appositionem
866 1289 940 1312 esse
972 1278 1116 1312 relativi
1150 1279 1241 1313 nude
1272 1280 1399 1324 positi,
1427 1293 1496 1315 non

100 1336 250 1371 sentiens
280 1350 371 1382 quae
391 1345 582 1384 praecepta
605 1338 771 1384 coniungi
796 1340 931 1373 debere.
950 1359 996 1365 —
1013 1341 1165 1374 Sustinet
1189 1351 1255 1373 non
1275 1352 1315 1375 ex
1339 1353 1498 1377 sermone

103 1398 243 1442 vulgari
268 1398 415 1442 petitum
442 1405 513 1443 est,
537 1404 575 1434 ut
600 1401 812 1435 Gerlachius
834 1401 930 1442 vult3
953 1401 1012 1435 sed
1037 1413 1146 1445 quum
1170 1402 1338 1435 sustinere
1361 1402 1406 1436 sit
1430 1403 1496 1437 ali-

102 1458 186 1501 quid
208 1471 288 1493 cum
314 1459 523 1494 difficultate
552 1462 608 1494 vel
631 1461 795 1495 molestia
818 1462 933 1504 ferre,
969 1473 1000 1495 v.
1027 1463 1070 1496 ad
1097 1463 1173 1498 Cat.
1190 1463 1279 1504 LIII,
1304 1463 1353 1504 2.,
1378 1464 1497 1498 Sallu—

102 1519 188 1553 stius
211 1521 388 1566 eleganter
413 1522 481 1554 hoc
514 1522 687 1556 vocabulo
706 1522 944 1555 Adherbalem
971 1507 1014 1556 de
1034 1524 1229 1569 Iugurthae
1261 1524 1416 1568 nequitia
1439 1525 1498 1559 vix

104 1581 246 1614 ferenda
272 1587 474 1625 querentem
509 1582 608 1616 facit.
642 1602 687 1607 -
716 1583 767 1616 Ab
793 1583 900 1627 stirpe
925 1595 993 1617 non
1017 1588 1068 1618 est
1100 1585 1124 1619 i.
1150 1597 1183 1628 q.
1207 1585 1314 1628 stirpe
1339 1585 1396 1618 vel
1417 1597 1499 1629 per

103 1643 264 1687 stirpem,
292 1654 403 1686 neque
428 1644 522 1677 valet
546 1644 626 1677 inde
651 1655 674 1676 a
698 1645 864 1677 nascendi
884 1644 1004 1685 initio,
1029 1645 1088 1678 sed
1112 1650 1320 1689 respectu
1345 1648 1499 1690 generis,

103 1703 178 1737 sive
203 1705 374 1737 maiorum
405 1705 527 1739 habita
558 1705 716 1744 ration03
751 1715 832 1738 nam
869 1705 912 1738 ab
949 1710 1136 1749 usurpatur
1161 1706 1204 1739 ad
1227 1705 1498 1750 significandum

105 1776 166 1799 nos
191 1776 265 1799 rem
291 1777 333 1800 ex
356 1765 476 1808 aliqua
501 1771 599 1809 parte
624 1765 854 1799 considerare.
878 1776 910 1798 V.
927 1766 1043 1799 Hand.
1066 1766 1109 1799 de
1132 1767 1241 1800 Partt.
1267 1767 1356 1800 Latt.
1381 1767 1458 1801 vol.
1470 1768 1499 1802 Ι.

105 1838 139 1871 p.
156 1824 213 1861 56.
237 1827 281 1868 11,
306 1827 338 1860 l.
357 1838 429 1870 sqq.
457 1826 536 1859 coll.
562 1825 622 1860 Fr.
647 1826 858 1871 Heusinger.
882 1826 927 1860 ad
952 1826 1022 1859 Cic.
1049 1827 1092 1859 de
1116 1826 1188 1861 Oss'.
1206 1828 1234 1868 1,
1259 1827 1294 1869 2,
1320 1827 1376 1861 11.
1404 1829 1500 1862 Goe-

105 1899 198 1921 renz.
223 1888 266 1922 ad
290 1888 393 1921 eund.
417 1887 459 1920 de
482 1887 582 1921 Finn.
607 1888 635 1928 Ι,
653 1887 685 1929 5,
704 1886 760 1921 1⁴.
785 1899 818 1930 p.
839 1886 894 1920 19.
916 1888 1183 1921 Drakenborch.
1209 1888 1253 1922 ad
1279 1888 1354 1923 Liv.
1370 1890 1501 1934 xxw,

104 1948 163 1989 30,
189 1949 222 1982 1.
247 1949 382 1989 xxvi,
409 1948 442 1988 1,
465 1947 499 1980 3.
549 1948 674 1981 Paullo
706 1948 827 1989 aliter,
863 1959 1076 1991 quamquam
1111 1960 1213 1982 sensu
1244 1961 1311 1983 nnn
1347 1951 1499 1985 multum

106 2009 265 2050 diverso,
290 2009 406 2042 Hand.
432 2009 455 2041 1.
481 2008 504 2041 l.
536 2019 568 2051 p.
594 2006 653 2041 24.
677 2009 707 2050 §.
732 2008 767 2043 3.
791 2009 941 2052 explicat
965 2010 1045 2043 inde
1071 2010 1114 2043 ab
1137 2022 1214 2043 auo.
1261 2010 1360 2043 Unde
1384 2016 1499 2045 tumen

108 2070 145 2102 V.
171 2071 214 2104 D.
239 2081 300 2113 pro
322 2075 354 2104 et
379 2069 448 2103 iam
467 2067 642 2111 scripserit
666 2070 797 2114 utique,
822 2082 890 2104 non
913 2081 1089 2114 assequor.
1111 2090 1158 2096 —-
1176 2073 1289 2115 Atque
1311 2075 1391 2105 ante
1411 2073 1502 2105 ami-

106 2142 181 2164 cum
207 2130 366 2174 plerique
390 2129 488 2163 codd.
514 2129 666 2170 habent3
700 2131 838 2164 Curtius
875 2136 908 2166 ct
932 2132 1093 2175 scripsit,
1131 2143 1253 2166 caussa
1276 2145 1343 2166 uon
1369 2133 1498 2166 additu.

107 2192 243 2226 Pariter
269 2192 301 2225 in
337 2190 497 2225 omnibus
523 2191 595 2223 fere
619 2191 718 2225 libris
742 2196 793 2225 est
818 2204 888 2226 arn.
912 2194 1032 2236 populi
1057 2194 1226 2234 Romani,
1258 2204 1320 2235 pro
1343 2203 1411 2235 quo
1440 2192 1501 2225 ille

108 2266 142 2286 a.
164 2255 290 2297 populo
318 2254 472 2286 Romano
499 2251 619 2285 edidit.
667 2252 734 2286 Sed
753 2253 927 2297 genitivus
945 2266 1010 2287 non
1030 2255 1144 2287 solum
1169 2253 1380 2288 auctoritate
1401 2254 1501 2289 codd.

107 2313 348 2347 verumetiam
367 2325 467 2347 sensu
487 2317 663 2357 praestat,
692 2324 799 2356 quum
833 2319 973 2358 propter
995 2325 1237 2360 praegressum
1254 2325 1378 2346 nornen
1399 2325 1503 2358 nepo-

105 2380 173 2408 tem
199 2375 344 2418 gravius
369 2378 402 2408 ct
426 2374 627 2408 concinnius
651 2374 694 2407 sit
719 2375 846 2408 socium
871 2381 904 2409 ct
928 2377 1075 2409 amicum
1102 2374 1311 2409 substautisi
1336 2377 1502 2418 potestate

106 2435 265 2479 intelligi.
311 2435 429 2468 Minus
452 2435 495 2468 ud
521 2447 594 2468 rein
620 2435 788 2477 pertinet,
825 2436 917 2479 quod
942 2436 1150 2469 Gerlachius
1171 2440 1350 2479 sequentes
1373 2435 1501 2470 ablati-

111 2508 169 2529 ws
194 2508 301 2541 regno
319 2495 541 2539 fortunisque
566 2495 685 2528 dativo
710 2497 848 2530 obstare
873 2497 969 2530 dicit.

197 2558 228 2599 §.
254 2556 287 2590 ὃ.
337 2558 447 2601 Atque
472 2560 555 2601 ego]
584 2556 694 2599 Atque
712 2556 869 2590 “mulius
887 2559 928 2591 dc
948 2557 1095 2591 Partim.
1115 2557 1204 2591 Latt.
1225 2557 1303 2590 vol.
1327 2557 1352 2590 1.
1373 2568 1406 2600 p.
1421 2555 1499 2590 ⁴95.

104 2617 376 2661 praesumptioni
408 2616 576 2650 inservire
608 2617 712 2658 dicit,
747 2629 816 2660 qua
851 2618 1003 2661 aliquid,
1038 2618 1129 2662 quod
1163 2617 1294 2662 opponi
1326 2621 1387 2650 aut
1419 2617 1499 2649 addi

107 2677 236 2720 possit,
268 2678 527 2721 unu-cupiatur,
559 2688 648 2720 quae
683 2677 851 2712 sententia
886 2679 974 2712 mihi
1001 2678 1034 2711 in
1064 2680 1133 2712 boc
1159 2689 1247 2711 nexu
1272 2689 1394 2720 panim
1420 2689 1499 2719 pro-

107 2738 231 2771 babilis
257 2738 402 2774 xidetur.
452 2738 654 2782 Simplicior
679 2738 768 2772 ratio
792 2743 842 2772 est
861 2764 870 2779 ‚
905 2738 932 2772 si
964 2743 1095 2774 statuas
1119 2751 1182 2783 per
1212 2743 1316 2783 utque
1348 2737 1499 2782 partien-
