1630 3034
445 119 812 164 lUGURTHA.
872 120 995 162 (ΕΑΓ.
1030 121 1156 163 LVII.
1400 127 1482 166 811

100 240 290 282 tumultu
326 245 528 291 manent;
573 237 795 298 proelium
831 236 1049 296 incipitur.
1120 237 1338 293 Romani,
1392 245 1516 298 pro4

100 335 278 395 ingenio
315 335 530 392 quisque,
572 348 676 392 pars
723 333 894 376 eminus
941 332 1110 392 glande
1147 340 1223 376 aut
1257 334 1483 393 lapidibus

98 445 319 492 pugnare,
355 430 426 473 alii
462 428 726 485 succedere,
764 444 816 472 ac
852 443 1028 473 murum
1065 429 1202 473 modo
1238 429 1482 490 suffodere,

96 578 284 625 singularis
309 589 409 612 usum
442 577 560 611 valere
589 575 789 611 observavit
820 575 910 620 Aug.
940 575 1175 610 Grotefendus
1211 578 1371 612 Gramm.
1406 579 1482 616 Lat.

96 642 172 675 Nol.
196 640 239 674 11.
270 642 305 682 §.
329 638 410 672 473.
446 649 478 682 p.
504 637 586 672 378.
618 637 862 671 Boetticherus
894 636 929 670 in
963 637 1045 671 Lex.
1084 638 1200 671 Tacit.
1234 651 1268 673 v.
1294 641 1422 685 singul.
1448 654 1481 686 p.

92 701 174 734 429.
199 701 351 743 Herzog.
376 699 420 732 ad
452 697 550 732 Caes.
582 698 624 731 B.
649 697 694 734 G.
725 697 777 740 V,
801 696 858 730 31.
892 697 1014 731 Bremi
1047 698 1091 732 ad
1124 698 1267 733 Sueton.
1302 699 1426 735 octav,
1450 712 1481 736 c.

93 762 220 795 LXXI.
244 759 508 794 Drakenborch.
531 758 576 792 ad
598 757 677 793 Liv.
700 758 775 798 VII,
798 755 855 799 35,
880 757 914 791 2.
939 762 975 791 et
998 758 1042 800 X,
1068 758 1125 801 17,
1149 759 1172 792 6
1201 777 1244 785 -
1260 759 1350 794 Ante
1373 762 1482 796 verba

93 822 158 854 ulii
180 820 360 854 succedere
383 819 550 852 editiones
573 817 738 853 Cottiana
755 817 887 862 priores
912 817 1064 863 itemque
1089 819 1394 864 Havercampiana
1415 823 1482 856 ha-

92 882 173 914 bent
196 881 343 915 evadere
368 881 443 921 alii,
471 891 561 923 quae
588 880 696 913 verba
720 879 962 913 tantummodo
987 885 1192 922 comparent
1216 880 1251 913 in
1270 881 1356 917 Naz.
1386 883 1479 916 Mar-

91 942 152 976 tin.
169 942 213 976 B.
244 942 346 975 Publ.
372 941 518 974 Balliol.
547 941 657 974 Laud.
683 939 718 974 1.
742 939 778 973 3.
815 939 933 973 Leidd.
958 940 999 975 A.
1024 940 1067 974 B.
1093 940 1132 974 C.
1160 942 1202 975 D.
1225 941 1268 975 Ε.
1294 942 1336 976 F.
1362 943 1405 976 G.
1431 944 1478 976 Η.

89 1004 117 1038 1.
143 1003 192 1037 M.
220 1002 262 1037 N.
287 1008 323 1036 et
346 1013 368 1036 a
392 1013 440 1035 m.
460 1013 527 1034 sec.
552 1001 588 1033 in
613 1001 694 1034 Sen.
718 1000 752 1034 1.
799 1000 986 1034 Praeterea
1011 1001 1046 1034 in
1070 1002 1175 1035 Fabr.
1195 1003 1226 1036 1.
1246 1015 1294 1038 m.
1312 1016 1364 1048 pr.
1388 1005 1480 1050 Teg.

90 1069 125 1096 et
149 1063 238 1097 Tur.
265 1063 298 1096 l.
323 1062 477 1107 legitur:
503 1063 566 1094 alii
590 1061 758 1103 evadere,
791 1062 861 1094 vel
883 1062 1082 1099 succedere.
1107 1065 1179 1096 vel
1201 1074 1336 1098 murum
1360 1077 1480 1099 ascen-

90 1124 193 1164 dere,
218 1134 260 1156 ac
284 1133 420 1157 murum
444 1127 524 1164 etc.,
550 1122 584 1156 in
608 1122 718 1156 Laud.
742 1121 776 1155 3.
803 1126 921 1155 autem
942 1124 1184 1157 tantummodo
1208 1129 1259 1158 est
1283 1126 1348 1158 alii
1370 1126 1478 1159 inva-

90 1185 195 1226 dere,
231 1182 369 1217 omissis
401 1182 515 1217 verbis
549 1184 614 1217 alii
644 1182 839 1223 succedere,
874 1183 963 1215 unde
987 1184 1126 1217 abunde
1156 1188 1251 1228 patet
1284 1185 1347 1219 illa
1370 1187 1480 1220 verba

87 1256 151 1288 pro
175 1243 456 1288 interpretatione
489 1243 657 1288 vulgatae
684 1241 801 1275 versui
836 1242 1069 1286 superscripta
1093 1245 1186 1277 male
1217 1245 1251 1278 in
1277 1249 1411 1280 textum
1435 1247 1479 1280 il-

87 1305 161 1339 lata
178 1315 291 1346 esse,
332 1304 458 1347 quibus
497 1302 718 1337 defendendis
759 1302 920 1336 Tene-rus
955 1314 986 1346 p.
1012 1303 1092 1337 219.
1131 1304 1260 1339 frustra
1293 1307 1478 1343 laboravit.

86 1365 178 1399 Nam
203 1364 293 1408 quod
318 1364 378 1397 ille
403 1364 478 1397 vult
503 1364 651 1397 evadere
673 1362 873 1408 significare
896 1364 932 1395 in
957 1377 1124 1398 summum
1151 1377 1286 1399 murum
1311 1367 1417 1409 eniti,
1440 1367 1476 1400 id

87 1437 230 1470 prorsus
254 1425 409 1468 ineptum
434 1429 504 1467 est,
529 1436 637 1468 quum
661 1428 696 1458 et
719 1424 811 1467 quod
835 1424 990 1467 sequitur
1013 1426 1116 1458 scalis
1141 1427 1313 1471 aggredi,
1339 1432 1374 1460 et
1397 1426 1476 1460 uni-

30 1480 36 1485 ’
84 1497 187 1520 versa
209 1496 348 1530 pugnae
381 1485 480 1529 ratio⁵
509 1488 687 1530 repugnet.
744 1483 889 1527 Optime
922 1486 1060 1519 Cor-tius
1095 1487 1198 1520 huius
1231 1486 1299 1520 loci
1335 1498 1474 1520 sensum

83 1546 274 1592 perspexit,
309 1546 370 1590 qui
406 1547 500 1588 „duo
529 1545 788 1585 tantummodo,
827 1544 956 1588 inquit,
995 1552 1091 1580 erant
1115 1558 1245 1591 genera
1270 1559 1473 1591 oppugnan-

83 1608 192 1649 tium,
233 1608 365 1641 eminus
397 1607 459 1640 alii
492 1605 622 1651 glande
653 1610 714 1639 aut
748 1605 926 1649 lapidibus
961 1607 1189 1651 pugnabant,
1226 1608 1288 1641 alii
1321 1610 1474 1642 cominus

80 1667 260 1712 pugnandi
284 1667 421 1710 copiam
445 1667 680 1710 quaerebant,
703 1667 930 1701 succedebant
953 1679 1077 1711 nempe
1100 1667 1144 1701 ad
1168 1679 1308 1701 murum
1326 1693 1334 1708 ‚
1369 1681 1473 1712 quem

81 1727 210 1771 partim
228 1726 482 1768 suffodiebant,
518 1727 649 1771 partim
674 1728 779 1761 scalis
804 1739 969 1771 superare
999 1728 1212 1762 nitebantur.
1260 1730 1340 1762 Duo
1364 1730 1472 1763 etiam

79 1799 211 1833 genera
233 1787 440 1821 defensionis
462 1793 580 1828 erant3
613 1787 649 1821 in
679 1788 765 1829 hos,
798 1788 857 1831 qui
890 1790 1032 1832 propius
1057 1800 1198 1822 murum
1222 1798 1470 1830 successerant,

79 1858 185 1890 saxa,
209 1847 310 1881 sudes
326 1873 337 1889 ,
363 1848 456 1890 pila,
481 1848 597 1892 picem
621 1847 885 1890 iaculabantur,
917 1849 950 1882 in
977 1850 1077 1890 illos,
1106 1849 1165 1891 qui
1189 1852 1308 1892 procul
1334 1862 1471 1883 manse-

80 1911 181 1950 rant,
216 1908 297 1942 tela.
346 1907 439 1950 Quid
466 1908 575 1952 igitur
606 1907 672 1942 sibi
706 1911 828 1943 volunt
851 1909 904 1942 illi
930 1910 1013 1948 ulii,
1046 1909 1105 1951 qui
1130 1910 1228 1951 quasi
1253 1912 1358 1943 medii
1383 1911 1472 1945 inter

80 1969 150 2002 duo
180 1969 411 2013 pugnantium
447 1979 598 2012 genera,
635 1970 786 2002 evasisse
819 1968 1006 2002 dicuntur?
1052 1969 1239 2002 Suu-cedere
1273 1976 1388 2003 antem
1419 1976 1471 2003 est

76 2029 219 2073 propius
242 2029 290 2062 ad
323 2040 396 2062 rem
421 2029 530 2062 altam
556 2029 772 2072 arduumque
799 2029 979 2067 accedere,
1006 2029 1062 2061 vel
1086 2029 1267 2069 absolute,
1294 2036 1331 2064 nt
1360 2031 1417 2063 hic
1435 2037 1468 2064 et
1515 2031 1522 2036 “

79 2089 173 2122 infra
195 2099 226 2123 c.
251 2089 368 2129 XCIV,
386 2088 433 2129 3.,
460 2089 518 2121 vel
543 2099 626 2121 casu
649 2087 790 2128 addito,
824 2100 893 2130 quo
918 2088 1015 2121 locus
1039 2088 1275 2131 significatum
1306 2088 1352 2120 cf.
1375 2088 1463 2122 San.

78 2149 171 2193 apud
203 2148 301 2182 Serv.
335 2148 379 2182 ad
413 2147 509 2192 Virg.
543 2148 617 2181 Ecl.
641 2147 691 2189 V,
716 2147 749 2181 5.
775 2148 950 2192 (Fragm.
980 2150 1048 2181 lnc.
1076 2149 1154 2181 138.
1181 2149 1304 2190 Gerl.)
1353 2149 1464 2190 Quum

78 2220 251 2244 murum
286 2209 431 2242 hostiurn
464 2208 687 2243 successisset.
714 2208 790 2242 Liv.
823 2210 859 2249 1,
886 2209 954 2250 27,
987 2210 1018 2243 z')⁴
1045 2209 1169 2242 sensim
1204 2221 1225 2240 a
1243 2209 1264 2241 d
1294 2215 1463 2242 montes

77 2270 239 2304 succedit.
268 2269 391 2310 xxiv,
417 2269 473 2309 19,
497 2269 531 2302 6.
563 2269 782 2303 succedentes
814 2275 940 2303 temere
976 2270 1147 2302 mocnib
1164 2281 1221 2304 us.
1249 2270 1380 2309 xxm,
1406 2269 1463 2311 44,

77 2331 110 2364 7.
135 2330 287 2371 XXVII,
307 2329 374 2372 18,
404 2329 458 2362 13.
485 2328 625 2370 XXXI,
650 2328 714 2371 -15,
750 2328 782 2363 5.
794 2332 814 2349 “
848 2330 906 2362 uhi
932 2341 964 2362 v.
1002 2330 1259 2363 Drakenborch.
1286 2332 1332 2364 cs.
1357 2331 1462 2363 ctiam

76 2390 340 2425 Boetticherum
363 2390 398 2423 in
424 2389 506 2423 Lex.
532 2389 647 2423 Tacit.
679 2390 714 2424 h.
742 2402 774 2422 v.
809 2402 841 2433 p.
868 2390 948 2423 146.
982 2390 1039 2422 cui
1063 2391 1288 2431 assentiuuxffi
1325 2391 1462 2424 nullum

75 2463 195 2486 sensus
218 2450 403 2484 discrimen
427 2449 514 2483 inter
538 2449 695 2483 dativum
728 2456 762 2484 ct
785 2450 1024 2484 accusativum
1059 2450 1144 2482 huic
1176 2451 1283 2482 verbo
1308 2451 1461 2483 iunctum

77 2511 290 2546 intercedere
313 2510 447 2551 videri,
480 2511 582 2554 quale
604 2511 723 2544 statuit
751 2512 790 2547 F.
815 2512 905 2555 Aug.
928 2511 1076 2544 lVollius
1098 2511 1141 2543 ad
1166 2511 1282 2544 Tacit.
1307 2513 1392 2544 Ann.
1418 2511 1461 2550 n,

11 2560 13 2563 .
51 2572 133 2606 2⁰.
168 2572 238 2606 Sed
262 2573 354 2616 quod
379 2572 452 2615 ipse
477 2571 726 2614 interpretatur
757 2571 1011 2615 paullatim
1043 2571 1230 2610 accedere,
1263 2572 1297 2604 id
1323 2573 1466 2614 prorsus*

77 2632 230 2667 alienum
253 2637 304 2667 est
336 2638 369 2666 ct
400 2632 570 2665 refellitur
602 2632 678 2666 loco
714 2632 805 2665 Lisii
840 2632 979 2671 xxxi,
1005 2630 1072 2668 45,
1097 2630 1130 2663 ἴ).
1181 2632 1330 2664 Graecos
1354 2628 1463 2663 animi

78 2693 246 2734 militnm,
274 2697 363 2727 tam
386 2696 603 2737 prompte
635 2692 887 2727 succedentium
910 2703 1044 2733 muros,
1068 2697 1231 2726 terruere.
1263 2711 1294 2716 ——
1332 2689 1460 2725 Statim
