<?xml version="1.0" encoding="UTF-8"?>
<!DOCTYPE html PUBLIC "-//W3C//DTD XHTML 1.0 Transitional//EN"
    "http://www.w3.org/TR/xhtml1/DTD/xhtml1-transitional.dtd">
<html xmlns="http://www.w3.org/1999/xhtml" xml:lang="en" lang="en">
 <head>
  <title>
</title>
<meta http-equiv="Content-Type" content="text/html;charset=utf-8" />
  <meta name='ocr-system' content='tesseract 3.04.00' />
  <meta name='ocr-capabilities' content='ocr_page ocr_carea ocr_par ocr_line ocrx_word'/>
</head>
<body>
  <div class='ocr_page' id='page_1' title='image "./operaquaesupeappx01salluoft_0982.png"; bbox 0 0 1630 3034; ppageno 0'>
   <div class='ocr_carea' id='block_1_1' title="bbox 205 122 1217 207">
    <p class='ocr_par' dir='ltr' id='par_1_1' title="bbox 205 122 1217 207">
     <span class='ocr_line' id='line_1_1' title="bbox 205 122 1217 207; baseline -0.008 0"><span class='ocrx_word' id='word_1_1' title='bbox 205 166 289 207; x_wconf 72' lang='lat'>(3⁰2</span> <span class='ocrx_word' id='word_1_2' title='bbox 565 158 609 201; x_wconf 86' lang='lat' dir='ltr'>c.</span> <span class='ocrx_word' id='word_1_3' title='bbox 644 156 962 201; x_wconf 82' lang='lat' dir='ltr'><strong>SALLUSTI</strong></span> <span class='ocrx_word' id='word_1_4' title='bbox 1001 122 1217 202; x_wconf 77' lang='lat' dir='ltr'>ciusrl</span> 
     </span>
    </p>
   </div>
   <div class='ocr_carea' id='block_1_2' title="bbox 202 275 1581 537">
    <p class='ocr_par' dir='ltr' id='par_1_2' title="bbox 202 275 1581 537">
     <span class='ocr_line' id='line_1_2' title="bbox 205 275 1581 338; baseline -0.003 -13"><span class='ocrx_word' id='word_1_5' title='bbox 205 278 387 324; x_wconf 84' lang='lat' dir='ltr'>tandem</span> <span class='ocrx_word' id='word_1_6' title='bbox 420 275 635 338; x_wconf 88' lang='lat' dir='ltr'>promisit.</span> <span class='ocrx_word' id='word_1_7' title='bbox 708 275 921 321; x_wconf 85' lang='lat' dir='ltr'>Ceterum</span> <span class='ocrx_word' id='word_1_8' title='bbox 955 276 1062 321; x_wconf 83' lang='lat' dir='ltr'>dolo</span> <span class='ocrx_word' id='word_1_9' title='bbox 1108 293 1165 321; x_wconf 89' lang='lat' dir='ltr'>an</span> <span class='ocrx_word' id='word_1_10' title='bbox 1199 292 1305 323; x_wconf 86' lang='lat' dir='ltr'>vere</span> <span class='ocrx_word' id='word_1_11' title='bbox 1335 278 1581 333; x_wconf 82' lang='lat' dir='ltr'>cunctatus,</span> 
     </span>
     <span class='ocr_line' id='line_1_3' title="bbox 202 375 1581 439; baseline -0.001 -17"><span class='ocrx_word' id='word_1_12' title='bbox 202 393 364 439; x_wconf 86' lang='lat' dir='ltr'>parum</span> <span class='ocrx_word' id='word_1_13' title='bbox 401 375 724 438; x_wconf 76' lang='lat' dir='ltr'>comperimUS3</span> <span class='ocrx_word' id='word_1_14' title='bbox 766 375 848 421; x_wconf 86' lang='lat' dir='ltr'>sed</span> <span class='ocrx_word' id='word_1_15' title='bbox 880 375 1147 438; x_wconf 87' lang='lat' dir='ltr'>plerumque</span> <span class='ocrx_word' id='word_1_16' title='bbox 1188 376 1342 438; x_wconf 87' lang='lat' dir='ltr'>regiae</span> <span class='ocrx_word' id='word_1_17' title='bbox 1374 376 1581 423; x_wconf 81' lang='lat' dir='ltr'>volunta-</span> 
     </span>
     <span class='ocr_line' id='line_1_4' title="bbox 205 474 1580 537; baseline -0.002 -17"><span class='ocrx_word' id='word_1_18' title='bbox 205 481 300 534; x_wconf 85' lang='lat' dir='ltr'>tes,</span> <span class='ocrx_word' id='word_1_19' title='bbox 353 481 402 520; x_wconf 88' lang='lat' dir='ltr'>ut</span> <span class='ocrx_word' id='word_1_20' title='bbox 447 476 759 533; x_wconf 73' lang='lat' dir='ltr'>vehementes,</span> <span class='ocrx_word' id='word_1_21' title='bbox 804 475 866 519; x_wconf 87' lang='lat' dir='ltr'>sic</span> <span class='ocrx_word' id='word_1_22' title='bbox 908 476 1120 532; x_wconf 79' lang='lat' dir='ltr'>mobiles,</span> <span class='ocrx_word' id='word_1_23' title='bbox 1166 490 1303 536; x_wconf 84' lang='lat' dir='ltr'><strong>saepe</strong></span> <span class='ocrx_word' id='word_1_24' title='bbox 1339 475 1463 537; x_wconf 83' lang='lat' dir='ltr'>ipsae</span> <span class='ocrx_word' id='word_1_25' title='bbox 1498 474 1580 520; x_wconf 87' lang='lat' dir='ltr'>sibi</span> 
     </span>
    </p>
   </div>
   <div class='ocr_carea' id='block_1_3' title="bbox 163 573 1579 636">
    <p class='ocr_par' dir='ltr' id='par_1_3' title="bbox 163 573 1579 636">
     <span class='ocr_line' id='line_1_5' title="bbox 163 573 1579 636; baseline -0.002 -16"><span class='ocrx_word' id='word_1_26' title='bbox 163 576 431 620; x_wconf 80' lang='lat' dir='ltr'>2advo1·sae.</span> <span class='ocrx_word' id='word_1_27' title='bbox 477 576 641 620; x_wconf 81' lang='lat' dir='ltr'>Postea</span> <span class='ocrx_word' id='word_1_28' title='bbox 673 581 877 636; x_wconf 85' lang='lat' dir='ltr'>tempore</span> <span class='ocrx_word' id='word_1_29' title='bbox 907 579 951 618; x_wconf 87' lang='lat' dir='ltr'>et</span> <span class='ocrx_word' id='word_1_30' title='bbox 979 574 1082 618; x_wconf 89' lang='lat' dir='ltr'>loco</span> <span class='ocrx_word' id='word_1_31' title='bbox 1117 575 1366 632; x_wconf 80' lang='lat' dir='ltr'>constituto,</span> <span class='ocrx_word' id='word_1_32' title='bbox 1403 574 1447 617; x_wconf 89' lang='lat' dir='ltr'>in</span> <span class='ocrx_word' id='word_1_33' title='bbox 1482 573 1579 617; x_wconf 87' lang='lat' dir='ltr'>col-</span> 
     </span>
    </p>
   </div>
   <div class='ocr_carea' id='block_1_4' title="bbox 184 695 1582 2813">
    <p class='ocr_par' dir='ltr' id='par_1_4' title="bbox 186 695 1582 2081">
     <span class='ocr_line' id='line_1_6' title="bbox 197 695 1580 743; baseline -0.004 -9"><span class='ocrx_word' id='word_1_34' title='bbox 197 701 306 735; x_wconf 84' lang='lat' dir='ltr'>verba</span> <span class='ocrx_word' id='word_1_35' title='bbox 341 698 418 733; x_wconf 84' lang='lat' dir='ltr'>dolo</span> <span class='ocrx_word' id='word_1_36' title='bbox 451 709 498 732; x_wconf 79' lang='lat' dir='ltr'>aa</span> <span class='ocrx_word' id='word_1_37' title='bbox 529 709 610 732; x_wconf 84' lang='lat' dir='ltr'>vere</span> <span class='ocrx_word' id='word_1_38' title='bbox 641 698 686 732; x_wconf 87' lang='lat' dir='ltr'>ad</span> <span class='ocrx_word' id='word_1_39' title='bbox 710 707 954 743; x_wconf 72' lang='lat' dir='ltr'>praegressum</span> <span class='ocrx_word' id='word_1_40' title='bbox 979 696 1135 741; x_wconf 80' lang='lat' dir='ltr'><strong><em>promisit</em></strong></span> <span class='ocrx_word' id='word_1_41' title='bbox 1157 699 1328 740; x_wconf 85' lang='lat' dir='ltr'>spectare,</span> <span class='ocrx_word' id='word_1_42' title='bbox 1350 696 1386 730; x_wconf 90' lang='lat' dir='ltr'>iu</span> <span class='ocrx_word' id='word_1_43' title='bbox 1411 706 1481 740; x_wconf 83' lang='lat' dir='ltr'>qua</span> <span class='ocrx_word' id='word_1_44' title='bbox 1503 695 1580 740; x_wconf 89' lang='lat' dir='ltr'>opi-</span> 
     </span>
     <span class='ocr_line' id='line_1_7' title="bbox 196 758 1582 803; baseline -0.004 -7"><span class='ocrx_word' id='word_1_45' title='bbox 196 762 299 796; x_wconf 84' lang='lat' dir='ltr'>nione</span> <span class='ocrx_word' id='word_1_46' title='bbox 328 758 506 803; x_wconf 79' lang='lat' dir='ltr'>Bipoutini</span> <span class='ocrx_word' id='word_1_47' title='bbox 538 770 675 803; x_wconf 84' lang='lat' dir='ltr'>quoque</span> <span class='ocrx_word' id='word_1_48' title='bbox 707 763 742 794; x_wconf 88' lang='lat' dir='ltr'>et</span> <span class='ocrx_word' id='word_1_49' title='bbox 767 758 958 793; x_wconf 80' lang='lat' dir='ltr'>Muellerus</span> <span class='ocrx_word' id='word_1_50' title='bbox 988 762 1178 791; x_wconf 79' lang='lat' dir='ltr'>versantur.</span> <span class='ocrx_word' id='word_1_51' title='bbox 1227 758 1329 802; x_wconf 81' lang='lat' dir='ltr'>Quod</span> <span class='ocrx_word' id='word_1_52' title='bbox 1353 758 1479 792; x_wconf 79' lang='lat' dir='ltr'>falsum</span> <span class='ocrx_word' id='word_1_53' title='bbox 1505 768 1582 791; x_wconf 77' lang='lat' dir='ltr'>csse</span> 
     </span>
     <span class='ocr_line' id='line_1_8' title="bbox 196 818 1582 866; baseline -0.004 -9"><span class='ocrx_word' id='word_1_54' title='bbox 196 820 374 866; x_wconf 80' lang='lat' dir='ltr'>sequentia</span> <span class='ocrx_word' id='word_1_55' title='bbox 404 825 523 865; x_wconf 84' lang='lat' dir='ltr'>aperte</span> <span class='ocrx_word' id='word_1_56' title='bbox 555 822 745 855; x_wconf 85' lang='lat' dir='ltr'>declarant.</span> <span class='ocrx_word' id='word_1_57' title='bbox 802 820 892 854; x_wconf 70' lang='lat' dir='ltr'>Nam</span> <span class='ocrx_word' id='word_1_58' title='bbox 925 830 1033 863; x_wconf 88' lang='lat' dir='ltr'>quum</span> <span class='ocrx_word' id='word_1_59' title='bbox 1058 819 1181 863; x_wconf 82' lang='lat' dir='ltr'>regiae</span> <span class='ocrx_word' id='word_1_60' title='bbox 1203 820 1399 854; x_wconf 79' lang='lat' dir='ltr'>voluntates</span> <span class='ocrx_word' id='word_1_61' title='bbox 1421 818 1582 852; x_wconf 70' lang='lat' dir='ltr'>dioentur</span> 
     </span>
     <span class='ocr_line' id='line_1_9' title="bbox 196 879 1580 927; baseline -0.004 -10"><span class='ocrx_word' id='word_1_62' title='bbox 196 895 336 927; x_wconf 79' lang='lat' dir='ltr'>saepe</span> <span class='ocrx_word' id='word_1_63' title='bbox 368 883 495 926; x_wconf 84' lang='lat' dir='ltr'>ipsae</span> <span class='ocrx_word' id='word_1_64' title='bbox 525 883 615 916; x_wconf 77' lang='lat' dir='ltr'>sibi</span> <span class='ocrx_word' id='word_1_65' title='bbox 647 883 898 922; x_wconf 80' lang='lat' dir='ltr'>advorsae,</span> <span class='ocrx_word' id='word_1_66' title='bbox 932 881 967 914; x_wconf 88' lang='lat' dir='ltr'>id</span> <span class='ocrx_word' id='word_1_67' title='bbox 997 891 1065 913; x_wconf 91' lang='lat' dir='ltr'>non</span> <span class='ocrx_word' id='word_1_68' title='bbox 1094 883 1226 923; x_wconf 84' lang='lat' dir='ltr'>spectat</span> <span class='ocrx_word' id='word_1_69' title='bbox 1258 881 1303 914; x_wconf 83' lang='lat' dir='ltr'>ad</span> <span class='ocrx_word' id='word_1_70' title='bbox 1326 879 1580 925; x_wconf 83' lang='lat' dir='ltr'>promissorum</span> 
     </span>
     <span class='ocr_line' id='line_1_10' title="bbox 193 941 1578 985; baseline -0.004 -5"><span class='ocrx_word' id='word_1_71' title='bbox 193 946 299 981; x_wconf 82' lang='lat' dir='ltr'>fidem</span> <span class='ocrx_word' id='word_1_72' title='bbox 324 947 383 978; x_wconf 87' lang='lat' dir='ltr'>aut</span> <span class='ocrx_word' id='word_1_73' title='bbox 406 943 602 983; x_wconf 74' lang='lat' dir='ltr'>fallaciam,</span> <span class='ocrx_word' id='word_1_74' title='bbox 637 944 697 977; x_wconf 89' lang='lat' dir='ltr'>sed</span> <span class='ocrx_word' id='word_1_75' title='bbox 727 942 771 976; x_wconf 87' lang='lat' dir='ltr'>ad</span> <span class='ocrx_word' id='word_1_76' title='bbox 803 941 1026 975; x_wconf 80' lang='lat' dir='ltr'>consiliorum</span> <span class='ocrx_word' id='word_1_77' title='bbox 1050 941 1301 985; x_wconf 83' lang='lat' dir='ltr'>capiendorum</span> <span class='ocrx_word' id='word_1_78' title='bbox 1326 941 1578 976; x_wconf 73' lang='lat' dir='ltr'>dubitationem</span> 
     </span>
     <span class='ocr_line' id='line_1_11' title="bbox 194 1002 1579 1049; baseline -0.005 -7"><span class='ocrx_word' id='word_1_79' title='bbox 194 1007 521 1049; x_wconf 82' lang='lat' dir='ltr'>cunctationemque.</span> <span class='ocrx_word' id='word_1_80' title='bbox 567 1003 642 1038; x_wconf 62' lang='lat' dir='ltr'>Nisi</span> <span class='ocrx_word' id='word_1_81' title='bbox 673 1003 783 1048; x_wconf 84' lang='lat' dir='ltr'>igitur</span> <span class='ocrx_word' id='word_1_82' title='bbox 815 1002 893 1037; x_wconf 84' lang='lat' dir='ltr'>talis</span> <span class='ocrx_word' id='word_1_83' title='bbox 925 1002 1093 1036; x_wconf 82' lang='lat' dir='ltr'>sententia</span> <span class='ocrx_word' id='word_1_84' title='bbox 1126 1003 1360 1046; x_wconf 80' lang='lat' dir='ltr'>praecederet,</span> <span class='ocrx_word' id='word_1_85' title='bbox 1381 1002 1498 1045; x_wconf 85' lang='lat' dir='ltr'>inepta</span> <span class='ocrx_word' id='word_1_86' title='bbox 1525 1002 1579 1035; x_wconf 78' lang='lat' dir='ltr'>fo·—</span> 
     </span>
     <span class='ocr_line' id='line_1_12' title="bbox 193 1063 1578 1108; baseline -0.005 -5"><span class='ocrx_word' id='word_1_87' title='bbox 193 1073 270 1103; x_wconf 87' lang='lat' dir='ltr'>rent</span> <span class='ocrx_word' id='word_1_88' title='bbox 293 1068 384 1100; x_wconf 82' lang='lat' dir='ltr'>haec</span> <span class='ocrx_word' id='word_1_89' title='bbox 407 1066 495 1108; x_wconf 83' lang='lat' dir='ltr'>ipsa,</span> <span class='ocrx_word' id='word_1_90' title='bbox 520 1076 609 1108; x_wconf 84' lang='lat' dir='ltr'>quae</span> <span class='ocrx_word' id='word_1_91' title='bbox 632 1068 832 1107; x_wconf 84' lang='lat' dir='ltr'>sequuntur.</span> <span class='ocrx_word' id='word_1_92' title='bbox 882 1064 952 1098; x_wconf 86' lang='lat' dir='ltr'>Sed</span> <span class='ocrx_word' id='word_1_93' title='bbox 981 1063 1078 1097; x_wconf 83' lang='lat' dir='ltr'>salva</span> <span class='ocrx_word' id='word_1_94' title='bbox 1102 1068 1181 1098; x_wconf 84' lang='lat' dir='ltr'>sunt</span> <span class='ocrx_word' id='word_1_95' title='bbox 1205 1065 1332 1099; x_wconf 87' lang='lat' dir='ltr'>omnia.</span> <span class='ocrx_word' id='word_1_96' title='bbox 1392 1065 1578 1098; x_wconf 69' lang='lat' dir='ltr'>Cunctatu-</span> 
     </span>
     <span class='ocr_line' id='line_1_13' title="bbox 193 1125 1578 1169; baseline -0.004 -6"><span class='ocrx_word' id='word_1_97' title='bbox 193 1131 287 1163; x_wconf 88' lang='lat' dir='ltr'>enim</span> <span class='ocrx_word' id='word_1_98' title='bbox 318 1128 468 1161; x_wconf 77' lang='lat' dir='ltr'>refertur</span> <span class='ocrx_word' id='word_1_99' title='bbox 503 1126 546 1159; x_wconf 83' lang='lat' dir='ltr'>ad</span> <span class='ocrx_word' id='word_1_100' title='bbox 583 1125 689 1158; x_wconf 84' lang='lat' dir='ltr'>verba</span> <span class='ocrx_word' id='word_1_101' title='bbox 719 1135 865 1158; x_wconf 81' lang='lat' dir='ltr'>secum</span> <span class='ocrx_word' id='word_1_102' title='bbox 899 1125 996 1169; x_wconf 79' lang='lat' dir='ltr'>ipse</span> <span class='ocrx_word' id='word_1_103' title='bbox 1032 1125 1111 1158; x_wconf 80' lang='lat' dir='ltr'>diu</span> <span class='ocrx_word' id='word_1_104' title='bbox 1147 1127 1358 1169; x_wconf 81' lang='lat' dir='ltr'>volvens,</span> <span class='ocrx_word' id='word_1_105' title='bbox 1390 1125 1578 1160; x_wconf 81' lang='lat' dir='ltr'>tandem</span> 
     </span>
     <span class='ocr_line' id='line_1_14' title="bbox 193 1185 1577 1235; baseline -0.004 -11"><span class='ocrx_word' id='word_1_106' title='bbox 193 1189 411 1235; x_wconf 69' lang='lat' dir='ltr'>(promisit)‚·</span> <span class='ocrx_word' id='word_1_107' title='bbox 443 1197 534 1230; x_wconf 88' lang='lat' dir='ltr'>quae</span> <span class='ocrx_word' id='word_1_108' title='bbox 559 1197 665 1229; x_wconf 90' lang='lat' dir='ltr'>quum</span> <span class='ocrx_word' id='word_1_109' title='bbox 689 1196 764 1218; x_wconf 86' lang='lat' dir='ltr'>rem</span> <span class='ocrx_word' id='word_1_110' title='bbox 788 1186 917 1220; x_wconf 84' lang='lat' dir='ltr'>factam</span> <span class='ocrx_word' id='word_1_111' title='bbox 943 1185 1152 1228; x_wconf 82' lang='lat' dir='ltr'>contineant,</span> <span class='ocrx_word' id='word_1_112' title='bbox 1182 1187 1402 1231; x_wconf 83' lang='lat' dir='ltr'>sequentibus</span> <span class='ocrx_word' id='word_1_113' title='bbox 1425 1185 1577 1230; x_wconf 89' lang='lat' dir='ltr'>primum</span> 
     </span>
     <span class='ocr_line' id='line_1_15' title="bbox 193 1246 1579 1293; baseline -0.004 -8"><span class='ocrx_word' id='word_1_114' title='bbox 193 1251 335 1293; x_wconf 87' lang='lat' dir='ltr'>dicitur,</span> <span class='ocrx_word' id='word_1_115' title='bbox 359 1249 529 1283; x_wconf 83' lang='lat' dir='ltr'>incertum</span> <span class='ocrx_word' id='word_1_116' title='bbox 553 1258 646 1290; x_wconf 81' lang='lat' dir='ltr'>esse,</span> <span class='ocrx_word' id='word_1_117' title='bbox 675 1251 793 1280; x_wconf 86' lang='lat' dir='ltr'>utrum</span> <span class='ocrx_word' id='word_1_118' title='bbox 817 1258 860 1280; x_wconf 80' lang='lat' dir='ltr'>ea</span> <span class='ocrx_word' id='word_1_119' title='bbox 881 1258 937 1280; x_wconf 86' lang='lat' dir='ltr'>res</span> <span class='ocrx_word' id='word_1_120' title='bbox 963 1247 1008 1280; x_wconf 72' lang='lat' dir='ltr'>ol»</span> <span class='ocrx_word' id='word_1_121' title='bbox 1031 1246 1170 1290; x_wconf 85' lang='lat' dir='ltr'>fictam,</span> <span class='ocrx_word' id='word_1_122' title='bbox 1200 1259 1245 1281; x_wconf 84' lang='lat' dir='ltr'>an</span> <span class='ocrx_word' id='word_1_123' title='bbox 1269 1249 1313 1282; x_wconf 92' lang='lat' dir='ltr'>ob</span> <span class='ocrx_word' id='word_1_124' title='bbox 1335 1258 1455 1281; x_wconf 85' lang='lat' dir='ltr'>veram</span> <span class='ocrx_word' id='word_1_125' title='bbox 1477 1257 1579 1280; x_wconf 76' lang='lat' dir='ltr'>caus-</span> 
     </span>
     <span class='ocr_line' id='line_1_16' title="bbox 191 1306 1578 1353; baseline -0.005 -6"><span class='ocrx_word' id='word_1_126' title='bbox 191 1324 269 1347; x_wconf 76' lang='lat' dir='ltr'>eam</span> <span class='ocrx_word' id='word_1_127' title='bbox 294 1310 477 1350; x_wconf 83' lang='lat' dir='ltr'>acciderit,</span> <span class='ocrx_word' id='word_1_128' title='bbox 513 1312 587 1342; x_wconf 88' lang='lat' dir='ltr'>tum</span> <span class='ocrx_word' id='word_1_129' title='bbox 612 1319 696 1341; x_wconf 78' lang='lat' dir='ltr'>vero</span> <span class='ocrx_word' id='word_1_130' title='bbox 719 1306 902 1341; x_wconf 78' lang='lat' dir='ltr'>subiicitur</span> <span class='ocrx_word' id='word_1_131' title='bbox 926 1307 1080 1351; x_wconf 84' lang='lat' dir='ltr'>aliquid,</span> <span class='ocrx_word' id='word_1_132' title='bbox 1113 1320 1156 1342; x_wconf 83' lang='lat' dir='ltr'>ex</span> <span class='ocrx_word' id='word_1_133' title='bbox 1186 1321 1254 1353; x_wconf 90' lang='lat' dir='ltr'>quo</span> <span class='ocrx_word' id='word_1_134' title='bbox 1287 1307 1455 1344; x_wconf 84' lang='lat' dir='ltr'>coniicias</span> <span class='ocrx_word' id='word_1_135' title='bbox 1483 1307 1578 1340; x_wconf 87' lang='lat' dir='ltr'>Boe-</span> 
     </span>
     <span class='ocr_line' id='line_1_17' title="bbox 191 1357 1576 1413; baseline -0.005 -6"><span class='ocrx_word' id='word_1_136' title='bbox 191 1374 298 1407; x_wconf 83' lang='lat' dir='ltr'>chum</span> <span class='ocrx_word' id='word_1_137' title='bbox 325 1383 405 1406; x_wconf 83' lang='lat' dir='ltr'>vere</span> <span class='ocrx_word' id='word_1_138' title='bbox 427 1376 502 1405; x_wconf 82' lang='lat' dir='ltr'>tam</span> <span class='ocrx_word' id='word_1_139' title='bbox 527 1370 587 1403; x_wconf 83' lang='lat' dir='ltr'>diu</span> <span class='ocrx_word' id='word_1_140' title='bbox 611 1374 809 1403; x_wconf 81' lang='lat' dir='ltr'>cunctatum</span> <span class='ocrx_word' id='word_1_141' title='bbox 833 1369 1030 1413; x_wconf 79' lang='lat' dir='ltr'>consiliique</span> <span class='ocrx_word' id='word_1_142' title='bbox 1054 1370 1221 1404; x_wconf 80' lang='lat' dir='ltr'>incertum</span> <span class='ocrx_word' id='word_1_143' title='bbox 1239 1371 1361 1413; x_wconf 78' lang='lat' dir='ltr'>fuisse.</span> <span class='ocrx_word' id='word_1_144' title='bbox 1387 1357 1460 1403; x_wconf 72' lang='lat' dir='ltr'>Ista</span> <span class='ocrx_word' id='word_1_145' title='bbox 1483 1367 1576 1401; x_wconf 85' lang='lat' dir='ltr'>enim</span> 
     </span>
     <span class='ocr_line' id='line_1_18' title="bbox 190 1429 1574 1476; baseline -0.004 -8"><span class='ocrx_word' id='word_1_146' title='bbox 190 1433 382 1476; x_wconf 85' lang='lat' dir='ltr'>sententia,</span> <span class='ocrx_word' id='word_1_147' title='bbox 416 1441 629 1475; x_wconf 85' lang='lat' dir='ltr'>quamquam</span> <span class='ocrx_word' id='word_1_148' title='bbox 656 1429 773 1463; x_wconf 85' lang='lat' dir='ltr'>verbis</span> <span class='ocrx_word' id='word_1_149' title='bbox 806 1441 873 1462; x_wconf 91' lang='lat' dir='ltr'>uon</span> <span class='ocrx_word' id='word_1_150' title='bbox 905 1440 1084 1473; x_wconf 83' lang='lat' dir='ltr'>expressa,</span> <span class='ocrx_word' id='word_1_151' title='bbox 1107 1430 1280 1465; x_wconf 87' lang='lat' dir='ltr'>elicienda</span> <span class='ocrx_word' id='word_1_152' title='bbox 1303 1435 1356 1465; x_wconf 83' lang='lat' dir='ltr'>est</span> <span class='ocrx_word' id='word_1_153' title='bbox 1376 1441 1420 1464; x_wconf 83' lang='lat' dir='ltr'>ex</span> <span class='ocrx_word' id='word_1_154' title='bbox 1443 1434 1574 1473; x_wconf 84' lang='lat' dir='ltr'>postre-</span> 
     </span>
     <span class='ocr_line' id='line_1_19' title="bbox 191 1490 1576 1539; baseline -0.005 -11"><span class='ocrx_word' id='word_1_155' title='bbox 191 1494 271 1536; x_wconf 83' lang='lat' dir='ltr'>mis,</span> <span class='ocrx_word' id='word_1_156' title='bbox 305 1494 429 1539; x_wconf 76' lang='lat' dir='ltr'>regiae</span> <span class='ocrx_word' id='word_1_157' title='bbox 451 1493 647 1525; x_wconf 82' lang='lat' dir='ltr'>voluntates</span> <span class='ocrx_word' id='word_1_158' title='bbox 680 1492 808 1534; x_wconf 82' lang='lat' dir='ltr'>ipsae</span> <span class='ocrx_word' id='word_1_159' title='bbox 831 1492 924 1524; x_wconf 71' lang='lat' dir='ltr'>sibi</span> <span class='ocrx_word' id='word_1_160' title='bbox 947 1493 1189 1527; x_wconf 79' lang='lat' dir='ltr'>advorsae.</span> <span class='ocrx_word' id='word_1_161' title='bbox 1237 1492 1396 1526; x_wconf 83' lang='lat' dir='ltr'>Eandem</span> <span class='ocrx_word' id='word_1_162' title='bbox 1418 1490 1493 1523; x_wconf 75' lang='lat' dir='ltr'>fere</span> <span class='ocrx_word' id='word_1_163' title='bbox 1515 1500 1576 1522; x_wconf 79' lang='lat' dir='ltr'>ex-</span> 
     </span>
     <span class='ocr_line' id='line_1_20' title="bbox 191 1550 1575 1596; baseline -0.001 -12"><span class='ocrx_word' id='word_1_164' title='bbox 191 1551 345 1595; x_wconf 85' lang='lat' dir='ltr'>plicandi</span> <span class='ocrx_word' id='word_1_165' title='bbox 368 1551 437 1584; x_wconf 91' lang='lat' dir='ltr'>loci</span> <span class='ocrx_word' id='word_1_166' title='bbox 461 1552 555 1586; x_wconf 82' lang='lat' dir='ltr'>viam</span> <span class='ocrx_word' id='word_1_167' title='bbox 579 1552 657 1586; x_wconf 88' lang='lat' dir='ltr'>iniit</span> <span class='ocrx_word' id='word_1_168' title='bbox 678 1552 814 1591; x_wconf 81' lang='lat' dir='ltr'>Faber,</span> <span class='ocrx_word' id='word_1_169' title='bbox 847 1552 913 1586; x_wconf 80' lang='lat' dir='ltr'>nisi</span> <span class='ocrx_word' id='word_1_170' title='bbox 945 1554 1037 1596; x_wconf 86' lang='lat' dir='ltr'>quod</span> <span class='ocrx_word' id='word_1_171' title='bbox 1068 1554 1272 1588; x_wconf 76' lang='lat' dir='ltr'>sententiam</span> <span class='ocrx_word' id='word_1_172' title='bbox 1295 1553 1346 1586; x_wconf 84' lang='lat' dir='ltr'>sic</span> <span class='ocrx_word' id='word_1_173' title='bbox 1368 1550 1575 1595; x_wconf 79' lang='lat' dir='ltr'>explendam</span> 
     </span>
     <span class='ocr_line' id='line_1_21' title="bbox 189 1611 1576 1658; baseline -0.001 -12"><span class='ocrx_word' id='word_1_174' title='bbox 189 1616 326 1646; x_wconf 83' lang='lat' dir='ltr'>censet:</span> <span class='ocrx_word' id='word_1_175' title='bbox 353 1614 446 1653; x_wconf 83' lang='lat' dir='ltr'>„sed</span> <span class='ocrx_word' id='word_1_176' title='bbox 473 1625 552 1646; x_wconf 84' lang='lat' dir='ltr'>vere</span> <span class='ocrx_word' id='word_1_177' title='bbox 577 1625 654 1646; x_wconf 83' lang='lat' dir='ltr'>eum</span> <span class='ocrx_word' id='word_1_178' title='bbox 677 1618 892 1656; x_wconf 76' lang='lat' dir='ltr'>cunctatum,</span> <span class='ocrx_word' id='word_1_179' title='bbox 925 1616 1067 1657; x_wconf 78' lang='lat' dir='ltr'>pronius</span> <span class='ocrx_word' id='word_1_180' title='bbox 1089 1621 1140 1650; x_wconf 76' lang='lat' dir='ltr'>est</span> <span class='ocrx_word' id='word_1_181' title='bbox 1163 1616 1211 1649; x_wconf 85' lang='lat' dir='ltr'>ad</span> <span class='ocrx_word' id='word_1_182' title='bbox 1227 1615 1362 1658; x_wconf 85' lang='lat' dir='ltr'>fidem,·</span> <span class='ocrx_word' id='word_1_183' title='bbox 1392 1623 1475 1646; x_wconf 80' lang='lat' dir='ltr'>nam</span> <span class='ocrx_word' id='word_1_184' title='bbox 1500 1611 1576 1655; x_wconf 84' lang='lat' dir='ltr'>ple-</span> 
     </span>
     <span class='ocr_line' id='line_1_22' title="bbox 189 1673 1575 1717; baseline -0.001 -11"><span class='ocrx_word' id='word_1_185' title='bbox 189 1684 337 1716; x_wconf 84' lang='lat' dir='ltr'>rumque</span> <span class='ocrx_word' id='word_1_186' title='bbox 359 1673 481 1717; x_wconf 83' lang='lat' dir='ltr'>regiae</span> <span class='ocrx_word' id='word_1_187' title='bbox 505 1674 737 1706; x_wconf 72' lang='lat' dir='ltr'>voluntates“</span> <span class='ocrx_word' id='word_1_188' title='bbox 770 1680 837 1708; x_wconf 86' lang='lat' dir='ltr'>etc.</span> <span class='ocrx_word' id='word_1_189' title='bbox 892 1675 944 1707; x_wconf 84' lang='lat' dir='ltr'>De</span> <span class='ocrx_word' id='word_1_190' title='bbox 979 1676 1106 1708; x_wconf 80' lang='lat' dir='ltr'>omisso</span> <span class='ocrx_word' id='word_1_191' title='bbox 1140 1675 1361 1710; x_wconf 76' lang='lat' dir='ltr'>coniunctim</span> <span class='ocrx_word' id='word_1_192' title='bbox 1384 1675 1440 1715; x_wconf 81' lang='lat' dir='ltr'>sit,</span> <span class='ocrx_word' id='word_1_193' title='bbox 1471 1682 1575 1716; x_wconf 86' lang='lat' dir='ltr'>quem</span> 
     </span>
     <span class='ocr_line' id='line_1_23' title="bbox 189 1721 1575 1776; baseline -0.001 -9"><span class='ocrx_word' id='word_1_194' title='bbox 189 1739 371 1768; x_wconf 80' lang='lat' dir='ltr'>cunctatus</span> <span class='ocrx_word' id='word_1_195' title='bbox 394 1733 540 1767; x_wconf 70' lang='lat' dir='ltr'>verbum</span> <span class='ocrx_word' id='word_1_196' title='bbox 565 1732 686 1776; x_wconf 85' lang='lat' dir='ltr'>poscit,</span> <span class='ocrx_word' id='word_1_197' title='bbox 710 1743 744 1766; x_wconf 75' lang='lat' dir='ltr'>v·</span> <span class='ocrx_word' id='word_1_198' title='bbox 769 1734 813 1767; x_wconf 88' lang='lat' dir='ltr'>ad</span> <span class='ocrx_word' id='word_1_199' title='bbox 838 1746 868 1768; x_wconf 84' lang='lat' dir='ltr'>e.</span> <span class='ocrx_word' id='word_1_200' title='bbox 892 1735 1113 1776; x_wconf 71' lang='lat' dir='ltr'>Lxxan,</span> <span class='ocrx_word' id='word_1_201' title='bbox 1137 1735 1171 1769; x_wconf 89' lang='lat'>6.</span> <span class='ocrx_word' id='word_1_202' title='bbox 1191 1721 1237 1760; x_wconf 44' lang='lat'>&#39;-</span> <span class='ocrx_word' id='word_1_203' title='bbox 1267 1737 1467 1768; x_wconf 66' lang='lat' dir='ltr'>l‘oluntates</span> <span class='ocrx_word' id='word_1_204' title='bbox 1489 1734 1575 1766; x_wconf 83' lang='lat' dir='ltr'>Cor-</span> 
     </span>
     <span class='ocr_line' id='line_1_24' title="bbox 188 1793 1571 1841; baseline -0.001 -14"><span class='ocrx_word' id='word_1_205' title='bbox 188 1794 268 1835; x_wconf 87' lang='lat' dir='ltr'>tius,</span> <span class='ocrx_word' id='word_1_206' title='bbox 292 1805 416 1838; x_wconf 83' lang='lat' dir='ltr'>parum</span> <span class='ocrx_word' id='word_1_207' title='bbox 441 1806 578 1837; x_wconf 83' lang='lat' dir='ltr'>curans,</span> <span class='ocrx_word' id='word_1_208' title='bbox 605 1793 688 1838; x_wconf 77' lang='lat' dir='ltr'>quid</span> <span class='ocrx_word' id='word_1_209' title='bbox 711 1794 794 1827; x_wconf 86' lang='lat' dir='ltr'>huic</span> <span class='ocrx_word' id='word_1_210' title='bbox 818 1794 896 1827; x_wconf 85' lang='lat' dir='ltr'>loco</span> <span class='ocrx_word' id='word_1_211' title='bbox 920 1796 1123 1836; x_wconf 70' lang='lat' dir='ltr'>conveniat,</span> <span class='ocrx_word' id='word_1_212' title='bbox 1153 1796 1400 1841; x_wconf 79' lang='lat' dir='ltr'>iuterpretatur</span> <span class='ocrx_word' id='word_1_213' title='bbox 1416 1797 1571 1837; x_wconf 77' lang='lat' dir='ltr'>favores,</span> 
     </span>
     <span class='ocr_line' id='line_1_25' title="bbox 186 1855 1573 1900; baseline 0.001 -13"><span class='ocrx_word' id='word_1_214' title='bbox 186 1866 255 1888; x_wconf 88' lang='lat' dir='ltr'>non</span> <span class='ocrx_word' id='word_1_215' title='bbox 280 1855 389 1888; x_wconf 85' lang='lat' dir='ltr'>aliam</span> <span class='ocrx_word' id='word_1_216' title='bbox 415 1855 459 1888; x_wconf 88' lang='lat' dir='ltr'>ob</span> <span class='ocrx_word' id='word_1_217' title='bbox 483 1866 655 1896; x_wconf 77' lang='lat' dir='ltr'>caussam,</span> <span class='ocrx_word' id='word_1_218' title='bbox 681 1865 787 1898; x_wconf 79' lang='lat' dir='ltr'>quam</span> <span class='ocrx_word' id='word_1_219' title='bbox 811 1855 901 1897; x_wconf 85' lang='lat' dir='ltr'>quod</span> <span class='ocrx_word' id='word_1_220' title='bbox 924 1857 1012 1889; x_wconf 83' lang='lat' dir='ltr'>velle</span> <span class='ocrx_word' id='word_1_221' title='bbox 1036 1868 1140 1900; x_wconf 78' lang='lat' dir='ltr'>saepe</span> <span class='ocrx_word' id='word_1_222' title='bbox 1162 1857 1207 1891; x_wconf 86' lang='lat' dir='ltr'>sit</span> <span class='ocrx_word' id='word_1_223' title='bbox 1224 1859 1361 1900; x_wconf 83' lang='lat' dir='ltr'>favere.</span> <span class='ocrx_word' id='word_1_224' title='bbox 1402 1855 1472 1891; x_wconf 87' lang='lat' dir='ltr'>Sed</span> <span class='ocrx_word' id='word_1_225' title='bbox 1495 1866 1573 1889; x_wconf 89' lang='lat' dir='ltr'>sen·-</span> 
     </span>
     <span class='ocr_line' id='line_1_26' title="bbox 187 1915 1574 1961; baseline 0.001 -13"><span class='ocrx_word' id='word_1_226' title='bbox 187 1915 372 1949; x_wconf 85' lang='lat' dir='ltr'>tentiarum</span> <span class='ocrx_word' id='word_1_227' title='bbox 396 1927 503 1949; x_wconf 86' lang='lat' dir='ltr'>nexus</span> <span class='ocrx_word' id='word_1_228' title='bbox 526 1915 622 1949; x_wconf 82' lang='lat' dir='ltr'>haud</span> <span class='ocrx_word' id='word_1_229' title='bbox 644 1915 790 1949; x_wconf 86' lang='lat' dir='ltr'>obscure</span> <span class='ocrx_word' id='word_1_230' title='bbox 814 1916 914 1949; x_wconf 87' lang='lat' dir='ltr'>docet</span> <span class='ocrx_word' id='word_1_231' title='bbox 935 1916 1126 1961; x_wconf 80' lang='lat' dir='ltr'>significari</span> <span class='ocrx_word' id='word_1_232' title='bbox 1151 1918 1219 1951; x_wconf 87' lang='lat' dir='ltr'>hoc</span> <span class='ocrx_word' id='word_1_233' title='bbox 1243 1918 1415 1952; x_wconf 82' lang='lat' dir='ltr'>vocabulo</span> <span class='ocrx_word' id='word_1_234' title='bbox 1439 1916 1574 1960; x_wconf 70' lang='lat' dir='ltr'>cupidi-</span> 
     </span>
     <span class='ocr_line' id='line_1_27' title="bbox 187 1975 1572 2021; baseline 0.002 -12"><span class='ocrx_word' id='word_1_235' title='bbox 187 1981 281 2009; x_wconf 76' lang='lat' dir='ltr'>tates</span> <span class='ocrx_word' id='word_1_236' title='bbox 305 1982 338 2009; x_wconf 79' lang='lat' dir='ltr'>et</span> <span class='ocrx_word' id='word_1_237' title='bbox 362 1976 503 2017; x_wconf 79' lang='lat' dir='ltr'>studia,·</span> <span class='ocrx_word' id='word_1_238' title='bbox 523 1987 614 2019; x_wconf 84' lang='lat' dir='ltr'>quae</span> <span class='ocrx_word' id='word_1_239' title='bbox 638 1975 700 2009; x_wconf 82' lang='lat' dir='ltr'>ubi</span> <span class='ocrx_word' id='word_1_240' title='bbox 725 1976 826 2010; x_wconf 80' lang='lat' dir='ltr'>valde</span> <span class='ocrx_word' id='word_1_241' title='bbox 848 1976 937 2010; x_wconf 91' lang='lat' dir='ltr'>inter</span> <span class='ocrx_word' id='word_1_242' title='bbox 961 1989 999 2011; x_wconf 88' lang='lat' dir='ltr'>se</span> <span class='ocrx_word' id='word_1_243' title='bbox 1023 1978 1161 2012; x_wconf 78' lang='lat' dir='ltr'>diversa</span> <span class='ocrx_word' id='word_1_244' title='bbox 1183 1982 1282 2021; x_wconf 77' lang='lat' dir='ltr'>sunt,</span> <span class='ocrx_word' id='word_1_245' title='bbox 1307 1979 1366 2020; x_wconf 84' lang='lat' dir='ltr'>fit,</span> <span class='ocrx_word' id='word_1_246' title='bbox 1392 1981 1431 2012; x_wconf 81' lang='lat' dir='ltr'>ut</span> <span class='ocrx_word' id='word_1_247' title='bbox 1463 1977 1572 2021; x_wconf 74' lang='lat' dir='ltr'>impe-</span> 
     </span>
     <span class='ocr_line' id='line_1_28' title="bbox 186 2035 1199 2081; baseline 0.004 -12"><span class='ocrx_word' id='word_1_248' title='bbox 186 2035 340 2070; x_wconf 87' lang='lat' dir='ltr'>dimento</span> <span class='ocrx_word' id='word_1_249' title='bbox 363 2036 443 2081; x_wconf 86' lang='lat' dir='ltr'>sint,</span> <span class='ocrx_word' id='word_1_250' title='bbox 481 2037 665 2081; x_wconf 82' lang='lat' dir='ltr'>quominus</span> <span class='ocrx_word' id='word_1_251' title='bbox 687 2041 820 2071; x_wconf 84' lang='lat' dir='ltr'>certum</span> <span class='ocrx_word' id='word_1_252' title='bbox 844 2039 1026 2072; x_wconf 90' lang='lat' dir='ltr'>consilium</span> <span class='ocrx_word' id='word_1_253' title='bbox 1051 2039 1199 2074; x_wconf 75' lang='lat' dir='ltr'>ineatur.</span> 
     </span>
    </p>

    <p class='ocr_par' dir='ltr' id='par_1_5' title="bbox 184 2097 1573 2813">
     <span class='ocr_line' id='line_1_29' title="bbox 279 2097 1573 2146; baseline 0.003 -17"><span class='ocrx_word' id='word_1_254' title='bbox 279 2098 311 2138; x_wconf 82' lang='lat'>§.</span> <span class='ocrx_word' id='word_1_255' title='bbox 335 2097 370 2130; x_wconf 84' lang='lat'>2.</span> <span class='ocrx_word' id='word_1_256' title='bbox 415 2098 453 2131; x_wconf 85' lang='lat' dir='ltr'>in</span> <span class='ocrx_word' id='word_1_257' title='bbox 485 2098 688 2142; x_wconf 81' lang='lat' dir='ltr'>colloquium</span> <span class='ocrx_word' id='word_1_258' title='bbox 720 2100 772 2133; x_wconf 87' lang='lat' dir='ltr'>uti</span> <span class='ocrx_word' id='word_1_259' title='bbox 805 2100 848 2133; x_wconf 82' lang='lat' dir='ltr'>de</span> <span class='ocrx_word' id='word_1_260' title='bbox 880 2111 968 2143; x_wconf 86' lang='lat' dir='ltr'>pace</span> <span class='ocrx_word' id='word_1_261' title='bbox 1000 2102 1198 2146; x_wconf 78' lang='lat' dir='ltr'>veniretur]</span> <span class='ocrx_word' id='word_1_262' title='bbox 1234 2102 1332 2135; x_wconf 81' lang='lat' dir='ltr'>Haec</span> <span class='ocrx_word' id='word_1_263' title='bbox 1355 2100 1475 2140; x_wconf 80' lang='lat' dir='ltr'>verba,</span> <span class='ocrx_word' id='word_1_264' title='bbox 1497 2109 1573 2133; x_wconf 85' lang='lat' dir='ltr'>om-</span> 
     </span>
     <span class='ocr_line' id='line_1_30' title="bbox 185 2156 1573 2202; baseline 0.002 -13"><span class='ocrx_word' id='word_1_265' title='bbox 185 2156 284 2190; x_wconf 81' lang='lat' dir='ltr'>nium</span> <span class='ocrx_word' id='word_1_266' title='bbox 309 2157 450 2191; x_wconf 91' lang='lat' dir='ltr'>omnino</span> <span class='ocrx_word' id='word_1_267' title='bbox 473 2158 634 2192; x_wconf 86' lang='lat' dir='ltr'>codicum</span> <span class='ocrx_word' id='word_1_268' title='bbox 657 2160 828 2201; x_wconf 66' lang='lat' dir='ltr'>praesidio</span> <span class='ocrx_word' id='word_1_269' title='bbox 852 2160 1014 2202; x_wconf 76' lang='lat' dir='ltr'>firmata,</span> <span class='ocrx_word' id='word_1_270' title='bbox 1038 2162 1174 2197; x_wconf 76' lang='lat' dir='ltr'>Cot-tius</span> <span class='ocrx_word' id='word_1_271' title='bbox 1196 2161 1331 2195; x_wconf 82' lang='lat' dir='ltr'>uncinis</span> <span class='ocrx_word' id='word_1_272' title='bbox 1353 2159 1506 2202; x_wconf 75' lang='lat' dir='ltr'>inclusit,</span> <span class='ocrx_word' id='word_1_273' title='bbox 1529 2170 1573 2193; x_wconf 77' lang='lat' dir='ltr'>ac</span> 
     </span>
     <span class='ocr_line' id='line_1_31' title="bbox 185 2218 1572 2264; baseline 0.003 -14"><span class='ocrx_word' id='word_1_274' title='bbox 185 2228 248 2260; x_wconf 85' lang='lat' dir='ltr'>pro</span> <span class='ocrx_word' id='word_1_275' title='bbox 272 2218 496 2262; x_wconf 69' lang='lat' dir='ltr'>putidissime</span> <span class='ocrx_word' id='word_1_276' title='bbox 527 2220 649 2264; x_wconf 71' lang='lat' dir='ltr'>glossa</span> <span class='ocrx_word' id='word_1_277' title='bbox 679 2231 721 2253; x_wconf 88' lang='lat' dir='ltr'>ex</span> <span class='ocrx_word' id='word_1_278' title='bbox 744 2232 775 2253; x_wconf 90' lang='lat' dir='ltr'>c.</span> <span class='ocrx_word' id='word_1_279' title='bbox 799 2221 914 2263; x_wconf 76' lang='lat' dir='ltr'>cxn,</span> <span class='ocrx_word' id='word_1_280' title='bbox 939 2221 974 2257; x_wconf 83' lang='lat'>3.</span> <span class='ocrx_word' id='word_1_281' title='bbox 1000 2222 1070 2255; x_wconf 84' lang='lat' dir='ltr'>huc</span> <span class='ocrx_word' id='word_1_282' title='bbox 1092 2222 1194 2256; x_wconf 81' lang='lat' dir='ltr'>illata</span> <span class='ocrx_word' id='word_1_283' title='bbox 1216 2222 1340 2256; x_wconf 86' lang='lat' dir='ltr'>haberi</span> <span class='ocrx_word' id='word_1_284' title='bbox 1365 2222 1451 2255; x_wconf 83' lang='lat' dir='ltr'>vult.</span> <span class='ocrx_word' id='word_1_285' title='bbox 1500 2219 1572 2254; x_wconf 81' lang='lat' dir='ltr'>Sed</span> 
     </span>
     <span class='ocr_line' id='line_1_32' title="bbox 185 2279 1571 2325; baseline 0.003 -15"><span class='ocrx_word' id='word_1_286' title='bbox 185 2279 257 2311; x_wconf 86' lang='lat' dir='ltr'>iam</span> <span class='ocrx_word' id='word_1_287' title='bbox 283 2279 437 2324; x_wconf 73' lang='lat' dir='ltr'>bangius</span> <span class='ocrx_word' id='word_1_288' title='bbox 462 2280 560 2323; x_wconf 69' lang='lat' dir='ltr'>vidit,</span> <span class='ocrx_word' id='word_1_289' title='bbox 583 2281 627 2315; x_wconf 81' lang='lat' dir='ltr'>ad</span> <span class='ocrx_word' id='word_1_290' title='bbox 653 2280 933 2325; x_wconf 82' lang='lat' dir='ltr'>perspicuitatem</span> <span class='ocrx_word' id='word_1_291' title='bbox 958 2282 1123 2316; x_wconf 79' lang='lat' dir='ltr'>orationis</span> <span class='ocrx_word' id='word_1_292' title='bbox 1147 2283 1248 2317; x_wconf 73' lang='lat' dir='ltr'>valde</span> <span class='ocrx_word' id='word_1_293' title='bbox 1267 2280 1462 2316; x_wconf 67' lang='lat' dir='ltr'>necessaria</span> <span class='ocrx_word' id='word_1_294' title='bbox 1484 2291 1571 2321; x_wconf 79' lang='lat' dir='ltr'>esse,</span> 
     </span>
     <span class='ocr_line' id='line_1_33' title="bbox 184 2333 1572 2387; baseline 0.004 -17"><span class='ocrx_word' id='word_1_295' title='bbox 184 2337 268 2381; x_wconf 79' lang='lat' dir='ltr'>quia</span> <span class='ocrx_word' id='word_1_296' title='bbox 291 2338 364 2372; x_wconf 81' lang='lat' dir='ltr'>sine</span> <span class='ocrx_word' id='word_1_297' title='bbox 386 2339 429 2373; x_wconf 85' lang='lat' dir='ltr'>iis</span> <span class='ocrx_word' id='word_1_298' title='bbox 453 2352 595 2384; x_wconf 78' lang='lat' dir='ltr'>prorsus</span> <span class='ocrx_word' id='word_1_299' title='bbox 618 2341 821 2386; x_wconf 80' lang='lat' dir='ltr'>ignoratur,</span> <span class='ocrx_word' id='word_1_300' title='bbox 852 2344 908 2376; x_wconf 79' lang='lat' dir='ltr'>cui</span> <span class='ocrx_word' id='word_1_301' title='bbox 938 2345 991 2377; x_wconf 75' lang='lat' dir='ltr'>rei</span> <span class='ocrx_word' id='word_1_302' title='bbox 1014 2333 1158 2387; x_wconf 37' lang='lat' dir='ltr'>&#39;tempus</span> <span class='ocrx_word' id='word_1_303' title='bbox 1188 2349 1223 2378; x_wconf 89' lang='lat' dir='ltr'>et</span> <span class='ocrx_word' id='word_1_304' title='bbox 1246 2345 1341 2377; x_wconf 82' lang='lat' dir='ltr'>locus</span> <span class='ocrx_word' id='word_1_305' title='bbox 1364 2341 1572 2376; x_wconf 70' lang='lat' dir='ltr'>constitutu-</span> 
     </span>
     <span class='ocr_line' id='line_1_34' title="bbox 184 2398 1570 2448; baseline 0.004 -17"><span class='ocrx_word' id='word_1_306' title='bbox 184 2398 309 2439; x_wconf 77' lang='lat' dir='ltr'>fuerit3</span> <span class='ocrx_word' id='word_1_307' title='bbox 343 2410 425 2433; x_wconf 87' lang='lat' dir='ltr'>nam</span> <span class='ocrx_word' id='word_1_308' title='bbox 457 2401 639 2444; x_wconf 84' lang='lat' dir='ltr'>superiora</span> <span class='ocrx_word' id='word_1_309' title='bbox 670 2402 733 2436; x_wconf 76' lang='lat' dir='ltr'>illa</span> <span class='ocrx_word' id='word_1_310' title='bbox 763 2404 889 2447; x_wconf 81' lang='lat' dir='ltr'>capitis</span> <span class='ocrx_word' id='word_1_311' title='bbox 922 2404 1178 2448; x_wconf 79' lang='lat' dir='ltr'>praecedentis,</span> <span class='ocrx_word' id='word_1_312' title='bbox 1211 2409 1262 2439; x_wconf 86' lang='lat' dir='ltr'>tot</span> <span class='ocrx_word' id='word_1_313' title='bbox 1289 2404 1434 2438; x_wconf 73' lang='lat' dir='ltr'>diversis</span> <span class='ocrx_word' id='word_1_314' title='bbox 1465 2403 1570 2437; x_wconf 75' lang='lat' dir='ltr'>rehu·</span> 
     </span>
     <span class='ocr_line' id='line_1_35' title="bbox 184 2458 1567 2509; baseline 0.005 -18"><span class='ocrx_word' id='word_1_315' title='bbox 184 2458 385 2501; x_wconf 81' lang='lat' dir='ltr'>interiectis,</span> <span class='ocrx_word' id='word_1_316' title='bbox 413 2462 509 2495; x_wconf 88' lang='lat' dir='ltr'>nullo</span> <span class='ocrx_word' id='word_1_317' title='bbox 533 2463 637 2496; x_wconf 74' lang='lat' dir='ltr'>inodo</span> <span class='ocrx_word' id='word_1_318' title='bbox 670 2463 740 2496; x_wconf 85' lang='lat' dir='ltr'>huc</span> <span class='ocrx_word' id='word_1_319' title='bbox 765 2465 880 2498; x_wconf 61' lang='lat' dir='ltr'>velere</span> <span class='ocrx_word' id='word_1_320' title='bbox 907 2470 1060 2508; x_wconf 71' lang='lat' dir='ltr'>possunt.</span> <span class='ocrx_word' id='word_1_321' title='bbox 1113 2467 1173 2499; x_wconf 71' lang='lat' dir='ltr'>Uti</span> <span class='ocrx_word' id='word_1_322' title='bbox 1195 2465 1390 2509; x_wconf 75' lang='lat' dir='ltr'>particulae</span> <span class='ocrx_word' id='word_1_323' title='bbox 1413 2468 1567 2498; x_wconf 73' lang='lat' dir='ltr'>anastro-</span> 
     </span>
     <span class='ocr_line' id='line_1_36' title="bbox 185 2520 1568 2570; baseline 0.004 -18"><span class='ocrx_word' id='word_1_324' title='bbox 185 2520 255 2562; x_wconf 90' lang='lat' dir='ltr'>phe</span> <span class='ocrx_word' id='word_1_325' title='bbox 287 2524 405 2553; x_wconf 74' lang='lat' dir='ltr'>autem</span> <span class='ocrx_word' id='word_1_326' title='bbox 438 2528 620 2565; x_wconf 78' lang='lat' dir='ltr'>propterea</span> <span class='ocrx_word' id='word_1_327' title='bbox 648 2524 800 2560; x_wconf 73' lang='lat' dir='ltr'>admissa</span> <span class='ocrx_word' id='word_1_328' title='bbox 832 2530 893 2563; x_wconf 79' lang='lat' dir='ltr'>est.</span> <span class='ocrx_word' id='word_1_329' title='bbox 928 2530 966 2559; x_wconf 92' lang='lat' dir='ltr'>ut</span> <span class='ocrx_word' id='word_1_330' title='bbox 985 2527 1142 2570; x_wconf 76' lang='lat' dir='ltr'>colloquii</span> <span class='ocrx_word' id='word_1_331' title='bbox 1164 2526 1389 2568; x_wconf 75' lang='lat' dir='ltr'>vocabulum,</span> <span class='ocrx_word' id='word_1_332' title='bbox 1413 2525 1510 2559; x_wconf 76' lang='lat' dir='ltr'>cuius</span> <span class='ocrx_word' id='word_1_333' title='bbox 1532 2524 1568 2558; x_wconf 86' lang='lat' dir='ltr'>in</span> 
     </span>
     <span class='ocr_line' id='line_1_37' title="bbox 185 2580 1567 2630; baseline 0.005 -18"><span class='ocrx_word' id='word_1_334' title='bbox 185 2580 254 2613; x_wconf 81' lang='lat' dir='ltr'>hac</span> <span class='ocrx_word' id='word_1_335' title='bbox 274 2582 441 2615; x_wconf 79' lang='lat' dir='ltr'>sententia</span> <span class='ocrx_word' id='word_1_336' title='bbox 462 2583 630 2626; x_wconf 82' lang='lat' dir='ltr'>primaria</span> <span class='ocrx_word' id='word_1_337' title='bbox 653 2584 704 2617; x_wconf 67' lang='lat' dir='ltr'>vis</span> <span class='ocrx_word' id='word_1_338' title='bbox 729 2590 792 2630; x_wconf 85' lang='lat' dir='ltr'>est,</span> <span class='ocrx_word' id='word_1_339' title='bbox 817 2586 892 2630; x_wconf 71' lang='lat' dir='ltr'>ipso</span> <span class='ocrx_word' id='word_1_340' title='bbox 915 2587 995 2620; x_wconf 88' lang='lat' dir='ltr'>loco</span> <span class='ocrx_word' id='word_1_341' title='bbox 1018 2586 1251 2629; x_wconf 79' lang='lat' dir='ltr'>praemineat;</span> <span class='ocrx_word' id='word_1_342' title='bbox 1275 2589 1321 2622; x_wconf 75' lang='lat' dir='ltr'>ct.</span> <span class='ocrx_word' id='word_1_343' title='bbox 1347 2588 1501 2629; x_wconf 81' lang='lat' dir='ltr'>Herzog.</span> <span class='ocrx_word' id='word_1_344' title='bbox 1522 2586 1567 2619; x_wconf 78' lang='lat' dir='ltr'>ad</span> 
     </span>
     <span class='ocr_line' id='line_1_38' title="bbox 184 2640 1566 2692; baseline 0.004 -19"><span class='ocrx_word' id='word_1_345' title='bbox 184 2640 289 2674; x_wconf 80' lang='lat' dir='ltr'>Catil.</span> <span class='ocrx_word' id='word_1_346' title='bbox 316 2641 343 2681; x_wconf 81' lang='grc' dir='ltr'>Ι,</span> <span class='ocrx_word' id='word_1_347' title='bbox 370 2642 400 2675; x_wconf 90' lang='lat'>1.</span> <span class='ocrx_word' id='word_1_348' title='bbox 429 2654 462 2685; x_wconf 86' lang='lat' dir='ltr'>p.</span> <span class='ocrx_word' id='word_1_349' title='bbox 491 2644 524 2677; x_wconf 83' lang='lat'>3.</span> <span class='ocrx_word' id='word_1_350' title='bbox 550 2663 595 2669; x_wconf 89' lang='lat'>-</span> <span class='ocrx_word' id='word_1_351' title='bbox 630 2646 764 2679; x_wconf 80' lang='lat' dir='ltr'>Sullam</span> <span class='ocrx_word' id='word_1_352' title='bbox 789 2649 933 2689; x_wconf 77' lang='lat' dir='ltr'>morlo,</span> <span class='ocrx_word' id='word_1_353' title='bbox 968 2647 1095 2680; x_wconf 80' lang='lat' dir='ltr'>modo</span> <span class='ocrx_word' id='word_1_354' title='bbox 1127 2647 1285 2692; x_wconf 77' lang='lat' dir='ltr'>legatum</span> <span class='ocrx_word' id='word_1_355' title='bbox 1315 2649 1338 2682; x_wconf 90' lang='lat' dir='ltr'>i.</span> <span class='ocrx_word' id='word_1_356' title='bbox 1362 2660 1392 2681; x_wconf 87' lang='lat' dir='ltr'>e.</span> <span class='ocrx_word' id='word_1_357' title='bbox 1415 2647 1566 2681; x_wconf 84' lang='lat' dir='ltr'>alterum</span> 
     </span>
     <span class='ocr_line' id='line_1_39' title="bbox 186 2700 1564 2748; baseline 0.007 -17"><span class='ocrx_word' id='word_1_358' title='bbox 186 2700 232 2732; x_wconf 74' lang='lat' dir='ltr'>ab</span> <span class='ocrx_word' id='word_1_359' title='bbox 260 2700 372 2734; x_wconf 87' lang='lat' dir='ltr'>altero</span> <span class='ocrx_word' id='word_1_360' title='bbox 394 2713 561 2739; x_wconf 76' lang='lat' dir='ltr'>seorsum.</span> <span class='ocrx_word' id='word_1_361' title='bbox 593 2724 638 2729; x_wconf 92' lang='lat'>—</span> <span class='ocrx_word' id='word_1_362' title='bbox 675 2706 815 2740; x_wconf 80' lang='lat' dir='ltr'>Habere</span> <span class='ocrx_word' id='word_1_363' title='bbox 843 2706 865 2740; x_wconf 89' lang='lat' dir='ltr'>i.</span> <span class='ocrx_word' id='word_1_364' title='bbox 890 2717 920 2739; x_wconf 90' lang='lat' dir='ltr'>e.</span> <span class='ocrx_word' id='word_1_365' title='bbox 943 2711 1110 2748; x_wconf 75' lang='lat' dir='ltr'>tractare,</span> <span class='ocrx_word' id='word_1_366' title='bbox 1143 2719 1176 2742; x_wconf 70' lang='lat' dir='ltr'>v.</span> <span class='ocrx_word' id='word_1_367' title='bbox 1207 2708 1250 2741; x_wconf 80' lang='lat' dir='ltr'>ad</span> <span class='ocrx_word' id='word_1_368' title='bbox 1276 2708 1351 2741; x_wconf 80' lang='lat' dir='ltr'>Cat.</span> <span class='ocrx_word' id='word_1_369' title='bbox 1378 2707 1437 2748; x_wconf 80' lang='lat' dir='ltr'>xl,</span> <span class='ocrx_word' id='word_1_370' title='bbox 1462 2705 1496 2740; x_wconf 87' lang='lat'>5.</span> <span class='ocrx_word' id='word_1_371' title='bbox 1521 2726 1564 2731; x_wconf 85' lang='lat'>·-</span> 
     </span>
     <span class='ocr_line' id='line_1_40' title="bbox 187 2760 1564 2813; baseline 0.007 -21"><span class='ocrx_word' id='word_1_372' title='bbox 187 2760 204 2792; x_wconf 88' lang='lat'><em>1</em></span> <span class='ocrx_word' id='word_1_373' title='bbox 214 2761 236 2794; x_wconf 76' lang='lat' dir='ltr'><strong><em>d</em></strong></span> <span class='ocrx_word' id='word_1_374' title='bbox 249 2773 307 2794; x_wconf 81' lang='lat' dir='ltr'>om</span> <span class='ocrx_word' id='word_1_375' title='bbox 333 2762 517 2805; x_wconf 65' lang='lat' dir='ltr'>embolum,-</span> <span class='ocrx_word' id='word_1_376' title='bbox 553 2765 675 2800; x_wconf 79' lang='lat' dir='ltr'>Sullae</span> <span class='ocrx_word' id='word_1_377' title='bbox 701 2766 793 2801; x_wconf 86' lang='lat' dir='ltr'>enim</span> <span class='ocrx_word' id='word_1_378' title='bbox 828 2767 1004 2811; x_wconf 75' lang='lat' dir='ltr'>pollicitus</span> <span class='ocrx_word' id='word_1_379' title='bbox 1034 2771 1105 2809; x_wconf 73' lang='lat' dir='ltr'>est,</span> <span class='ocrx_word' id='word_1_380' title='bbox 1135 2778 1172 2801; x_wconf 76' lang='lat' dir='ltr'>se</span> <span class='ocrx_word' id='word_1_381' title='bbox 1202 2767 1410 2803; x_wconf 79' lang='lat' dir='ltr'>traditurum</span> <span class='ocrx_word' id='word_1_382' title='bbox 1430 2768 1564 2813; x_wconf 75' lang='lat' dir='ltr'>¹lugur-</span> 
     </span>
    </p>
   </div>
  </div>
 </body>
</html>
