1630 3034
500 147 857 192 IUGURTHA.
920 150 1056 193 CAP.
1088 152 1131 192 L.
1415 157 1496 197 281

116 271 234 323 erat,
271 265 514 324 triplicibus
545 264 749 309 subsidiis
783 265 925 309 aciem
959 267 1179 323 instruxit,
1216 267 1328 312 inter
1354 270 1498 313 mani-
1527 276 1530 277 ⁷

115 361 249 421 pulos
298 360 544 405 funditores
589 367 632 405 et
684 363 931 422 sagittarios
977 362 1204 423 dispertit,
1252 366 1498 423 equitatum

115 472 293 501 ornnem
328 458 372 501 in
409 458 612 520 cornibus
640 459 770 514 locat,
801 473 854 501 ao
879 473 1024 518 pauca
1058 475 1145 519 pro
1181 466 1385 521 tempore
1415 462 1498 505 mi-

115 553 211 597 lites
256 553 455 598 hortatus
499 555 671 609 aciem,
728 554 854 598 sicuti
891 555 1185 615 instruxerat,
1237 558 1496 602 transvorsis

113 649 341 710 principiis
376 648 421 693 in
456 650 640 709 planum
673 649 868 696 deducit.

250 745 306 790 L.
377 745 472 790 Sed
508 746 584 790 ubi
620 747 837 790 Numidas
874 747 1046 805 quietos
1081 763 1227 806 neque
1265 748 1379 792 colle
1415 748 1498 793 de-

115 867 186 889 esse
210 860 388 901 coeperat,
422 855 538 901 qnod
563 857 755 901 Pompeius.
804 855 881 891 Non
909 858 1060 891 multum
1084 857 1267 892 dissimilia
1291 861 1369 892 sunt
1390 859 1498 892 etiam

112 917 201 963 baec
224 918 384 961 exempla
400 916 541 962 Virgilii
564 916 638 950 Ecl.
662 917 720 958 ΙΙΙ,
743 915 802 951 80.
852 918 1005 953 Triste
1029 919 1128 962 lupus
1151 920 1307 954 stabulis.
1332 920 1416 955 Aen.
1437 921 1497 965 lv,

113 976 195 1012 569.
234 978 420 1012 Varium
464 984 510 1014 et
554 978 786 1012 mutabile
819 989 952 1022 semper
976 979 1126 1022 femina.
1152 998 1197 1005 —
1230 980 1301 1013 Pro
1325 981 1499 1015 obscurata·

113 1037 191 1071 cod.
221 1039 367 1072 Eccard.
399 1040 506 1074 habet
538 1039 732 1072 obscurata.
778 1038 969 1083 Vulgatam
1003 1038 1143 1072 Cortius
1172 1038 1224 1073 ita
1253 1040 1426 1082 defendit,
1459 1045 1500 1074 ut

113 1097 209 1132 dicat
230 1100 469 1142 praedicatum
491 1100 666 1134 remotiori
688 1097 819 1131 nomini
843 1099 977 1141 aptari3
1001 1099 1210 1132 Gerlaclrius
1233 1111 1316 1134 vero
1339 1100 1375 1135 in
1398 1112 1500 1144 prae-

114 1157 230 1192 dicato
262 1160 306 1193 ad
341 1159 443 1194 varia
481 1159 622 1192 nomina
653 1159 764 1192 relato
798 1159 1002 1202 praevalere
1034 1163 1149 1193 censet
1179 1170 1346 1203 personae
1378 1172 1500 1205 genus,

114 1219 268 1253 maxime
301 1220 362 1253 ubi
396 1220 628 1253 masculinum
660 1219 718 1254 sit.
763 1219 932 1253 Neutrum
968 1231 1090 1253 verum
1125 1219 1274 1257 videtur.
1322 1221 1501 1264 Loquendi

114 1289 197 1313 usus
219 1280 313 1313 enirn
335 1281 471 1315 ratione
494 1281 606 1315 nitens
629 1280 777 1314 ostendit
800 1279 992 1323 praedicati
1016 1291 1127 1324 genus
1144 1280 1189 1314 ab
1208 1292 1250 1315 eo
1274 1281 1422 1316 subiecti
1439 1294 1500 1327 ge-

113 1351 196 1374 nere
225 1341 395 1384 pendere,
437 1341 534 1375 cuius
565 1342 656 1374 notio
691 1341 727 1374 in
758 1340 999 1374 enunciationc
1027 1341 1201 1384 primaria
1231 1345 1305 1383 est3
1334 1343 1500 1386 quoniam

112 1400 223 1446 igitur
253 1402 291 1436 h.
313 1403 338 1436 1.
362 1401 516 1436 narratio
539 1401 693 1435 maxime
726 1400 771 1434 ad
804 1401 896 1434 viros
928 1400 1102 1435 Numidas
1132 1403 1302 1444 refertur,
1345 1407 1384 1435 ut
1405 1406 1501 1446 patet

115 1473 156 1496 ex
179 1462 299 1497 verbis
322 1463 503 1502 occultati,
535 1462 661 1497 incerti
684 1465 718 1495 et
739 1460 828 1506 ipsi,
862 1471 1000 1495 necesse
1031 1463 1099 1496 fuit
1122 1462 1229 1496 etiam
1253 1463 1424 1497 obscurati
1447 1463 1501 1497 di-

113 1526 268 1564 ceretur3
293 1533 375 1557 nam
401 1524 506 1568 signa
530 1523 699 1556 minorem
724 1522 758 1556 in
782 1521 950 1556 sententia
973 1521 1047 1555 vim
1068 1521 1210 1557 habent.
1232 1543 1279 1549 —
1303 1524 1501 1568 Paullisper

113 1583 237 1626 explic.
261 1584 306 1617 ad
336 1584 376 1624 Ι,
400 1584 433 1617 4.
460 1600 503 1608 —
529 1583 717 1618 Constituit
740 1583 975 1627 plurimorum
997 1582 1094 1616 codd.
1128 1570 1297 1617 consensu
1318 1584 1501 1626 firmatur3

112 1643 343 1678 nihilominus
373 1642 476 1677 multi
507 1643 676 1685 editores,
708 1643 744 1677 in
778 1644 890 1687 iisque
925 1643 1064 1678 Cortius
1088 1647 1123 1679 et
1144 1645 1337 1679 Muellerus
1360 1657 1502 1690 recepe-

112 1708 193 1738 runt
216 1704 376 1746 constitit,
401 1704 493 1747 quod
516 1703 551 1737 in
575 1715 644 1738 uuo
668 1704 808 1739 Fabric.
832 1704 931 1738 Rivii
954 1705 1098 1750 legitur.
1148 1705 1217 1739 Sed
1240 1710 1280 1739 ut
1297 1709 1434 1740 taceam
1458 1707 1502 1740 de

111 1765 242 1811 exigua
265 1765 371 1799 huius
393 1765 588 1809 scripturae
612 1765 841 1807 auctoritate,
872 1765 987 1800 obstat
1010 1766 1171 1811 loquendi
1195 1778 1296 1809 usus3
1327 1766 1500 1811 siquidem

113 1839 242 1873 agmen
266 1827 420 1861 consistit
442 1837 578 1869 semper
601 1825 820 1860 intransitive
843 1838 944 1860 sensu
969 1827 1114 1869 dicitur,
1138 1831 1176 1862 ut
1198 1826 1272 1861 iam
1297 1826 1424 1861 Rivius
1447 1827 1502 1861 vi-

111 1888 175 1923 dit.
202 1888 378 1932 >Operam
402 1885 514 1930 igitur
537 1885 688 1930 perdidit
711 1886 873 1929 Cortius,
894 1887 954 1931 qui
978 1887 1171 1921 lectoribus
1194 1887 1403 1931 persuadere
1426 1891 1502 1921 sm·

113 1948 172 1982 det
193 1947 397 1988 consistere,
430 1946 522 1989 quod
547 1946 637 1980 nihil
660 1946 757 1981 aliud
782 1958 855 1980 esse
877 1950 992 1990 potest
1026 1958 1132 1991 quam
1157 1947 1213 1980 vel
1236 1947 1422 1981 subsistere
1443 1948 1502 1981 vet

114 2008 238 2042 stando
271 2007 381 2040 locum
416 2007 588 2050 obtinere,
625 2006 720 2040 idem
752 2006 954 2050 significare
987 2011 1093 2050 atque
1124 2008 1343 2044 constituere.
1391 2008 1500 2042 verbi

113 2078 214 2100 usum
239 2066 407 2110 exemplis
428 2067 517 2100 bene
540 2065 757 2100 illustrarunt
781 2066 979 2100 Gronovius
1010 2071 1044 2101 et
1067 2067 1331 2102 Drakenborch.
1354 2068 1398 2102 ad
1422 2068 1500 2102 Liv.

116 2128 260 2169 xxvlr,
286 2127 341 2168 16,
367 2126 424 2159 11.
446 2130 481 2160 et
505 2126 624 2160 Davis.
649 2130 754 2170 atque
779 2125 1001 2170 Oudendorp.
1027 2126 1069 2160 ad
1094 2126 1191 2161 Caes.
1213 2127 1256 2161 Β.
1281 2127 1322 2161 G.
1341 2128 1368 2169 1,
1387 2127 1446 2171 41,
1465 2127 1501 2162 2.

207 2188 240 2229 §.
261 2185 296 2219 6.
344 2186 399 2219 lbi
420 2187 638 2220 commutatis
662 2186 858 2231 ordinibus]
894 2187 998 2221 Hanc
1021 2197 1150 2221 novam
1176 2187 1359 2231 periodum
1384 2187 1501 2221 Muel-

114 2248 208 2280 lerus
239 2247 334 2280 male
364 2247 648 2290 praecedentibus
680 2247 859 2291 adiunxit,
892 2253 1066 2281 commate
1096 2252 1233 2282 tanturn
1264 2252 1342 2291 post
1372 2248 1502 2282 consti-

115 2308 183 2342 tuit
208 2307 330 2351 posito.
378 2308 523 2341 Ordines
554 2307 604 2341 ita
637 2309 839 2342 commutati
869 2313 969 2349 sunt,
1001 2313 1061 2349 ut,
1097 2319 1204 2352 quum
1229 2311 1332 2343 antea
1355 2309 1500 2350 flumen,

113 2369 204 2412 quod
229 2367 440 2412 paritr-actu
471 2378 493 2401 a
524 2372 641 2402 monte
663 2367 784 2402 aberat
809 2367 871 2411 (v.
905 2367 1071 2410 xuni,
1103 2368 1188 2413 3.),
1219 2373 1318 2404 recta
1346 2373 1502 2413 petentes

113 2429 214 2473 quasi
237 2427 375 2472 aequali
398 2427 490 2462 linea
505 2438 583 2461 cum
609 2429 699 2462 colle
722 2429 947 2473 procederent
968 2439 1077 2472 eoque
1100 2433 1257 2473 apertum
1281 2430 1375 2465 latus
1397 2442 1499 2475 prae-

114 2490 236 2524 berent
258 2489 436 2531 Numidis,
471 2489 530 2532 qui
563 2489 688 2522 collem
712 2493 911 2523 transvorso
935 2489 1059 2522 itinere
1080 2493 1279 2534 porrectum
1303 2490 1502 2525 insederant

114 2550 167 2594 (v.
191 2560 297 2593 supra
320 2548 352 2593 §.
378 2551 451 2594 1.),
482 2549 554 2583 iam
577 2549 736 2583 hostibus
768 2549 978 2593 conspectis,
1012 2547 1047 2583 in
1079 2551 1242 2586 dextrum
1265 2551 1358 2585 latus
1382 2555 1498 2585 verte-

113 2612 258 2652 rentur,
293 2609 344 2644 ita
375 2616 413 2645 ut
446 2610 559 2653 prima
590 2610 682 2645 acies
716 2609 791 2644 sive
814 2610 910 2643 frons
934 2621 1000 2644 non
1024 2610 1156 2654 fluvio,
1191 2612 1252 2646 sed
1275 2612 1383 2654 colli,
1406 2611 1499 2645 unde

114 2670 225 2705 hostis
248 2669 462 2711 imminebat,
488 2672 636 2705 obversa
659 2675 757 2705 esset.
805 2670 918 2716 igitur
939 2671 1113 2716 principia
1136 2682 1179 2706 eo
1202 2673 1281 2708 loco
1302 2671 1412 2715 ibant,
1435 2671 1496 2707 ubi

117 2734 218 2767 antea
241 2731 399 2767 dextrum
424 2732 516 2767 latus
538 2735 633 2775 erat,
656 2742 767 2776 eoque
789 2738 992 2768 transvorso
1015 2730 1189 2767 dicuntur.
