1630 3034
131 196 216 238 276
505 190 549 232 c
581 190 913 249 SALLUSTIW
938 189 1164 235 cmsm

132 309 346 354 destrium
382 307 687 351 Bomilcarem
718 307 949 368 praefecit,
988 323 1182 368 eumque
1219 307 1381 353 edocet
1410 322 1527 368 quae

132 410 316 467 ageret3
351 404 451 464 ipse
486 403 676 466 propior
716 410 914 448 montem
948 420 1048 449 cum
1090 405 1214 448 omni
1250 405 1448 464 equitatu
1485 411 1533 449 et

94 501 359 564 2peditibus
396 499 581 545 delectis
626 516 731 546 suos
771 502 974 546 collocat.
1045 502 1162 547 Dein
1197 502 1394 563 singulas
1430 507 1528 546 tur-

134 615 229 643 mas
267 603 401 656 atque
438 597 691 658 manipulos
741 599 1001 644 circumiens
1037 605 1190 644 monet
1225 604 1359 657 atque
1395 598 1528 643 obte-

135 701 291 755 statur,
327 695 391 740 nti
428 709 650 740 memores
686 696 900 756 pristinae
933 697 1102 741 virtutis
1135 702 1180 741 et
1215 695 1428 741 victoriae
1463 710 1531 740 se-

133 854 214 878 care
237 843 402 888 potuerit.
453 842 547 876 Huic
571 841 779 877 dubitationi
803 843 1038 888 Gerlachius,
1073 845 1135 889 qui
1169 845 1353 889 vulgatam
1376 841 1531 884 retinuit,

133 905 184 939 ita
208 903 384 945 occurrit,
417 907 455 937 ut
490 902 582 938 dicat
615 913 695 938 suos
725 904 931 948 pronomine
964 904 1117 951 intelligi
1142 906 1274 951 equites
1296 904 1436 950 regios,
1473 903 1535 948 qui

134 964 292 1000 custodes
315 964 466 1009 corporis
494 968 614 1005 erant,
649 963 692 997 de
722 965 848 1009 quibus
882 965 1011 1000 dicitur
1041 978 1072 1002 c.
1094 966 1182 1008 mv,
1207 966 1241 1001 4.
1266 965 1354 1007 Lw,
1379 965 1412 998 4.
1462 963 1532 998 Sed

133 1027 262 1061 horum
286 1024 444 1070 equitum
469 1035 536 1058 non
560 1024 700 1059 videtur
723 1028 841 1060 tantus
863 1037 1028 1061 numerus
1054 1026 1174 1070 fuisse,
1197 1031 1237 1062 ut
1259 1026 1296 1060 in
1320 1024 1533 1070 disponenda

134 1087 211 1122 acie
234 1085 452 1132 singularem
477 1086 593 1120 locum
618 1085 830 1128 obtinerent3
853 1097 967 1131 neque
989 1098 1032 1122 ex
1053 1087 1338 1123 antecedentibus
1359 1087 1434 1120 ullo
1458 1097 1532 1119 mo-

135 1150 180 1184 do
205 1152 314 1194 patet,
337 1147 404 1181 hos
426 1146 674 1192 intelligendos
698 1157 784 1181 esse.
826 1148 945 1190 Quare
967 1147 1019 1182 ita
1041 1143 1206 1192 putemus
1226 1147 1434 1192 capiendam
1456 1146 1532 1179 vul-

133 1214 256 1256 gatam
288 1208 498 1247 lectionem,
536 1210 574 1242 ut
607 1219 683 1241 cum
706 1208 980 1252 comprehendat
1002 1220 1086 1254 eos,
1122 1220 1207 1254 quos
1241 1219 1320 1243 suos
1351 1210 1455 1241 vocat
1477 1206 1535 1240 Iu·-

135 1270 272 1317 gurtha
288 1297 298 1314 ,
337 1278 406 1313 qua
429 1267 566 1302 ratione
590 1279 780 1313 pronomen
805 1269 905 1313 quasi
928 1276 994 1314 pro
1017 1270 1234 1316 appositione
1257 1266 1536 1304 antecedentium

137 1332 326 1366 verborum
349 1328 550 1364 habendum
580 1329 707 1372 fuerit,
736 1329 805 1363 hoc
830 1340 953 1364 sensu=
986 1331 1061 1375 ipse
1093 1343 1174 1366 cum
1197 1329 1295 1366 omni
1318 1328 1479 1374 equitatu
1501 1330 1539 1362 et

137 1392 310 1437 peditibus
342 1389 507 1432 delectis,
541 1390 673 1435 quippe
712 1401 821 1434 quos,
853 1391 1065 1427 Bomilcaris
1088 1391 1201 1438 copiis
1225 1389 1426 1436 oppositos,
1458 1399 1538 1438 suos

137 1453 304 1493 haberet,
325 1451 495 1493 collocat3
518 1452 595 1486 sive
620 1451 728 1487 etiam
752 1451 821 1486 sict
847 1451 920 1496 ipse
943 1464 1033 1495 suos,
1058 1453 1183 1498 quippe
1208 1453 1268 1498 qui
1291 1462 1334 1486 ex
1356 1449 1455 1485 omni
1480 1461 1538 1494 eq.

137 1517 173 1548 et
195 1513 271 1557 ped.
297 1512 365 1545 del.
399 1512 626 1555 constabant,
659 1513 824 1547 collocat.
872 1513 1007 1548 Eodem
1040 1514 1115 1548 fere
1141 1513 1246 1548 modo
1280 1522 1358 1547 cum
1382 1510 1537 1555 positum

138 1574 249 1608 habes
274 1584 303 1608 c.
331 1572 454 1615 XLVI,
473 1572 506 1607 7.
559 1572 610 1606 ln
632 1578 869 1619 postremo
894 1574 935 1610 C.
961 1574 1096 1609 Marius
1121 1575 1280 1621 Legatus
1305 1584 1397 1608 cum
1422 1572 1540 1617 equi-

138 1635 268 1669 tibus
300 1633 457 1667 curabat.
481 1634 586 1675 etc,
611 1633 645 1669 2.
694 1635 794 1668 Sulla
829 1646 921 1669 cum
953 1637 1181 1680 equitatu
1214 1634 1340 1679 apud
1376 1633 1540 1667 dexta-

139 1706 228 1730 mos
251 1713 295 1719 —
322 1694 493 1735 cumbet,-
528 1705 610 1729 nam
642 1696 817 1739 equitatus
852 1701 932 1732 sunt
964 1695 1030 1740 ipsi
1055 1695 1249 1740 (postremi
1274 1695 1347 1739 ac)
1372 1691 1540 1734 dextumi,

139 1765 331 1798 sensusque
354 1757 424 1788 est:
459 1755 493 1787 in
521 1755 687 1790 dextuma
712 1757 936 1802 (postrema)
962 1760 1088 1802 parte,
1123 1756 1181 1790 ubi
1207 1756 1326 1790 stabat
1352 1754 1538 1799 equitatus,

143 1817 244 1850 Sulla
268 1815 442 1859 (Marius)
464 1816 633 1858 cnrabae3
657 1818 715 1852 vel
738 1817 931 1862 simplicius
955 1817 1086 1852 etiam:
1110 1817 1229 1857 Sulla,
1254 1817 1330 1861 qui
1354 1827 1403 1861 eq
1418 1815 1539 1849 uita-

141 1883 235 1911 tum
269 1876 491 1917 habebat,
516 1879 611 1921 apud
635 1879 814 1913 dextumos
836 1879 995 1915 curabat.
1021 1896 1068 1903 —-·
1093 1879 1242 1912 Dilectos
1265 1875 1405 1911 Cottius
1426 1876 1537 1910 etiam

141 1942 298 1982 respectu
324 1937 459 1980 primae
481 1939 640 1983 syllabae
664 1940 758 1974 male
781 1939 939 1984 scripsit3
959 1951 992 1973 v.
1018 1938 1063 1974 ad
1088 1939 1165 1973 Cat.
1190 1937 1351 1979 xxxvl,
1373 1936 1410 1971 3.

232 2000 264 2042 ς.
291 1998 325 2036 2.
374 2004 507 2033 turmas
540 2004 644 2043 atque
681 2001 895 2046 manipulos]
932 2001 981 2034 Ut
1008 2000 1122 2034 solent
1155 1999 1329 2034 interdum
1352 1997 1542 2041 scriptores

137 2060 316 2103 Romani,
350 2058 540 2095 Sallustius
574 2060 723 2095 militiae
755 2061 939 2097 Romanae
970 2061 1145 2095 vocabula
1168 2060 1337 2095 transfert
1359 2059 1404 2093 nd
1429 2061 1541 2092 exter-

141 2133 224 2155 nam
249 2125 416 2167 geuteux3
449 2132 482 2152 v·
518 2122 562 2155 ud
595 2122 670 2156 Cat.
695 2122 793 2164 mu,
824 2121 858 2156 3.
906 2122 959 2156 De
988 2122 1111 2156 turmis
1143 2121 1275 2155 dictum
1312 2130 1420 2164 supro.
1442 2118 1486 2153 ad
1509 2129 1540 2151 c.

143 2182 334 2222 xxxvnl,
364 2182 399 2216 6.
449 2180 586 2224 Quibus
616 2186 656 2217 ut
688 2183 724 2216 11.
750 2183 774 2216 l.
808 2182 982 2226 equitatus
1014 2183 1048 2216 in
1082 2183 1285 2217 universum
1309 2180 1541 2227 significatur,

144 2241 193 2275 ita
217 2242 388 2286 manipuli
412 2253 476 2285 pro
504 2242 678 2286 peditibus
702 2242 787 2277 dicti
811 2247 891 2277 sunt
906 2268 916 2284 ‚
949 2255 1062 2287 neque
1086 2244 1189 2278 aliter
1213 2244 1306 2277 ini'ra
1330 2254 1362 2276 c.
1388 2241 1479 2283 XCI,
1505 2240 1540 2274 1.

143 2303 321 2336 centuriae
342 2313 383 2336 ac
407 2308 543 2337 turmae
568 2307 821 2338 memorantur.
871 2305 923 2337 Do
945 2315 1091 2339 numero
1114 2305 1289 2346 militum,
1316 2303 1440 2348 quibus
1466 2312 1543 2335 ma·-

146 2363 286 2407 uipulus
312 2364 493 2397 Romanus
519 2366 721 2409 constabat,
748 2364 886 2400 Curtius
910 2366 1070 2400 conferre
1095 2366 1193 2400 iubet
1215 2365 1389 2401 Stewech.
1414 2362 1450 2397 in
1475 2363 1542 2395 Ve-

145 2428 217 2469 get.
244 2425 298 2464 11,
324 2424 378 2458 13.
409 2428 443 2459 ct
468 2425 560 2469 Lips.
586 2427 630 2459 de
654 2425 756 2461 milit.
786 2427 890 2460 Rom.
916 2428 984 2468 lv,
1007 2426 1041 2462 5.
1089 2426 1186 2461 Adde
1208 2425 1374 2461 Creuzeri
1400 2423 1540 2466 Antiqq.

147 2484 252 2517 Rom.
278 2486 311 2526 §-
336 2484 416 2518 232.
442 2497 476 2529 p.
499 2485 582 2520 365.
606 2486 659 2521 cd.
685 2487 731 2522 11.
758 2506 801 2512 —
834 2488 1045 2522 Circumiens
1069 2489 1213 2532 praebet
1245 2488 1327 2521 Bas.
1352 2485 1387 2521 1.
1411 2488 1446 2518 et
1470 2483 1542 2516 luc.

147 2545 180 2579 1.
206 2544 330 2578 relicui
358 2545 431 2579 fere
455 2546 644 2587 cir-cutem,-
678 2548 736 2582 sed
762 2560 796 2581 m
821 2548 960 2590 littera,
985 2559 1199 2592 quamquam
1223 2547 1259 2581 in
1284 2543 1542 2590 pronunciando

146 2616 354 2648 suppressa,
379 2606 507 2641 rectius
531 2608 718 2649 scribitur-3
751 2608 798 2641 ci'.
822 2620 853 2642 c,
880 2609 984 2651 XLV,
1008 2609 1043 2643 2.
1061 2609 1101 2651 C,
1125 2608 1159 2644 4.
1184 2614 1218 2643 et
1244 2619 1278 2642 v.
1303 2607 1407 2641 Conr.
1433 2605 1541 2648 Leop.

148 2664 314 2699 Sclineid.
340 2666 501 2703 Grauun.
526 2667 603 2704 Lat.
624 2669 745 2704 v01.1.
765 2669 800 2705 1.
827 2681 859 2712 p.
881 2669 961 2703 307.
985 2673 1021 2704 et
1045 2669 1186 2703 omnino
1211 2668 1417 2714 diligentem
1444 2677 1540 2700 com-

148 2726 395 2760 mentationem
415 2728 458 2759 do
473 2739 506 2760 m
527 2727 642 2763 littera
660 2741 692 2772 p.
710 2729 780 2763 300
797 2749 843 2756 ——
857 2729 942 2764 309.
959 2748 1004 2756 —
1026 2732 1108 2765 Sese
1128 2729 1266 2764 Cortius
1285 2730 1406 2762 contra
1423 2737 1543 2761 omnes

147 2786 244 2819 codd.
269 2786 372 2819 tacite
397 2787 544 2821 nnutavit
569 2788 603 2822 in
634 2800 756 2833 seque,
791 2792 883 2834 quod
909 2790 975 2825 nisi
1010 2790 1218 2825 auctoritato
1242 2788 1412 2823 librorum
1435 2787 1542 2822 desti-
