1630 3034
133 137 190 176 90
502 132 549 174 G.
579 132 908 174 SALLUSTI
939 132 1160 176 CRISPI

137 255 287 292 certus
325 248 435 306 quid
484 263 645 308 agam,
689 254 842 292 tuasne
884 249 1058 293 iniurias
1103 264 1378 310 persequar,
1425 253 1523 312 lpse

134 346 272 389 auxili
308 360 475 404 egens,
514 359 570 388 an
605 359 748 404 regno
785 345 1044 401 consulam,
1080 346 1201 390 cuius
1235 347 1350 391 vitae
1378 349 1522 393 necis-

67 440 121 484 24
134 457 223 500 que
241 448 440 501 potestas
463 456 517 484 ex
544 441 706 501 opibus
735 441 886 485 alienis
914 441 1100 501 pendet.
1172 442 1355 487 Utinam
1383 446 1523 489 emori

131 538 317 583 fortunis
351 539 461 583 meis
496 537 707 582 honestus
744 538 882 582 exitus
921 545 1057 595 esset,
1093 554 1180 583 neu
1215 540 1365 584 vivere
1401 556 1510 585 con-

131 728 191 752 ma
214 717 344 751 amissa
366 727 435 750 non
468 719 540 750 tam
563 727 711 761 regnum
736 716 907 757 amisisti,
932 726 1037 759 quam
1062 717 1161 762 fuga,
1186 716 1330 759 exsilio,
1353 719 1520 762 egestate,

128 777 305 813 aerumnis
331 778 499 811 liberatus
532 788 578 812 es,
602 777 644 811 V.
667 788 776 821 supra
807 779 839 819 ἓ.
868 777 902 810 4.
937 777 970 811 9.
995 780 1029 811 et
1056 778 1101 811 ad
1125 789 1155 811 c.
1179 778 1240 818 111,
1265 778 1299 811 1.
1321 795 1368 802 —-
1391 778 1461 811 Pro
1487 781 1521 812 et

128 839 238 873 omnis
263 838 374 872 Vatic.
393 838 435 874 A.
456 838 565 872 habet
589 837 664 871 sed
687 837 808 878 omnis,
834 838 926 880 quod
950 849 1018 872 non
1034 850 1114 872 cum
1140 837 1331 873 Gerlachio
1354 835 1520 879 ornatius,

127 901 188 935 sed
211 899 356 944 gravius
379 902 414 932 et
436 897 676 931 vehementius
696 897 827 933 dictum
851 898 1067 942 putaverim3
1089 898 1148 932 sed
1165 897 1351 942 quominus
1372 897 1520 941 probem

127 961 347 1005 anaphoram
369 960 485 993 obstat
517 958 731 992 relicuorum
753 959 926 993 librorum
958 960 1114 993 omnium
1137 960 1340 994 auctoritas.
1362 978 1409 984 -
1434 958 1520 992 Per-

126 1035 252 1068 sequar
275 1020 451 1066 quomodo
476 1019 617 1053 dicatur
639 1020 814 1055 monitum
838 1021 883 1055 ad
908 1021 986 1056 Cat.
1008 1021 1072 1062 IX,
1089 1019 1122 1055 5.
1147 1033 1182 1065 p.
1206 1020 1265 1055 50.
1290 1021 1336 1055 cf.
1361 1020 1519 1054 Draken-

127 1084 249 1118 borch.
285 1082 331 1117 ad
362 1081 441 1116 Liv.
475 1081 558 1120 XL,
583 1080 641 1122 ll,
664 1079 721 1114 10.
754 1081 909 1125 Herzog.
944 1081 989 1115 ad
1021 1082 1119 1116 Caes.
1144 1082 1188 1116 B.
1214 1082 1258 1116 G.
1291 1081 1374 1121 Vll,
1397 1079 1455 1113 38.
1473 1097 1519 1104 —

127 1146 232 1179 cuius
264 1144 384 1188 paullo
415 1141 620 1175 insolentius
650 1153 720 1175 non
751 1143 795 1175 ad
825 1141 1079 1176 substantivum
1120 1142 1319 1186 proximum
1353 1141 1518 1180 refertur,

125 1208 185 1242 sed
208 1206 252 1240 ad
275 1204 412 1249 primae
444 1213 614 1246 personae
637 1213 851 1246 pronomen,
885 1203 921 1236 in
945 1203 1053 1236 verbo
1080 1203 1211 1244 latens,
1230 1213 1323 1246 quae
1343 1206 1520 1235 structura

124 1278 166 1301 eo
191 1265 408 1309 aliquantum
431 1263 591 1297 excusari
613 1263 763 1304 videtur,
787 1263 878 1307 quod
902 1264 975 1307 ipse
997 1263 1195 1307 praecessit.
1219 1264 1265 1297 cf.
1289 1261 1410 1297 Tacit.
1429 1261 1518 1295 Ann.

125 1328 202 1369 XV,
226 1326 285 1366 36,
309 1325 341 1359 3.
364 1324 492 1358 vidisse
516 1324 642 1358 civium
665 1329 811 1358 moestos
834 1324 971 1367 vultus,
997 1325 1088 1369 quod
1109 1329 1249 1359 tautum
1272 1324 1433 1357 aditurus
1456 1334 1518 1357 es-

125 1393 194 1423 set
227 1389 313 1429 iter,
348 1385 478 1419 cuius
510 1395 553 1417 ne
585 1384 734 1418 modicos
758 1385 896 1429 quidem
922 1396 1082 1429 egressus
1104 1388 1307 1420 tolerarent.
1355 1384 1519 1418 Ceterum

123 1448 262 1483 Cottius
292 1445 454 1490 imperite
476 1446 572 1478 vitae
603 1446 762 1490 necisque
793 1451 1086 1489 potestatem
1110 1458 1174 1491 pro
1198 1444 1519 1488 circumscriptione

122 1509 297 1544 nudarum
321 1517 450 1541 vocum
472 1506 549 1539 vita
572 1517 705 1551 meaeque
727 1507 854 1547 habet,
878 1506 1172 1549 quemadmodum
1191 1506 1246 1540 ius
1270 1507 1372 1552 regni
1395 1506 1447 1550 (v,
1472 1506 1518 1540 ad

123 1583 153 1604 c.
177 1570 238 1610 111,
262 1569 315 1613 1.)
340 1567 480 1601 dicatur
502 1577 565 1609 pro
596 1567 671 1610 ipso
694 1578 816 1611 reguo.
865 1567 966 1610 Quae
992 1566 1187 1610 explicandi
1217 1567 1311 1601 ratio
1334 1570 1374 1601 ut
1397 1577 1459 1610 per
1481 1577 1519 1600 se

122 1630 238 1673 inepta
261 1633 323 1670 est,
348 1628 397 1662 ita
420 1628 458 1662 h.
483 1628 507 1661 l.
532 1628 649 1661 verbis
672 1629 790 1671 opibus
806 1628 931 1661 alienis
953 1627 1183 1669 improbatur.
1234 1629 1375 1661 Alienus
1397 1631 1519 1661 autem

122 1701 203 1735 opes
227 1689 420 1723 Muellerus
443 1688 591 1732 pessime
624 1689 667 1721 de
691 1689 936 1722 Romanorum
969 1688 1116 1722 arbitrio
1139 1688 1254 1732 capit,
1279 1699 1347 1721 non
1369 1687 1518 1722 sentiens

97 1763 101 1767 ⁷
122 1762 229 1795 supra
260 1750 406 1783 modum
438 1749 603 1782 servilem
627 1749 703 1782 fieri
726 1748 936 1782 Adherbalis
960 1749 1140 1790 animum,
1173 1749 1232 1793 qui
1258 1760 1314 1789 se,
1338 1760 1459 1793 regem
1483 1753 1518 1782 et

120 1810 329 1846 Masinissae
353 1815 528 1853 nepotem,
553 1813 716 1852 tanquam
741 1809 952 1842 vilissimum
977 1809 1192 1852 mancipium
1216 1820 1237 1842 a
1260 1809 1432 1843 Romanis
1454 1820 1517 1852 pro

121 1872 236 1907 lubitu
261 1872 318 1904 vel
339 1870 477 1913 necari,
502 1870 560 1903 vel
585 1870 658 1903 wita
683 1869 804 1903 donari
829 1880 928 1912 posse
950 1869 1054 1905 dicat.
1102 1869 1173 1903 Sed
1197 1871 1306 1904 verba
1329 1870 1436 1904 etiam
1454 1871 1517 1904 ob-

123 1937 237 1976 stant,
269 1931 439 1975 siquidem
471 1931 672 1971 Adherbal,
705 1930 735 1963 si
760 1931 940 1963 Romanos
972 1930 1216 1972 intellexisset,
1250 1943 1318 1965 non
1344 1931 1516 1965 invidioso

123 1993 296 2028 vocabulo
319 1993 444 2025 alienis
459 2018 470 2033 ‚
501 1993 560 2026 sed
584 1991 720 2035 potius,
746 1995 783 2024 ut
807 1990 843 2024 in
869 1995 941 2024 tota
963 1990 1143 2033 oratioue,
1169 1992 1291 2025 vestris
1317 2003 1397 2024 usus
1416 1995 1516 2024 esset.

121 2056 243 2099 Quare
268 2065 347 2098 opes
379 2054 517 2087 alienae
550 2053 746 2098 Iugurthae
769 2056 867 2092 sunt,
905 2062 927 2084 n.
950 2063 1018 2095 quo
1044 2056 1165 2086 exutus
1195 2051 1346 2094 imperio
1379 2051 1516 2085 Adher-

122 2116 183 2150 bal
206 2126 289 2149 saue
313 2117 461 2147 mortem
495 2113 618 2148 timere
642 2113 811 2154 debebat,
844 2123 955 2155 neque
986 2113 1138 2156 amplius
1163 2113 1272 2147 libere
1296 2112 1436 2146 vivendi
1457 2123 1516 2147 ar-

123 2175 270 2211 bitrium
294 2175 459 2208 habebat.

216 2239 248 2280 ξ.
274 2235 333 2269 24.
384 2235 504 2279 emori]
531 2233 732 2268 Gernhardi
755 2233 959 2267 sententium
983 2233 1027 2267 ad
1052 2232 1126 2267 Cic.
1150 2234 1224 2269 Cat.
1250 2233 1337 2267 Mai.
1362 2244 1394 2269 c.
1417 2234 1514 2274 xlx,

124 2298 181 2333 71.
205 2309 238 2341 p.
263 2296 345 2330 135.
373 2296 479 2329 emori
511 2296 556 2329 ab
589 2296 676 2328 mori
700 2295 855 2337 pleniore
891 2299 1025 2328 tuntum
1059 2306 1164 2334 sono,
1198 2295 1258 2328 scd
1283 2306 1350 2327 non
1374 2294 1515 2328 notione

123 2360 268 2394 diss'erre
291 2362 384 2393 recte
418 2357 595 2400 improbat
627 2357 758 2390 Ludov.
793 2357 1024 2391 Doederlinus
1056 2354 1091 2388 iu
1125 2355 1255 2399 Syuon.
1281 2356 1358 2389 Lut.
1384 2355 1429 2390 T.
1453 2355 1513 2389 111.

124 2433 158 2466 p.
184 2420 254 2454 183
276 2431 326 2462 sq.
360 2422 497 2452 secutus
529 2418 790 2459 Forcellinum,
824 2418 884 2461 qui
917 2417 1024 2451 cruori
1061 2428 1136 2449 csse
1168 2416 1253 2450 dicit
1286 2417 1422 2449 omnino
1456 2416 1513 2449 vel

123 2493 262 2528 prorsus
292 2481 400 2518 niori,-
439 2491 542 2522 quam
568 2479 838 2522 explicationem
868 2490 989 2511 vorum
1013 2490 1087 2510 csso
1111 2488 1176 2510 uon
1207 2478 1311 2510 modo
1340 2477 1514 2520 praefixae

127 2543 274 2576 voculae
298 2540 371 2579 vis,
405 2551 509 2583 quam
542 2539 795 2573 illustravimus
829 2540 872 2572 ad
903 2540 979 2572 Cut-
1010 2539 1168 2579 xm'ln,
1201 2538 1235 2571 4.
1272 2538 1396 2578 xmx,
1421 2536 1454 2569 ὅ.
1479 2542 1513 2570 et

128 2603 185 2643 Ll,
213 2603 283 2643 20„
315 2602 374 2635 sed
399 2601 505 2634 etium
536 2601 695 2643 exempla
726 2600 802 2643 ipsa
824 2600 909 2633 satis
933 2600 1172 2643 cmnprobuut.
1195 2600 1240 2632 cf.
1265 2599 1339 2631 Cat.
1366 2598 1453 2639 XX,
1477 2597 1511 2632 9.

129 2676 240 2698 uorum
273 2663 418 2696 emori
440 2674 504 2706 per
529 2663 691 2696 virtutem
713 2666 895 2705 praestat,
920 2672 1023 2704 quam
1048 2661 1194 2693 vitam
1227 2670 1260 2692 m
1276 2660 1447 2692 iseram
1466 2676 1511 2683 —

129 2735 191 2768 per
215 2724 362 2758 dedecus
389 2723 622 2761 amittere.
647 2722 682 2756 in
703 2733 786 2764 quo,
810 2721 1019 2755 Doedorlino
1041 2720 1167 2761 iudice,
1191 2720 1260 2754 boc
1283 2719 1390 2753 inest:
1406 2729 1511 2761 quam
