1630 3034
105 183 190 224 856
482 174 528 218 G.
559 175 877 220 SALLUSTI
909 175 1129 221 CRISPI

108 296 327 351 biturum3
359 291 407 337 id
443 291 560 337 adeo
593 298 767 338 mature
801 308 936 354 posse
965 294 1159 350 evenire,
1195 293 1230 338 si
1266 293 1364 354 ipse
1393 307 1501 339 con-

70 391 177 445 4sul
221 389 282 435 ad
326 389 374 435 id
409 390 580 434 bellum
619 390 777 435 missus
824 390 957 436 foret.
1029 390 1186 450 Itaque
1223 396 1269 435 et
1297 390 1422 436 illum
1459 396 1504 436 et

110 488 282 547 equites
316 487 571 542 Romanos,
607 487 766 532 milites
804 494 849 532 et
877 488 1208 549 negotiatores,
1243 488 1355 533 alios
1390 487 1502 549 ipse,

108 586 352 646 plerosque
391 599 494 644 spes
542 585 666 644 pacis
706 585 923 645 impellit,
966 585 1029 629 uti
1064 586 1262 630 Romam
1307 585 1367 630 ad
1403 599 1505 629 suos

109 681 381 740 necessarios
427 696 588 742 aspere
629 668 675 726 in
728 681 966 726 Metellum
1012 682 1071 727 de
1125 683 1248 727 bello
1296 683 1507 736 scribant,

68 779 304 833 5Marium
338 779 657 839 imperatorem
687 785 891 840 poscant.
928 780 1004 824 Sic
1043 779 1105 824 illi
1141 797 1167 825 a
1201 780 1349 825 multis
1381 795 1507 825 mor-

110 876 272 921 talibus
317 873 645 921 honestissuma
690 875 1014 936 suffragatione
1069 878 1324 922 consulatus
1371 882 1505 938 pete-

110 973 268 1027 batur3
323 973 453 1017 simul
504 988 558 1018 ea
598 978 867 1035 tempestate
904 974 1087 1034 plebes,
1132 975 1363 1020 nobilitate
1406 974 1508 1020 fusa

110 1139 195 1164 nam
219 1128 398 1172 advertat,
425 1139 531 1172 quam
556 1129 585 1164 is
602 1155 613 1174 ,
638 1127 700 1174 qui
725 1127 832 1173 dicit,
854 1128 1064 1174 primariam
1087 1129 1198 1165 videri
1222 1133 1257 1166 et
1278 1140 1363 1175 prae
1387 1128 1512 1165 ceteris

110 1190 265 1224 eminere
287 1189 384 1224 velit.

206 1252 240 1293 §.
264 1251 299 1285 4.
333 1250 461 1285 milites
484 1254 519 1284 et
545 1251 810 1298 negotiatores]
832 1252 933 1286 Haec
956 1251 1065 1286 verba
1087 1251 1250 1297 interprr.
1273 1251 1324 1286 ita
1348 1250 1512 1285 videntur

111 1312 338 1356 intellexisse,
361 1311 460 1355 quasi
483 1312 634 1347 alterum
660 1316 695 1347 et
718 1312 861 1347 tertium
885 1324 997 1358 genus
1020 1323 1162 1355 corum,
1196 1324 1283 1357 quos
1307 1312 1442 1347 Marius
1466 1312 1512 1346 ad

112 1374 337 1409 scribendum
360 1372 559 1416 impulerit,
584 1373 626 1407 iis
649 1373 923 1419 significaretur.
969 1374 1039 1408 Sed
1062 1374 1100 1409 id
1125 1375 1203 1409 fieri
1233 1385 1302 1408 non
1325 1384 1426 1418 posse
1449 1383 1512 1417 pa-

114 1439 165 1470 tet
186 1446 230 1470 ex
253 1433 532 1469 conformatione
566 1436 755 1470 verborum
789 1435 1086 1480 antecedentium,
1110 1447 1202 1480 quae
1224 1446 1333 1480 quum
1357 1433 1513 1479 particu-

112 1496 159 1532 lis
183 1501 218 1532 et
233 1516 277 1521 —
300 1500 334 1531 et
358 1494 619 1538 contineantur,
643 1508 714 1530 non
740 1500 853 1541 potest
877 1508 1008 1531 novum
1033 1497 1177 1541 aliquod
1200 1497 1275 1531 sine
1299 1496 1427 1540 copula
1449 1495 1512 1529 ad-

113 1557 188 1594 iici.
235 1556 424 1592 Praeterea
446 1556 579 1600 positus
609 1558 776 1592 vocabuli
801 1560 977 1593 Romanos
1001 1558 1172 1600 ostendit,
1208 1568 1299 1601 qnae
1322 1560 1514 1602 sequuntur

114 1619 223 1653 verba
255 1629 323 1652 non
353 1629 446 1652 nova
476 1617 662 1653 hominum
693 1629 824 1664 genera
849 1629 1075 1661 enumerare,
1109 1620 1170 1653 sed
1194 1619 1239 1653 ad
1265 1617 1513 1653 illustrandum

113 1691 223 1714 unum
255 1690 367 1724 genus
401 1678 584 1720 pertinere.
630 1679 750 1723 Quare
781 1680 890 1714 verba
914 1680 1041 1714 milites
1065 1686 1098 1715 et
1121 1685 1240 1726 negot.
1264 1679 1302 1713 vi
1324 1678 1514 1723 appositio-

114 1739 170 1775 nis
192 1740 366 1784 pertinent
390 1739 433 1773 ad
458 1740 606 1785 equites,
629 1751 716 1784 quos
739 1739 877 1774 Cortius
899 1744 992 1774 recte
1017 1741 1158 1785 quidem
1176 1742 1293 1775 monet
1317 1750 1386 1773 non
1408 1738 1513 1773 intel·

116 1801 276 1846 ligendos
307 1811 382 1835 esse
406 1800 448 1835 de
477 1801 654 1848 equitatu,
684 1801 743 1835 sed
775 1811 958 1845 perperam
983 1801 1057 1846 ipse
1081 1801 1329 1846 interpretatur
1353 1800 1512 1845 publica-

115 1873 192 1896 nos.
241 1861 332 1896 Sunt
355 1861 472 1905 potius
505 1862 665 1897 homines
689 1860 857 1905 equestris
891 1861 1042 1905 ordinis,
1076 1874 1227 1906 quorum
1251 1861 1379 1904 duplex
1402 1871 1514 1905 genus

115 1922 335 1969 significatur
358 1923 403 1957 ab
428 1927 591 1965 auctore,
613 1924 763 1957 alterum
786 1933 931 1963 eorum,
963 1923 1025 1966 qui
1058 1923 1093 1957 in
1118 1923 1272 1957 exercitu
1301 1921 1513 1963 militabant,

118 1985 293 2026 altorum,
331 1983 393 2027 qui
431 1984 720 2030 negotiabantur,
763 1983 1058 2027 quemadmodum
1097 1983 1248 2017 Weisius
1296 1983 1385 2016 bene
1413 1981 1514 2023 vidit,

117 2057 269 2090 quocum
292 2044 398 2079 simul
422 2045 736 2091 interpunctionem
753 2045 991 2089 mutavimus,
1024 2048 1218 2086 commate,
1251 2047 1290 2079 ut
1311 2055 1430 2078 sensus
1450 2055 1514 2088 po-

118 2108 238 2149 stulat,
264 2110 341 2151 post
357 2108 596 2153 negotiatores
615 2107 871 2151 posita—Pto
894 2117 997 2151 spes
1018 2106 1118 2152 pacis
1141 2106 1177 2158 in
1200 2104 1322 2140 multis
1340 2105 1441 2140 libris
1462 2107 1515 2139 est

118 2180 192 2214 spe
213 2169 333 2214 pacis,
357 2168 450 2212 qnod
474 2167 634 2211 librarii,
666 2167 898 2212 oppositionis
920 2167 1011 2202 inter
1033 2169 1106 2212 ipse
1130 2171 1166 2202 et
1187 2167 1280 2202 hanc
1301 2177 1423 2201 vocem
1448 2177 1514 2200 ne-

117 2230 314 2276 gligentes,
346 2228 548 2265 intulerunt.
596 2229 729 2264 Eadem
760 2227 988 2273 oppositionis
1020 2228 1113 2263 ratio
1146 2227 1276 2262 evincit
1302 2227 1411 2264 etiam
1435 2238 1514 2272 per-

120 2303 239 2336 peram
269 2291 304 2325 in
340 2290 461 2325 multis
491 2289 590 2325 codd.
623 2289 729 2324 scribi
761 2290 861 2334 pacis
891 2301 991 2335 spen,-
1025 2289 1060 2323 in
1090 2288 1306 2324 nominativo
1336 2288 1430 2324 enim
1462 2288 1517 2323 via
1544 2298 1555 2304 “

119 2351 286 2386 orationis
310 2351 409 2385 inest.

212 2414 246 2455 §-
270 2411 304 2447 5.
352 2413 406 2446 illi
437 2423 461 2446 a
494 2412 638 2458 multis]
673 2411 852 2456 Weisius,
891 2411 1008 2447 nescio
1032 2412 1148 2454 unde,
1181 2410 1271 2445 baec
1293 2409 1434 2444 inverso
1456 2419 1514 2443 or·

120 2472 201 2506 dine
231 2472 372 2517 scripsit
395 2485 419 2507 a
442 2475 560 2508 multis
582 2473 645 2508 illi.
693 2473 837 2508 Praeter
860 2472 960 2507 codd.
985 2473 1235 2508 auctoritatem
1259 2482 1377 2506 sensus
1408 2470 1514 2506 etiam

122 2544 164 2568 nc
187 2534 350 2578 loquendi
374 2545 457 2568 usus
488 2535 644 2579 postulat
673 2535 747 2577 illi,
773 2545 844 2578 quo
867 2545 947 2568 cum
978 2534 1013 2568 vi
1045 2534 1090 2569 ad
1119 2543 1365 2579 praegreoenm
1388 2542 1514 2565 nomen

122 2593 333 2636 remittitur,
365 2595 553 2640 praeponi,
589 2606 658 2630 non
689 2595 870 2637 intcrseri;
902 2595 948 2630 ct.
977 2596 1022 2630 nd
1055 2595 1162 2630 Catil.
1195 2605 1227 2629 c.
1247 2592 1350 2633 XLV,
1373 2591 1408 2625 2.
1434 2593 1512 2637 lug.

121 2655 215 2697 ΠΧ,
238 2655 272 2689 3.
292 2660 327 2689 et
349 2666 383 2690 v,
406 2656 552 2702 Grysar.
576 2657 650 2693 Art.
666 2655 789 2691 Latine
810 2655 983 2690 scribendi
1006 2667 1040 2701 p.
1063 2655 1110 2690 85
1121 2667 1225 2700 sq.-
1252 2654 1516 2699 suffragatione

123 2716 146 2750 i.
180 2728 210 2749 e.
243 2716 543 2751 commendatione
573 2717 628 2751 vel
661 2717 785 2752 studiis
820 2717 1023 2758 hominum,
1059 2727 1150 2761 quae
1182 2714 1277 2750 voci·
1309 2718 1459 2759 potesta·
1491 2726 1515 2749 n

123 2777 287 2822 suffragii
308 2778 459 2811 multum
482 2778 665 2821 discrepat.
716 2779 964 2813 Honestissima
988 2782 1106 2813 autom
1130 2777 1167 2811 h.
1191 2777 1214 2810 Ι.
1242 2779 1406 2817 vocatur,
1430 2775 1513 2819 quin
