1630 3034
174 219 258 259 loo
547 210 593 253 C.
625 209 951 253 SALLUSTI
981 209 1196 252 CRISPI

176 329 361 382 lentior,
407 325 656 387 Iugurthae
713 325 925 378 traditum
974 325 1094 368 illam
1148 325 1357 381 alteram,
1416 327 1567 386 specie

174 440 311 482 quam
345 439 429 468 usu
460 424 701 483 potiorem,
732 438 847 482 quae
876 422 1131 482 portuosior
1159 427 1203 465 et
1228 421 1440 466 aedificiis
1469 438 1565 466 ma-

174 521 243 581 gis
280 525 491 565 exornata
527 527 644 576 erat,
680 519 915 563 Adherbal
949 518 1164 577 possedit.

312 616 452 661 XVII.
501 616 595 660 Res
621 617 849 676 postulare
879 614 1057 659 videtur
1086 615 1268 658 Africae
1295 614 1425 658 situm
1453 628 1569 673 pau—

175 714 237 758 cis
275 727 528 772 exponere,
564 718 609 756 et
631 728 704 757 eas
733 713 902 773 gentis,
946 711 1212 770 quibuscum
1242 711 1369 755 nobis
1399 710 1571 754 bellum

142 808 262 854 2aut
297 808 489 853 amicitia
534 809 643 867 fuit,
686 810 918 870 attingere.
989 807 1082 853 Sed
1124 823 1238 866 quae
1273 808 1374 851 loca
1409 812 1455 851 et
1489 822 1570 850 na-

175 971 289 1015 XXX,
307 971 366 1013 Η,
388 970 422 1005 9.
448 971 601 1015 Herzog.
619 971 664 1004 ad
688 971 787 1004 Caes.
811 970 855 1004 B.
873 970 918 1005 G.
943 971 972 1012 1,
994 970 1030 1004 2.
1046 989 1090 994 —
1113 970 1219 1004 Illam
1245 969 1289 1003 ab
1314 968 1483 1002 Sallustio
1509 968 1573 1000 ad-

174 1031 287 1066 ditum
311 1043 407 1074 esse,
443 1031 527 1074 quia
550 1043 625 1065 rem
648 1031 847 1076 legentibus
869 1034 991 1065 notam
1015 1042 1090 1064 esse
1112 1034 1263 1071 statuat,
1299 1028 1383 1062 satis
1406 1027 1573 1072 probahi-

174 1092 255 1127 liter
286 1096 402 1126 censet
439 1091 671 1132 Gerlachius3
704 1092 765 1125 sed
798 1096 875 1126 tum
905 1096 1000 1126 recta
1030 1091 1169 1125 ratione
1201 1095 1317 1134 caret,
1353 1089 1443 1133 quod
1479 1089 1574 1122 idem

175 1154 295 1197 paullo
317 1156 398 1187 ante
411 1151 581 1197 praecipit
598 1153 655 1187 ille
674 1164 865 1197 pronomen
885 1152 1069 1196 aliquoties
1089 1151 1295 1185 redundare.
1344 1150 1431 1183 Cum
1456 1152 1575 1183 nostro

174 1214 254 1248 loco
280 1213 443 1247 convenit
473 1213 635 1247 laudatus
667 1224 688 1246 a
714 1212 905 1247 Gerlachio
930 1213 1003 1246 Cic.
1028 1213 1063 1247 in
1090 1212 1192 1246 Catil.
1218 1212 1276 1253 IV,
1300 1209 1335 1252 5,
1359 1211 1393 1245 9.
1423 1211 1453 1244 si
1478 1211 1574 1244 eritis

175 1275 284 1309 secuti
305 1275 515 1309 sententiam
541 1274 578 1308 C.
605 1275 787 1316 Caesaris,
813 1277 969 1318 sortasse
1002 1275 1115 1308 minus
1146 1277 1246 1307 erunt
1276 1272 1362 1306 mihi
1389 1272 1575 1316 populares

176 1337 325 1380 impetus
357 1336 648 1380 pertimescendi‚-
683 1335 748 1369 sim
780 1335 908 1368 illam
942 1336 1165 1375 alteram,
1207 1334 1320 1367 nescio
1353 1344 1400 1365 an
1425 1333 1574 1376 amplius

176 1395 262 1428 mihi
303 1395 439 1440 negotii
480 1397 720 1430 contrahatur.
756 1406 790 1429 V.
817 1395 925 1430 etiam
949 1396 994 1430 ad
1017 1408 1047 1430 c.
1071 1396 1190 1436 XXV,
1215 1394 1247 1428 2.
1272 1412 1318 1418 --
1353 1393 1511 1437 Speciem
1540 1397 1575 1425 et

178 1468 277 1489 usum
303 1455 521 1499 contrapouit
545 1456 652 1490 etiam
672 1457 787 1490 Plaut.
811 1456 916 1490 Most.
943 1457 980 1497 Ι,
1005 1456 1047 1498 2,
1073 1455 1131 1490 42.
1166 1461 1205 1490 ut
1228 1460 1261 1489 et
1276 1455 1313 1488 in
1341 1466 1467 1488 usum
1497 1454 1575 1488 born·

178 1521 212 1550 et
246 1517 282 1549 in
316 1516 517 1560 speciem
548 1518 673 1561 populo
699 1517 778 1551 sint.
812 1517 908 1550 Flor.
933 1518 1003 1560 111,
1028 1516 1086 1550 13.
1121 1521 1162 1550 ut
1184 1528 1252 1549 non
1275 1517 1311 1549 in
1339 1527 1489 1558 usum,
1521 1516 1574 1548 ita

178 1578 227 1611 ad
258 1577 395 1621 imperii
425 1577 618 1620 speciem
642 1588 778 1621 magna
804 1577 947 1610 nomina
973 1578 1160 1621 acquisisse
1181 1577 1362 1620 pulchrum
1381 1582 1485 1621 atque
1513 1576 1575 1609 de-

179 1649 307 1671 corum.
334 1637 685 1678 coam—Possedit,
709 1636 801 1678 quod
818 1637 878 1670 hic
894 1637 1048 1670 desendit
1064 1647 1085 1669 a
1105 1637 1257 1680 posside,
1282 1648 1314 1670 v.
1332 1638 1372 1670 F.
1398 1638 1440 1670 A.
1464 1636 1574 1670 Wolf.

176 1699 221 1732 ad
245 1699 337 1732 Tac.
364 1699 451 1731 Ann.
485 1698 536 1737 Π,
568 1696 608 1736 5,
633 1697 667 1730 3.
700 1697 833 1730 Hertel.
866 1697 911 1730 ad
947 1696 1068 1741 Agr-ic.
1103 1709 1132 1733 c.
1166 1697 1304 1739 XVIII,
1329 1698 1420 1730 med.
1446 1709 1479 1740 p.
1501 1696 1573 1738 36„

175 1771 244 1793 non
268 1763 320 1793 est
344 1758 500 1802 accepit,
524 1761 562 1791 ut
591 1755 747 1801 Langius
771 1756 940 1800 explicat,
961 1758 1021 1791 sed
1054 1757 1257 1801 occupavit‚·
1281 1757 1328 1793 ci.
1353 1757 1492 1799 xvln,
1516 1757 1573 1791 11.

181 1820 304 1853 Persae
328 1831 351 1852 a
373 1818 579 1863 parentibus
602 1818 754 1862 digressi
773 1819 954 1862 possedere
979 1829 1023 1851 ea
1047 1819 1144 1859 loca,
1180 1828 1270 1861 quae
1292 1829 1462 1862 proxuma
1487 1818 1574 1851 Car-

176 1880 361 1925 thaginem
394 1878 566 1914 Numidia
599 1878 820 1922 appellatum
851 1878 935 1912 ibid.
969 1881 1003 1922 §.
1037 1878 1093 1913 12.
1126 1878 1293 1920 XLwlI,
1324 1877 1359 1912 3.
1392 1882 1427 1912 et
1456 1877 1574 1913 Tacit.

177 1941 266 1975 Anu.
292 1940 397 1981 XIV,
422 1939 491 1983 21,
518 1938 552 1974 1.

273 2060 385 2096 xvn.
409 2063 442 2103 ἓ.
473 2060 507 2094 1.
526 2063 562 2094 et
582 2061 616 2096 2.
642 2061 713 2095 Res
734 2060 912 2104 postulare
934 2059 1073 2094 videtur
1092 2078 1134 2085 —
1151 2059 1332 2103 exponere]
1359 2057 1573 2093 Infinitimm

179 2132 220 2154 ex
245 2123 422 2165 postulare
450 2125 569 2165 aptum
594 2121 759 2156 Gerlach.
783 2131 846 2163 pro
871 2120 1008 2163 poetica
1032 2123 1205 2154 structura
1231 2120 1358 2160 habet,
1388 2119 1574 2153 immemor

180 2181 357 2226 praecepti
377 2181 430 2215 sui
444 2206 453 2223 ,
482 2181 524 2214 ad
543 2182 646 2214 Catil.
667 2182 708 2223 V,
729 2181 762 2216 ⁴.
785 2182 994 2214 Commentt.
1014 2193 1046 2224 p.
1066 2179 1123 2213 ⁴4.
1144 2180 1333 2224 propositi,
1367 2180 1574 2214 Sallustium

181 2242 325 2285 poeticis
346 2241 528 2276 structuris
552 2254 694 2285 prorsus
717 2242 903 2275 abstinere.
959 2242 1040 2284 Qua
1062 2241 1197 2274 ratione
1222 2244 1299 2284 post
1323 2241 1429 2275 verba
1453 2242 1574 2274 volun-

181 2302 260 2336 tatis
285 2307 346 2336 nut
368 2302 506 2335 consilii
531 2302 723 2336 infinitivus
749 2302 849 2335 nobis
872 2301 1011 2345 quidem
1044 2302 1179 2345 positus
1211 2301 1391 2341 videatur,
1422 2300 1574 2334 diximu-

179 2361 224 2395 nd
252 2363 328 2396 Cat.
357 2362 431 2404 LII,
456 2363 515 2396 24.
542 2374 575 2407 p.
593 2363 674 2397 273.
699 2364 745 2398 cf.
770 2364 846 2407 lug.
879 2363 976 2404 xlx,
1003 2362 1038 2395 2.
1064 2363 1133 2396 alio
1155 2373 1413 2406 properare
1440 2367 1575 2405 tempu·

181 2426 307 2456 monet.
336 2422 451 2456 Tacit.
478 2425 567 2457 Anu.
591 2424 658 2466 vt,
685 2423 754 2465 45,
778 2423 811 2457 4.
861 2424 981 2458 Macro
1005 2424 1256 2467 impulerat
1284 2422 1431 2455 Enniam
1456 2432 1575 2456 amore

182 2483 340 2516 iuvenem
366 2483 562 2521 illicere.
586 2485 657 2526 XI,
685 2484 751 2524 29,
775 2486 860 2517 extr.
897 2484 1082 2517 Narcissus
1107 2484 1197 2517 duas
1229 2483 1369 2527 pellices
1397 2493 1573 2526 perpu-

181 2543 240 2576 tit
273 2543 483 2576 delationem
521 2545 647 2578 subire.
681 2545 728 2581 cf.
763 2543 913 2587 Ruperti
946 2543 992 2577 ad
1027 2545 1128 2577 eund.
1156 2544 1227 2584 XI,
1252 2544 1284 2577 1.
1310 2542 1571 2576 Drakenborch.

179 2602 224 2637 ad
256 2602 333 2636 Liv.
371 2603 556 2646 xxxvn,
590 2605 658 2646 ¹29,
692 2605 727 2638 7.
760 2604 808 2639 id.
844 2605 926 2645 XL,
958 2603 1027 2646 38,
1059 2604 1095 2639 3.
1135 2605 1312 2638 Cornelius
1351 2608 1385 2636 et
1419 2603 1573 2636 Baebius

180 2663 424 2698 edixerunt
437 2690 445 2704 ,
468 2664 617 2710 Ligures
633 2666 677 2698 ab
694 2665 806 2699 Anido
828 2665 999 2698 montibus
1016 2665 1039 2699 d
1052 2676 1069 2698 e
1082 2665 1310 2698 uendere.
1332 2662 1569 2696 Ruddimann.

180 2723 306 2758 Institt.
337 2725 497 2758 Gmmm.
531 2725 578 2760 T.
613 2725 658 2758 11.
685 2737 717 2768 p.
742 2725 824 2759 235.
842 2726 1056 2760 Ramshorn.
1074 2725 1234 2759 Granum.
1260 2724 1335 2758 Lat.
1362 2723 1395 2766 §.
1420 2722 1499 2757 168.
1526 2723 1569 2757 B.

176 2783 210 2819 2.
238 2788 307 2819 not.
332 2784 364 2821 4.
392 2796 425 2827 p.
448 2784 529 2820 ⁴29.
556 2803 598 2811 -
625 2785 693 2818 Pro
707 2787 942 2829 frequentata
967 2785 1001 2818 in
1025 2785 1105 2820 Son.
1129 2785 1163 2819 2.
1188 2785 1313 2817 neum.
1331 2788 1366 2816 et
1386 2783 1510 2817 vratis.
1534 2783 1568 2817 2.
