1630 3034
107 164 193 204 408
482 155 528 198 G.
561 153 881 197 SALLUSTI
911 153 1128 197 CRISPI

111 276 245 321 rebus
282 270 490 330 studere,
536 269 777 316 advorsum
823 286 959 330 quem
994 287 1140 330 neque
1175 272 1363 331 imperia
1395 287 1495 316 rna-

117 372 382 432 gistratuum
424 382 579 426 neque
615 368 742 428 leges
789 367 1000 412 valerent,
1079 367 1138 412 Ni
1177 368 1224 412 id
1255 356 1498 423 festinaret,

117 469 164 513 in
209 481 384 512 summo
431 465 634 525 periculo
689 479 814 508 suam
860 464 1047 508 salutem
1066 498 1078 522 ,
1134 465 1311 508 illorum
1357 465 1501 509 socios

81 564 232 612 2fore.
301 563 420 607 Nam
454 562 682 621 Leptitani
715 562 805 605 iam
829 561 933 605 inde
969 577 996 605 a
1030 561 1250 622 principio
1283 561 1392 606 belli
1426 561 1504 605 Iu-

121 659 321 722 gurthini
353 657 413 702 ad
446 658 647 703 Bestiam
677 658 906 703 consulem
937 663 981 702 et
1008 663 1171 718 postea
1195 659 1393 703 Romam
1421 658 1507 702 mi-

89 761 303 812 3serant,
358 755 594 800 amicitiam
646 756 992 814 societatemque
1043 761 1290 816 rogatum3
1334 755 1511 812 deinde,

123 892 327 937 Leptitanos
347 901 474 925 revera
496 892 738 926 Romanorum
761 891 876 925 socios
899 890 1025 933 fuisse,
1053 894 1093 925 ut
1117 891 1226 936 legati
1250 890 1418 925 dixerant.
1465 891 1515 924 Il-

126 955 237 988 lorum
260 956 378 988 autem
402 952 447 986 ad
469 951 609 997 synesin
632 951 764 986 dictum
788 956 861 994 est,
883 951 1053 987 Romanis
1075 962 1143 985 non
1166 952 1353 986 nominatis
1375 952 1518 996 quidem

126 1014 165 1049 in
189 1013 496 1055 antecedentibus,
530 1013 590 1046 sed
613 1012 796 1047 intellectis
820 1017 958 1054 tamen;
992 1023 1074 1046 nam
1099 1012 1160 1055 qui
1183 1013 1231 1046 ad
1256 1013 1435 1046 Metellum
1458 1022 1519 1046 ve-

129 1081 257 1110 nerant
293 1075 407 1120 legati
439 1074 608 1108 auxilium
638 1079 825 1118 rogantes,
862 1085 930 1106 non
958 1074 1002 1106 ad
1027 1072 1115 1107 alios
1139 1084 1245 1116 quam
1270 1072 1312 1106 ad
1338 1073 1520 1106 Romanos

130 1136 377 1180 confugerant.
424 1134 572 1168 Prorsus
596 1133 710 1176 inepte
732 1134 843 1178 igitur
866 1133 1018 1167 lVeisius
1042 1134 1178 1167 illorum
1202 1144 1266 1175 pro
1287 1143 1364 1166 suos
1388 1132 1522 1165 dictum

130 1200 256 1242 putans
279 1197 324 1230 ad
346 1193 546 1239 Leptitanos
569 1195 688 1229 refert.
735 1195 833 1228 Idem
856 1200 890 1229 ct
914 1198 993 1228 ante
1014 1195 1149 1228 illorum
1173 1193 1302 1234 intulit,
1326 1193 1420 1236 quod
1441 1203 1524 1226 sane

133 1257 332 1301 complures
365 1255 464 1290 codd.
495 1256 646 1297 habent3
685 1255 746 1289 sed
779 1256 943 1298 copulam
973 1256 1018 1288 ab
1041 1254 1348 1298 interpolatoribus
1376 1264 1451 1288 esse
1471 1253 1526 1287 in-

135 1322 266 1352 sertam
297 1327 418 1351 sensus
449 1316 520 1350 loci
545 1317 778 1359 demonstrat,
799 1314 972 1359 siquidem
995 1315 1173 1360 Leptitani
1195 1326 1237 1350 eo
1261 1314 1413 1349 maxime
1437 1314 1526 1349 nite-

137 1380 287 1421 bantur,
310 1377 404 1421 quod
427 1377 552 1419 iidem,
579 1388 729 1420 quorum
753 1377 845 1411 salus
869 1377 1143 1421 periclitaretur,
1175 1375 1262 1411 socii
1286 1377 1527 1410 Romanorum

139 1443 272 1480 essent;
304 1444 338 1473 et
361 1449 445 1472 vero
469 1438 612 1472 illatum
646 1437 759 1471 socios
792 1438 880 1471 alios
903 1449 977 1471 esse
999 1438 1189 1478 indicaret,
1223 1447 1329 1480 quam
1352 1436 1394 1470 de
1418 1437 1530 1471 salute

139 1499 274 1536 anxios.
320 1499 440 1543 Neque
461 1502 579 1533 tamen
600 1498 666 1532 illa
690 1499 800 1532 verba
823 1510 888 1542 pro
906 1499 1122 1542 appositione
1145 1498 1307 1533 habenda
1328 1501 1419 1538 sunt,
1441 1508 1532 1541 quae

142 1563 320 1594 structura
350 1570 557 1603 praegresso
589 1559 783 1603 possessivo
817 1559 1020 1603 pronomine
1042 1559 1237 1604 genitivum
1262 1563 1441 1602 posceret,
1472 1559 1533 1594 sed

142 1624 310 1664 tanquam
333 1620 483 1654 alteram
507 1624 542 1654 et
563 1620 768 1664 graviorem
790 1631 950 1654 caussam
968 1620 1078 1664 legati
1099 1621 1266 1661 referunt,
1293 1621 1535 1654 Romanorum

144 1681 252 1717 socios
274 1680 310 1713 in
340 1679 497 1724 periculo
528 1681 615 1716 fore.
661 1680 764 1722 Quod
787 1691 895 1723 quum
918 1681 962 1714 ad
995 1681 1214 1714 maiestatem
1239 1682 1360 1725 populi
1383 1683 1536 1716 Romani

148 1744 348 1786 spectaret,
372 1743 531 1784 apertum
555 1743 631 1781 est,
664 1740 743 1774 illos
775 1741 844 1774 hoc
872 1741 985 1775 dicere
1017 1742 1131 1774 velle:
1157 1741 1194 1774 ni
1219 1741 1254 1773 id
1283 1743 1476 1785 festinaret,
1499 1743 1536 1776 in

147 1812 286 1837 summo
316 1801 472 1845 periculo
503 1812 584 1834 non
621 1802 760 1835 solum
795 1813 896 1835 suam
928 1804 1099 1844 salutem,
1145 1802 1222 1836 scd
1262 1802 1405 1836 etiam
1428 1805 1538 1838 maie-

147 1867 278 1897 statem
306 1861 425 1906 populi
449 1862 491 1896 R.
516 1862 604 1895 fore.
652 1861 723 1895 Sed
745 1866 868 1896 auctor
890 1863 1073 1896 brevitatis
1096 1866 1130 1896 et
1151 1861 1391 1896 concinnitatis
1424 1865 1539 1899 studio

149 1922 237 1959 satis
259 1921 387 1956 habuit
419 1923 519 1956 sociis
543 1921 729 1956 nominatis
753 1934 912 1957 caussam
936 1935 999 1967 pro
1023 1924 1151 1957 effectu
1175 1923 1402 1968 significasse.
1448 1926 1540 1961 Nam

151 1984 251 2019 sociis
275 1984 381 2018 laesis
405 1982 482 2027 ipsa
506 1982 662 2017 Romani
688 1982 827 2026 imperii
851 1985 1018 2018 maiestas
1042 1984 1306 2027 despiciebatur.

246 2071 280 2116 §-
303 2072 338 2105 2.
384 2071 458 2104 iam
481 2071 582 2115 inde]
609 2072 679 2105 Pro
705 2071 786 2106 inde
811 2072 946 2116 aliquot
969 2072 1052 2107 libri
1074 2073 1205 2107 habent
1229 2078 1311 2108 ante
1334 2075 1391 2108 vel
1414 2080 1544 2119 antea,-

154 2133 234 2167 r‘nde
259 2133 373 2166 solum
398 2132 493 2166 deest
515 2132 551 2166 in
574 2133 692 2172 Rodl„
716 2135 864 2176 utraque
892 2138 1009 2168 autem
1033 2145 1102 2168 vox
1125 2134 1300 2168 omittitur
1323 2134 1359 2168 in
1383 2135 1488 2170 Fabr.
1508 2137 1544 2172 2.

156 2194 275 2229 Guelt'.
302 2194 373 2235 1⁰„
397 2194 488 2227 unde
511 2194 649 2228 Curtius
671 2194 761 2227 haec
785 2205 849 2237 pro
872 2195 1118 2230 additamentis
1141 2196 1259 2230 habet.
1307 2195 1378 2229 Sed
1402 2197 1547 2232 minime

155 2254 378 2289 sollicitanda
413 2256 491 2287 sunt
524 2254 654 2296 verba,
688 2248 891 2298 saepissime
921 2258 1015 2301 apud
1036 2258 1176 2291 Livium
1201 2257 1310 2298 lecta,
1344 2261 1382 2292 ut
1402 2259 1550 2294 ostendit

158 2315 421 2350 Drakenborch.
448 2315 493 2348 ad
518 2315 544 2356 Ι,
568 2315 603 2356 2,
626 2315 660 2349 3.
680 2336 726 2342 -
760 2316 811 2349 De
843 2318 961 2352 verbis
992 2319 1183 2352 amicitiam
1206 2319 1470 2364 societatemque
1492 2331 1550 2354 ro-

159 2380 284 2422 gatum
317 2387 350 2410 v.
376 2376 420 2409 ad
454 2387 484 2410 c.
509 2376 648 2418 xxiv,
671 2376 705 2412 3.
741 2388 774 2420 p.
801 2377 880 2410 143.
915 2379 994 2412 coll.
1027 2380 1250 2414 annotatione
1281 2380 1326 2413 ad
1351 2392 1381 2415 c.
1407 2381 1550 2424 LXXX,

160 2437 195 2470 4.
223 2457 264 2462 —
290 2437 373 2471 Post
395 2437 585 2480 impetrata
610 2436 711 2470 multi
736 2437 818 2472 libri
844 2439 975 2474 liabent
990 2443 1116 2484 sucre,
1153 2441 1272 2475 Guelt'.
1298 2441 1332 2475 6.
1363 2452 1447 2476 vero
1470 2446 1551 2476 ante

163 2497 300 2539 impetr.
347 2496 419 2530 Atii
445 2497 628 2531 ostendunt
651 2503 751 2540 sunt,
781 2499 841 2533 sed
875 2512 942 2533 non
979 2501 1102 2534 codem
1128 2501 1224 2545 loco,
1258 2513 1348 2544 quae
1370 2515 1425 2537 res
1446 2503 1551 2537 fidem

165 2556 252 2590 facit
283 2567 404 2590 veram
437 2557 646 2601 scripturam
680 2570 739 2593 eos
772 2560 871 2595 codd.
896 2562 1086 2605 praebere,
1119 2561 1180 2605 qui
1206 2562 1313 2597 verbo
1336 2562 1551 2598 substantivo

164 2628 306 2660 prorsus
330 2622 470 2659 carent,
507 2617 543 2652 in
574 2619 701 2662 quibus
733 2624 811 2654 sunt
835 2621 919 2658 Naz.
956 2622 1035 2656 Son.
1061 2623 1094 2656 1.
1125 2623 1208 2656 Bas.
1230 2623 1262 2655 1.
1288 2623 1376 2657 Tur.
1402 2624 1433 2657 1.
1456 2623 1551 2657 Leid.

168 2678 208 2711 L.
233 2677 344 2711 Puris.
369 2678 404 2711 b.
430 2690 460 2713 c,
486 2691 518 2712 x.
544 2691 574 2713 z.
602 2681 721 2714 Berol.
742 2682 771 2714 l.
798 2692 839 2715 ac
862 2683 1013 2716 sederim
1039 2683 1112 2718 alii.
1149 2684 1301 2718 Temere
1324 2682 1426 2726 Bipp.
1450 2682 1554 2716 simul

170 2737 230 2771 ubi
254 2748 295 2772 ex
328 2738 528 2774 coniectura
552 2740 754 2776 omiserunt.
779 2760 821 2767 —-
859 2743 985 2777 Nave
1009 2746 1171 2787 fecerant
1194 2743 1229 2777 in
1254 2753 1384 2788 magna
1407 2742 1556 2787 scriptu-
