1630 3034
446 192 783 237 CATILINA.
854 193 987 238 CAP.
1026 189 1114 238 LV.
1390 202 1472 242 291

93 299 354 369 novaretur,
412 309 690 356 Triumviros
736 324 854 370 quae
899 311 1172 372 supplicium
1218 300 1474 372 postulabat

91 409 273 466 parare
298 401 444 456 iubet3
488 402 611 462 ipse,
661 400 883 462 dispositis
916 402 1185 464 praesidiis,
1228 404 1513 451 Lentulum2

90 498 138 542 in
173 508 402 542 carcerem
436 485 619 538 deducit
629 507 642 546 3
675 492 798 538 idem
830 495 883 539 fit
917 495 1072 541 ceteris
1106 510 1191 555 per
1224 496 1472 542 Praetores.

91 588 176 633 Est
220 587 346 632 locus
390 584 436 628 in
480 598 686 642 carcere,
733 585 860 644 quod
894 586 1155 632 Tullianum
1203 588 1515 648 appellatur,3

91 679 170 724 ubi
203 677 455 738 paullulum
498 676 782 723 descenderis
817 677 878 722 ad
910 677 1111 735 laevam,
1145 679 1321 725 circiter
1355 680 1475 724 duo-

91 769 240 815 decim
275 767 419 829 pedes
453 767 581 814 humi
616 767 865 830 depressus
935 769 1056 815 Eum
1099 771 1301 817 muniunt
1344 772 1477 818 undi-
1490 777 1513 819 4-

89 925 180 969 quod
213 924 305 958 exire
337 922 570 967 prohibentur.
619 925 661 957 In
690 925 753 958 hoc
780 935 881 969 pars,
916 936 1004 970 quae
1027 926 1088 960 sub
1115 930 1232 967 terra,
1264 926 1480 966 Tullianum,

91 982 169 1016 ideo
202 981 292 1026 quod
324 981 483 1014 additum
517 993 540 1015 a
567 982 682 1015 Tullio
713 994 810 1027 rege.
870 983 957 1017 Eius
996 984 1127 1018 mentio
1159 988 1212 1018 est
1251 984 1359 1018 etiam
1389 984 1481 1027 apud

89 1038 244 1079 Livium,
267 1039 396 1080 XXIX,
413 1039 471 1082 22,
491 1040 548 1074 10.
586 1039 712 1073 Eidem
735 1040 841 1074 etiam
865 1051 991 1074 nomen
1014 1041 1083 1074 fuit
1105 1042 1219 1082 robur,
1243 1051 1277 1073 v.
1304 1040 1482 1074 Ernestius

91 1097 137 1130 ad
162 1096 281 1131 Tacit.
304 1095 494 1138 Ana11.1v,
509 1096 576 1138 29,
599 1096 748 1129 med.—-
771 1098 1030 1139 Kunhardtum,
1053 1097 1114 1142 qui
1136 1097 1325 1132 relativum
1354 1107 1482 1143 genere

91 1154 137 1186 ab
157 1152 313 1196 sequenti
337 1153 551 1186 substantivo
575 1155 695 1196 aptum
713 1165 839 1197 parum
861 1158 1022 1188 accurate
1044 1154 1175 1188 dictum
1199 1159 1323 1197 censet,
1336 1155 1483 1189 meliora

91 1210 214 1243 (locere
236 1213 346 1253 potest
358 1209 538 1252 Zumptius
550 1209 709 1243 Gramm.
733 1211 810 1244 Lat.
835 1213 867 1253 ἓ.
885 1211 944 1254 69,
961 1212 996 1245 4.
1015 1215 1084 1246 not.
1104 1212 1230 1256 p.3oo.
1256 1212 1484 1246 Gernhardus

91 1267 137 1301 ad
162 1267 235 1301 Cic.
259 1267 354 1300 Lael.
381 1278 410 1300 c.
429 1266 486 1307 14,
503 1266 559 1302 50.
593 1270 627 1301 et
650 1267 812 1301 Bremius
836 1269 881 1302 ad
911 1269 983 1304 Cic.
1020 1269 1063 1302 de
1085 1270 1177 1304 Fato
1201 1281 1231 1304 c.
1254 1269 1302 1312 1.,
1325 1270 1370 1304 ad
1392 1269 1482 1313 Nep.

89 1323 186 1357 Milt.
205 1322 240 1366 4,
260 1322 294 1357 3.
319 1326 353 1356 et
377 1324 421 1358 ad
446 1324 623 1369 Thrasyb.
644 1325 679 1367 2,
697 1325 730 1358 1.
764 1325 891 1368 quibus
916 1325 1036 1367 addas,
1061 1326 1090 1359 si
1115 1325 1204 1360 tanti
1227 1331 1297 1369 est,
1321 1326 1482 1361 Perizon.

91 1382 137 1416 ad
160 1379 275 1415 Sanct.
300 1380 387 1416 Min.
407 1382 464 1423 lv,
485 1383 541 1416 12.
565 1394 598 1425 p.
615 1382 696 1416 392.
736 1382 803 1416 Ed.
829 1383 872 1417 B.
896 1383 1086 1426 Wopkens.
1112 1383 1221 1418 Lectt.
1246 1383 1344 1418 Tull.
1368 1395 1405 1428 p.
1424 1382 1481 1417 31.

91 1438 260 1472 Vechner.
286 1437 460 1472 Hellenol.
486 1451 520 1482 p.
543 1439 624 1473 252.
649 1451 699 1483 sq.

185 1494 423 1539 descenderis]
467 1496 521 1530 Ita
560 1501 612 1530 est
643 1495 680 1529 in
712 1495 795 1528 Bas.
825 1495 860 1530 3.
906 1497 1008 1530 Rem.
1036 1494 1069 1529 1.
1096 1495 1130 1530 2,
1175 1494 1257 1532 Sen.
1287 1495 1323 1531 2.
1355 1496 1482 1531 Frane.

92 1553 165 1587 Ine.
192 1553 226 1586 1.
268 1553 436 1586 Commel.
468 1554 545 1586 Pal.
575 1553 609 1586 2.
651 1564 698 1586 m.
735 1564 803 1586 see.
836 1556 873 1587 et
910 1554 1015 1587 Bern.
1044 1552 1099 1594 1.,
1133 1553 1259 1587 relicui
1290 1554 1487 1588 ascenderis

91 1613 229 1652 teuent,
260 1611 353 1654 quod
387 1610 451 1643 ulli
473 1609 615 1653 probari
638 1610 789 1654 potuisse
821 1610 881 1644 vix
904 1609 1072 1644 credibile
1094 1609 1256 1652 videtur,
1286 1611 1338 1644 rei
1360 1615 1486 1645 natura

91 1671 328 1713 repugnante,
359 1670 394 1701 et
426 1670 544 1702 tamen
567 1667 739 1711 Bipontt.‚
763 1668 942 1713 Langius,
966 1668 1030 1701 alii
1052 1667 1103 1701 ita
1129 1667 1320 1701 ediderunt.
1366 1667 1485 1710 Neque

94 1726 285 1770 quicquam
328 1725 456 1759 lucrati
498 1728 597 1766 sunt,
649 1725 709 1768 qui
751 1737 833 1760 cum
879 1725 1000 1760 Cortio
1039 1724 1211 1759 Palmerii
1250 1724 1484 1758 coniecturam

96 1784 287 1818 ascenderis
325 1782 602 1826 amplectuntur3
645 1783 827 1817 escendere
857 1782 951 1816 enim
982 1781 1094 1816 veteri
1129 1782 1252 1826 lingua
1285 1781 1379 1814 idem
1411 1784 1487 1814 erat

95 1845 201 1884 atque
224 1840 430 1881 ascendere,
464 1851 499 1873 v.
526 1840 607 1873 Car.
641 1839 758 1874 Beier.
792 1839 838 1874 ad
871 1840 944 1876 Cic.
981 1841 1024 1873 de
1056 1838 1128 1873 Off.
1158 1839 1228 1880 111,
1254 1837 1323 1880 20,
1353 1837 1411 1872 80.
1454 1840 1487 1872 et

97 1898 316 1932 Gronovium
348 1900 454 1940 atque
483 1896 747 1930 Drakenborch.
779 1897 824 1931 ad
846 1897 922 1931 Liv.
950 1898 993 1939 ΙΙ,
1022 1897 1080 1938 28,
1106 1897 1139 1931 6.
1172 1896 1328 1940 plurima
1361 1906 1488 1939 conge-

95 1958 233 1999 rentes,
271 1964 486 1998 quamquam
508 1953 671 1987 Bremius
695 1954 740 1987 ad
763 1954 849 1997 Nep.
875 1954 1048 1988 Themist.
1074 1953 1108 1995 8,
1134 1953 1168 1987 6.
1203 1953 1384 1987 escendere
1412 1955 1487 1985 tum

96 2012 166 2046 dici
188 2012 333 2053 statuit,
366 2010 396 2045 si
420 2010 497 2053 quis
520 2008 655 2043 maiore
679 2011 894 2045 contentione
917 2011 953 2045 in
975 2012 1093 2045 locum
1117 2008 1301 2044 editiorem
1324 2008 1487 2049 enitatur,

99 2080 205 2111 quam
229 2068 436 2102 sententiam
460 2067 610 2111 praeivit
633 2066 673 2099 F.
698 2067 739 2099 A.
764 2067 914 2102 Wolfius
938 2068 982 2103 ad
1005 2068 1101 2101 Suet.
1125 2068 1222 2101 Caes.
1247 2077 1277 2102 c.
1301 2066 1358 2100 61.
1384 2065 1488 2109 Quod

98 2126 238 2159 Cortius
267 2136 352 2159 vero
384 2136 454 2158 non
497 2135 694 2165 ascensum,
730 2125 789 2157 sed
822 2125 938 2168 potius
976 2124 1171 2168 ingressum
1204 2125 1239 2157 et
1267 2132 1485 2167 progressum

100 2182 169 2214 hoc
192 2183 300 2214 verbo
325 2180 519 2224 significari
546 2184 665 2224 putat,
697 2178 733 2213 id
765 2181 897 2224 pariter
926 2185 1047 2215 contra
1081 2179 1219 2214 dicendi
1250 2190 1354 2213 usum
1385 2182 1489 2222 atque

102 2242 225 2272 contra
258 2237 327 2270 loci
359 2236 563 2270 sententiam
596 2241 658 2269 est.
713 2237 937 2271 Descenderis
969 2241 1087 2272 autem
1118 2237 1219 2271 unice
1248 2246 1372 2270 verum
1403 2246 1489 2276 esse,

103 2297 196 2329 clare
221 2293 430 2338 intelligitur
464 2304 505 2326 ex
536 2292 756 2335 sequentibus
789 2295 927 2336 verbis,
962 2295 1088 2338 quibus
1121 2297 1220 2338 patet
1252 2291 1490 2327 antecedentia

103 2353 272 2397 explicari
296 2349 562 2393 accuratiusque
586 2349 744 2392 definiri;
779 2362 863 2385 nam
887 2352 918 2385 si
949 2352 1012 2385 ille
1043 2353 1141 2386 locus
1173 2350 1352 2385 duodecim
1379 2350 1488 2393 pedes

107 2412 202 2445 humi
228 2411 406 2454 depressus
431 2407 515 2445 fuit,
546 2406 689 2441 totidem
723 2409 853 2453 pedum
883 2410 1061 2443 descensus
1090 2420 1165 2443 esse
1193 2406 1323 2441 debuit.
1371 2408 1488 2450 Quam

104 2478 206 2511 saepe
230 2466 456 2505 descendere,
493 2465 672 2498 escendere
705 2470 740 2499 et
763 2466 947 2500 ascendere
971 2463 1114 2498 confusa
1142 2464 1272 2500 fuerint
1293 2476 1361 2499 non
1384 2465 1488 2499 modo

59 2550 64 2557 .
107 2526 230 2558 docent
255 2522 431 2556 Ciceronis
464 2526 497 2555 et
520 2522 614 2555 Livii
639 2523 712 2570 loci
733 2521 889 2565 laudati,
921 2521 981 2556 sed
1011 2521 1116 2556 etiam
1139 2525 1244 2557 testes
1275 2526 1354 2557 sunt
1384 2522 1489 2556 inter—

109 2585 221 2624 pretes
245 2580 293 2613 ibi
318 2579 438 2621 citati,
461 2579 638 2613 Ernestius
661 2579 697 2612 in
720 2580 817 2613 Clav.
843 2579 915 2613 Cic.
939 2590 973 2612 v.
999 2579 1197 2621 escendere,
1220 2582 1255 2614 et
1278 2579 1491 2615 Goerenzius

108 2638 153 2672 ad
177 2637 249 2671 Cic.
278 2637 320 2670 de
343 2637 447 2670 Finn.
471 2637 532 2678 Ill,
554 2636 612 2677 10,
630 2636 687 2670 33.

202 2695 322 2739 humi]
362 2694 464 2730 Hanc
506 2703 628 2727 vocem
674 2704 744 2727 non
778 2693 924 2727 dixerim
955 2702 1036 2725 cum
1066 2692 1303 2728 Ramshornio
1335 2693 1492 2729 Gramm,

1089 2751 1217 2795 19*
