1630 3034
458 179 819 223 IUGURTHA.
880 180 1012 223 GAP.
1046 179 1202 223 LXIII.
1429 185 1512 225 337

126 297 185 341 lia
212 297 427 357 portendi
462 297 687 358 haruspex
723 297 917 350 dixerat3
953 296 1168 357 proinde,
1214 311 1329 355 quae
1363 297 1510 341 animo

127 395 348 455 agitabat,
388 394 526 438 fretus
574 394 640 438 dis
685 400 867 454 ageret,
904 394 1128 437 fortunam
1164 408 1297 451 quam
1339 394 1508 453 saepis—

125 506 250 534 sume
295 491 603 550 experiretur,
661 497 818 534 cuneta
877 504 1097 549 prospera
1154 495 1378 533 eventura.
1450 490 1547 536 Ate

126 587 249 631 illum
283 588 370 630 iam
406 594 536 630 antea
572 587 821 630 consulatus
854 587 1013 646 ingens
1047 585 1212 644 cupido
1243 585 1510 645 exagitabat,

125 697 150 731 i.
174 709 205 731 e.
237 697 361 731 hostiis
384 696 493 731 caesis
515 697 671 740 extisque
700 696 861 740 inspectis
895 696 954 740 qui
988 695 1134 729 deorum
1170 696 1205 728 in
1236 696 1349 739 ipsum
1377 696 1513 730 animus

124 761 214 792 esset
239 757 440 800 exquirenti.
486 757 640 791 Marium
665 761 779 791 autem
804 756 1080 800 superstitiosum
1105 755 1212 789 fuisse
1235 760 1268 790 et
1285 755 1515 801 religionibus

128 817 290 851 omnibus
314 817 419 850 nimis
445 818 599 852 deditum
624 828 812 863 cognoscas
845 828 887 850 ex
910 817 1103 851 Plutarcho
1118 843 1127 860 ‚
1151 816 1226 850 vita
1249 817 1340 850 Mar.
1364 828 1394 851 e.
1420 817 1511 851 vm.

124 882 160 912 et
183 890 225 912 ex
249 877 415 912 Frontino
440 879 466 914 I.
492 879 547 913 11.
596 880 750 913 Eundem
776 878 1110 921 interpretandarum
1143 876 1355 922 religionum
1378 877 1514 921 peritis-

124 939 253 973 simum
286 939 393 972 fuisse
424 940 532 974 tradit
566 941 679 974 valer.
712 940 806 973 Max.
832 939 869 980 Ι,
893 938 937 981 5,
961 938 994 972 5.
1020 939 1128 972 Con‘r.
1152 956 1194 964 —
1219 939 1288 972 Pro
1305 939 1514 983 supplicanti

124 1000 263 1034 eortius
287 999 425 1043 scripsit
447 1002 664 1045 supplicante
681 1025 690 1041 ,
716 1004 755 1033 ut
778 1005 830 1033 est
854 1000 888 1032 in
913 1000 1056 1035 Eccard.
1081 1005 1115 1033 et
1142 999 1259 1033 Guelf.
1284 998 1317 1032 4.
1343 1010 1364 1033 a
1388 1010 1436 1033 m.
1459 1010 1511 1042 pr.

125 1061 196 1095 Sed
221 1060 325 1094 huius
349 1062 544 1104 scripturae
565 1061 753 1094 auctoritas
776 1065 917 1094 externa
942 1065 1012 1095 tam
1037 1064 1088 1094 est
1111 1059 1257 1104 exigua,
1281 1059 1416 1093 interna
1440 1063 1513 1092 tam

125 1122 235 1162 nulla,
260 1126 297 1155 ut
319 1121 444 1155 merito
468 1121 623 1164 plerique
646 1122 794 1156 editores
818 1122 861 1155 ad
888 1122 1074 1166 vulgatam
1100 1121 1276 1159 redierint,
1299 1131 1513 1164 quamquam

125 1183 232 1226 Bipp.
256 1186 292 1215 et
318 1182 509 1215 Muellerus
534 1182 729 1216 ablativum
759 1182 986 1217 retinuerunt.
1033 1175 1136 1216 Patet
1159 1182 1251 1215 enim
1276 1181 1413 1214 dixerat
1435 1191 1513 1214 ver-

125 1243 211 1276 bum
235 1254 303 1275 non
327 1240 482 1276 absolute
506 1253 580 1275 esse
602 1242 753 1285 positum
767 1269 775 1283 ‚
810 1253 879 1286 qua
901 1244 976 1277 sola
998 1243 1132 1277 ratione
1156 1242 1302 1277 ablativi
1326 1241 1411 1275 ferri
1433 1252 1513 1285 pos-

126 1307 224 1346 sent,
259 1303 318 1336 ct'(
334 1303 476 1337 W⁷alch.
500 1303 670 1337 Emendd.
706 1303 805 1336 Livv.
840 1314 873 1346 p.
907 1302 988 1344 81.;
1018 1315 1126 1347 quare
1150 1315 1257 1346 quum
1282 1302 1318 1336 in
1341 1301 1514 1345 sequenti-

124 1365 214 1411 bus,
243 1376 306 1408 per
339 1364 484 1408 proinde
515 1364 723 1407 particulam
758 1368 853 1397 arcte
887 1375 967 1397 cum
1003 1363 1211 1408 antegressis
1234 1363 1514 1404 cohaerentibus,

126 1424 239 1458 oratio
276 1428 396 1468 aperte
428 1425 473 1458 ad
506 1425 619 1469 ipsum
643 1425 798 1458 Marium
822 1424 1018 1469 dirigatur,
1051 1424 1205 1468 sequitur
1229 1424 1334 1458 etiam
1359 1423 1393 1456 in
1417 1427 1514 1457 ante-

127 1485 327 1519 cedentibus
350 1486 494 1519 verbum
519 1486 658 1520 direrat
681 1487 725 1519 ad
749 1497 828 1519 eum
852 1485 976 1520 referri
1000 1485 1137 1518 debere.
1160 1506 1204 1511 —
1231 1484 1514 1518 Portendere

127 1546 263 1590 aliquid
287 1557 343 1579 res
367 1549 402 1579 et
424 1545 527 1591 signa
550 1546 728 1588 dicuntur,
761 1557 851 1590 quae
875 1557 897 1580 a
918 1545 1057 1591 vulgari
1081 1550 1207 1580 natura
1230 1545 1420 1586 recedunt,
1455 1555 1515 1577 eo-

125 1618 194 1650 que
217 1618 281 1650 pro
305 1606 442 1640 indiciis
469 1618 588 1640 rerum
622 1608 817 1640 futurarum
849 1606 963 1640 solitis
995 1607 1170 1640 maiorum
1197 1607 1393 1645 habentur3
1425 1604 1515 1637 unde

126 1667 238 1701 etiam
260 1673 420 1711 portenta
445 1667 550 1701 dicta.
583 1668 627 1701 cf.
652 1668 806 1712 Herzog·
840 1668 885 1701 ad
909 1667 1010 1702 Catil.
1035 1667 1173 1707 XLVII,
1198 1667 1232 1701 2.
1255 1685 1302 1691 —
1337 1664 1513 1710 Agitabat

125 1728 227 1761 verbi
249 1729 374 1762 modus
398 1728 521 1772 pendet
553 1729 598 1762 ab
623 1728 697 1772 ipso
721 1728 894 1762 narrantis
925 1728 1074 1769 iudicio,
1107 1727 1255 1762 orationi
1288 1726 1378 1760 alius
1407 1725 1514 1759 inter-

126 1791 262 1834 posito,
283 1792 334 1824 ita
368 1794 427 1831 ut,
451 1800 541 1832 quae
571 1790 689 1824 omnia
721 1801 762 1822 ex
792 1794 908 1823 mente
932 1789 1028 1831 eius,
1053 1789 1151 1823 cuius
1176 1789 1284 1822 verba
1307 1787 1514 1828 afferuntur,

126 1850 277 1895 proferri
300 1851 490 1890 debebant,
515 1860 556 1883 ea
580 1861 621 1883 ex
643 1854 744 1893 parte
768 1855 931 1894 tanquam
954 1862 1018 1884 sua
1041 1855 1162 1884 auctor
1185 1848 1356 1889 enunciet,
1380 1859 1420 1880 ex
1446 1858 1514 1890 quo

127 1908 264 1942 diverso
287 1908 538 1953 cogitationum
563 1911 659 1945 fonte
681 1911 859 1946 indicativi
883 1911 918 1945 in
941 1910 1098 1945 oratione
1130 1909 1272 1952 obliqua
1307 1919 1389 1940 usus
1419 1906 1514 1939 haud

127 1969 328 2012 infrequens
352 1970 556 2012 repetendus
580 1974 643 2006 est.
689 1956 835 2005 Praeter
858 1972 964 2013 locos,
992 1969 1117 2012 quibus
1141 1969 1210 2001 hoc
1234 1972 1427 2002 structurae
1451 1977 1514 2011 ge-

127 2039 192 2061 nus
231 2028 303 2060 iam
341 2028 539 2074 tetigimus,
583 2031 678 2064 velut
719 2031 794 2065 Cat.
830 2031 928 2071 XIV,
964 2029 999 2063 7.
1032 2028 1185 2069 xxvn,
1219 2027 1252 2060 4.
1285 2028 1334 2068 h,
1365 2026 1398 2059 3.
1438 2027 1514 2070 Iug.

129 2074 325 2129 xx'xvnl,
348 2088 380 2121 9.
406 2090 530 2127 XLIX,
559 2090 592 2123 2.
617 2091 663 2123 cf.
690 2091 775 2124 ibid.
801 2091 927 2131 XXIX,
943 2091 975 2124 1.
1003 2089 1091 2130 LIV,
1116 2089 1150 2122 1.
1203 2088 1365 2120 Metellus
1388 2087 1514 2120 milites

130 2149 292 2182 hortatur
324 2149 372 2181 ad
404 2155 542 2192 cetera,
577 2162 666 2195 quae
708 2152 800 2184 levia
843 2162 921 2184 sun
934 2155 966 2193 t,
1006 2161 1129 2194 parem
1172 2149 1325 2181 animum
1370 2148 1515 2192 gerant.

130 2209 299 2249 LXXXI,
322 2209 354 2242 1.
403 2210 578 2245 Romanos
617 2212 801 2245 communis
836 2212 986 2244 omnium
1018 2211 1125 2244 host1‘s
1158 2221 1250 2249 esse,
1292 2208 1366 2252 quis
1398 2207 1514 2240 omnia

129 2280 244 2314 regna
275 2269 426 2303 advorsa
457 2277 573 2306 sunt.
607 2272 702 2312 cvl,
725 2271 760 2305 3.
812 2272 962 2305 Etiamsi
985 2277 1080 2306 certa
1102 2271 1208 2315 pestis
1233 2269 1392 2308 adesset,
1415 2279 1515 2300 man-

130 2340 248 2363 surum
269 2330 406 2373 potius,
433 2342 536 2375 quam
558 2332 728 2375 proditis,
761 2344 843 2377 quos
867 2333 1090 2375 ducebat,
1125 2331 1218 2375 turpi
1233 2332 1332 2373 faga
1358 2329 1516 2362 incertae

129 2391 226 2424 vitae
248 2396 418 2434 parceret.
443 2392 535 2433 CXI,
559 2391 593 2426 2.
641 2393 717 2425 Rex
742 2397 914 2434 metuere,
945 2405 988 2427 ne
1010 2392 1231 2437 popularium
1257 2390 1389 2422 animos
1413 2400 1517 2422 avor-

130 2455 242 2491 teret,
273 2453 348 2495 quis
373 2456 405 2485 et
441 2453 614 2497 Iugurtha
639 2464 740 2486 carus
772 2458 806 2487 et
831 2453 980 2487 Romani
1004 2454 1106 2487 invisi
1132 2456 1277 2486 crant.
1302 2451 1348 2484 cf.
1382 2450 1518 2484 Boetti-

130 2511 229 2544 cheri
264 2511 346 2545 Lex.
378 2512 491 2548 Tacit.
523 2525 555 2546 v.
590 2514 739 2548 Iudicat.
769 2525 802 2557 p.
835 2513 917 2548 253.
949 2518 983 2548 et
1016 2512 1186 2557 Kruegeri
1220 2511 1449 2555 Quaestiones
1474 2510 1518 2543 de

132 2571 210 2605 Lat.
234 2572 336 2617 Ling.
360 2573 463 2608 Fasc.
486 2573 512 2606 Ι.
539 2585 572 2616 p.
596 2574 642 2607 64
666 2583 738 2618 sqq.
763 2594 807 2599 -—
843 2575 1011 2618 Prospera
1036 2574 1149 2607 minor
1178 2571 1318 2616 quidem
1344 2571 1516 2604 librorum

133 2641 240 2665 manu
266 2633 474 2676 scriptorum
507 2644 672 2667 numerus
702 2635 862 2678 exhibet,
896 2634 1068 2679 plerisque
1099 2633 1306 2667 adverbium
1339 2629 1519 2664 ostenden-

135 2689 250 2733 tibus3
273 2693 333 2726 sed
360 2693 569 2728 adiectivum
601 2695 698 2728 haud
721 2695 826 2730 dubie
849 2706 994 2737 verum,
1030 2694 1116 2728 illud
1140 2694 1186 2728 ab
1211 2690 1518 2735 interpolatoribus

136 2760 269 2785 cusum.
294 2753 341 2787 ct'.
367 2753 411 2788 ad
436 2753 540 2788 Catil.
566 2755 690 2797 xxvi,
708 2754 743 2789 5.

204 2823 258 2867 11.
1179 2823 1243 2866 22
