1630 3034
466 123 824 197 weussrnu
883 153 1017 196 cAP.
1048 153 1114 196 u.
1391 159 1476 202 285

87 272 258 329 sertim,
303 286 450 331 neque
494 271 540 315 in
585 285 721 314 unum
766 285 863 314 sese
899 270 1200 330 recipiebant,
1246 273 1328 316 sed
1363 275 1472 320 alius

88 371 174 413 alio
214 384 350 428 quam
395 381 602 412 maxume
647 365 822 412 divorsi.
895 366 961 410 lta
996 381 1181 412 numero
1225 370 1400 429 priores
1435 374 1513 429 sifi

88 466 146 510 ab
167 464 496 526 „persequendo
531 463 670 507 hostis
702 462 929 506 deterrere
976 465 1292 521 nequiverant,
1338 467 1473 513 disie-

85 569 183 606 ctos
219 562 277 605 ab
313 567 445 620 tergo
473 565 549 603 aut
579 558 789 602 lateribus
822 558 1253 615 circumveniebant3
1290 563 1355 606 sin
1383 580 1473 624 op-

85 658 320 719 portunior
355 657 494 716 fugae
531 655 654 699 collis
690 669 825 713 quam
862 655 1006 714 campi
1037 654 1237 715 fuerant,
1280 673 1333 702 ea
1363 676 1472 706 vero

88 755 288 800 consueti
329 751 626 797 Numidarum
670 751 773 808 equi
817 749 951 794 facile
986 751 1098 795 inter
1135 741 1326 813 virgulta
1362 773 1470 801 eva-

85 851 221 903 dere3
256 856 431 894 nostros
462 848 675 908 asperitas
714 852 760 890 et
793 846 1025 890 insolentia
1065 848 1151 892 loci
1186 851 1418 900 retinebat.

221 946 297 990 LI.
368 945 578 990 Ceterum
607 943 742 987 facies
766 943 900 987 totius
928 944 1083 1004 negoti
1107 945 1251 1001 varia,
1287 948 1471 1008 incerta,

85 1042 223 1086 foeda
257 1048 393 1100 atque
428 1040 709 1091 miserabilis3
744 1039 932 1099 dispersi
967 1056 994 1083 a
1028 1041 1115 1084 suis
1151 1057 1257 1101 pars
1293 1045 1473 1103 cedere,

87 1139 161 1182 alii
205 1138 401 1196 insequi,
447 1151 594 1196 neque
640 1135 767 1195 signa
809 1150 957 1195 neque
996 1137 1174 1182 ordines
1216 1139 1471 1202 observare,

86 1279 282 1315 Palmerius
306 1279 399 1314 enim
423 1279 603 1324 coniungit
628 1290 671 1313 ea
695 1280 847 1315 consueti
869 1278 892 1313 i.
917 1291 948 1314 e.
973 1281 1016 1314 ad
1040 1291 1098 1315 eas
1122 1293 1178 1316 res
1201 1285 1352 1328 assueti,
1380 1288 1472 1331 qnod

86 1352 197 1385 neque
219 1341 393 1375 structura
414 1351 525 1383 neque
548 1340 718 1374 sententia
741 1341 1015 1374 commendatur.
1063 1341 1243 1386 Bipontini
1262 1346 1306 1379 ad
1331 1358 1373 1381 ea
1391 1357 1474 1392 sup-

84 1403 180 1446 plent
204 1403 291 1442 loca,
316 1412 406 1444 quae
428 1398 557 1443 ellipsis
581 1410 603 1433 a
625 1400 828 1435 Latinorum
854 1411 918 1435 usu
941 1400 1045 1444 plane
1069 1402 1185 1436 aliena
1205 1410 1268 1439 est.
1318 1406 1474 1453 Langius

87 1473 171 1495 vero
195 1461 355 1505 imperite
380 1473 421 1494 ea
445 1461 537 1494 idem
561 1471 635 1494 esse
657 1460 774 1494 dicens
797 1461 890 1504 qnod
914 1471 973 1501 eo,
1005 1462 1156 1505 explicat
1187 1464 1223 1497 in
1247 1478 1323 1499 eum
1348 1469 1471 1504 locum.

89 1523 216 1556 Melior
249 1522 305 1555 his
339 1521 500 1555 omnibus
534 1520 643 1554 Cortii
672 1520 858 1563 sententia,
891 1520 951 1564 qui
979 1526 1074 1556 recte
1097 1523 1186 1559 vidit
1210 1537 1252 1559 ea
1274 1527 1474 1572 significare

88 1595 131 1618 ea
154 1585 214 1618 via
235 1584 291 1617 vel
312 1587 435 1628 parte,
470 1592 577 1625 quam
599 1579 696 1614 vocis
719 1584 924 1624 potestatem
947 1581 1201 1618 illustravimus
1224 1587 1268 1620 atl
1292 1600 1322 1623 c.
1348 1591 1473 1633 xxm,

86 1644 122 1678 2.
154 1648 188 1679 et
223 1642 422 1684 xxxvul,
449 1641 484 1676 6.
540 1641 791 1686 coniungenda
818 1645 870 1675 est
901 1645 1020 1675 autem
1051 1645 1176 1679 vocula
1207 1657 1288 1681 cum
1324 1652 1473 1686 evadere

86 1706 212 1747 verbo,
243 1704 294 1739 ita
317 1707 356 1738 ut
379 1702 531 1736 consueti
554 1702 712 1735 absolute
742 1701 894 1745 positum
917 1701 984 1744 sit,
1015 1702 1090 1746 ipso
1113 1707 1361 1743 sententiarum
1381 1722 1474 1747 nexu

87 1764 284 1807 indicante,
317 1774 422 1808 quam
446 1773 520 1796 rem
545 1767 748 1796 consuetam
772 1762 968 1797 habuerint.
1023 1764 1111 1798 Vero
1134 1770 1252 1801 autem
1275 1781 1355 1803 cum
1381 1783 1475 1806 asse-

87 1825 268 1859 veratione
290 1823 442 1868 positum
477 1823 572 1857 valet
603 1822 648 1856 ad
678 1833 798 1856 vocem
822 1824 975 1858 consueti
1007 1825 1299 1869 confirmandam,
1330 1832 1388 1865 cui
1410 1845 1474 1877 po-

87 1886 205 1920 testati
229 1886 348 1930 aliqua
380 1887 472 1918 certe
504 1894 548 1918 ex
579 1886 679 1927 parte
710 1883 938 1918 vernaculum
970 1887 1106 1929 gerade
1129 1891 1336 1933 responden
1371 1893 1417 1929 cf.
1442 1906 1472 1929 c.

86 1945 205 1984 LVIII,
228 1945 262 1979 3.
312 1945 364 1978 Ibi
395 1955 474 1978 vero
499 1942 707 1987 (Romani)
739 1943 902 1977 virtutem
934 1947 1123 1980 ostendere.
1148 1948 1281 1992 XCIV,
1307 1951 1340 1984 3.
1367 1953 1472 1987 Catil.

88 2004 180 2046 LXI,
204 2005 237 2039 1.
263 2015 296 2038 v·
320 2005 497 2040 Kuehuer.
521 2005 564 2038 ad
589 2003 661 2038 Cic.
687 2003 814 2036 Tusce.
838 2004 884 2044 Η,
908 2003 944 2045 5,
968 2005 1025 2041 13.
1042 2024 1086 2030 ——
1103 2007 1173 2040 Pro
1198 2010 1369 2046 retinebat
1393 2014 1471 2048 cod.

88 2062 194 2098 Bern.
218 2065 250 2097 1.
276 2075 318 2098 ex
344 2064 610 2109 interpolatione
633 2063 740 2096 habet
762 2063 910 2098 retinere
919 2075 933 2104 ,·
957 2065 1099 2100 Eccard.
1125 2067 1195 2102 alio
1218 2071 1323 2105 modo
1346 2084 1472 2117 pecca-

91 2124 141 2158 vit
163 2123 328 2157 exhibens
351 2124 558 2159 retinebunt.

183 2184 238 2217 LI.
264 2186 295 2226 §.
321 2183 399 2218 Let
421 2185 454 2219 2.
505 2185 641 2219 ordines
665 2183 860 2227 observare]
891 2184 1094 2228 Observare,
1118 2199 1329 2234 quamquam
1352 2192 1388 2227 in
1412 2205 1472 2228 ea-

90 2244 169 2277 dem
192 2255 230 2277 re
253 2243 358 2284 etiam
382 2256 521 2279 servare
551 2244 620 2279 dici
651 2243 837 2286 potuisset,
871 2247 987 2278 tamen
1017 2247 1061 2280 ab
1084 2248 1154 2282 hoc
1177 2250 1395 2295 aliquantum
1419 2254 1474 2288 αἱ-

90 2316 228 2338 versum
251 2308 322 2346 θεὶς
346 2316 486 2339 eeronre
510 2305 602 2338 enim
625 2304 829 2348 simpliciter
851 2305 1026 2350 significat
1049 2312 1184 2351 tenere,
1216 2322 1283 2345 non
1309 2314 1474 2348 excedere

89 2377 132 2399 cx
147 2364 347 2407 ordinibus,
372 2365 553 2399 observare
586 2368 706 2399 contra
728 2368 780 2399 est
802 2370 916 2400 mente
938 2370 1042 2410 atque
1064 2369 1174 2403 oculis
1197 2370 1298 2413 quasi
1322 2372 1473 2408 defixum

90 2436 165 2459 esse
188 2424 224 2459 in
247 2425 403 2468 aliquam
427 2437 522 2467 rem,
555 2436 598 2459 ne
629 2425 711 2468 quid
735 2426 958 2471 negligatur,
991 2429 1083 2471 quod
1107 2430 1152 2463 ad
1176 2441 1255 2464 eam
1282 2433 1473 2476 pertineat3

91 2485 137 2521 οἳ.
165 2497 195 2519 c.
229 2485 380 2527 LXXX,
405 2485 439 2519 2.
488 2486 663 2531 Iugurtha
702 2488 957 2521 multitudinem
986 2492 1195 2533 consuefacit
1227 2493 1335 2538 signu
1365 2495 1472 2539 sequi,

90 2546 270 2590 imperium
303 2547 558 2580 observare.
613 2545 765 2580 Omnino
808 2547 900 2581 enim
937 2549 1124 2585 tenendum
1157 2556 1211 2586 est
1226 2577 1237 2595 ,
1279 2556 1473 2598 composita

90 2606 199 2640 verba
224 2617 399 2651 nunquam
421 2606 525 2650 plane
547 2606 758 2650 simplicium
782 2612 984 2651 potestatem
1005 2610 1148 2654 habere,
1171 2613 1264 2656 quod
1287 2614 1374 2648 beno
1396 2627 1473 2649 mo-

93 2665 167 2701 nuit
189 2666 364 2701 Knehner.
389 2666 434 2701 ad
458 2666 531 2700 Cic.
555 2667 683 2702 Tusce.
707 2668 734 2709 1,
748 2668 805 2712 16,
825 2668 882 2702 36.
908 2669 1048 2707 Weber.
1070 2672 1270 2708 Exercitatt.
1295 2674 1379 2719 styli
1396 2676 1474 2710 Lat.

93 2724 170 2766 Vol.
194 2726 222 2761 1.
248 2738 281 2770 p.
300 2726 380 2762 132.
403 2738 437 2762 n.
453 2725 565 2763 45.—
584 2727 650 2761 Ubi
671 2739 834 2773 quemque
856 2731 1045 2774 periculum
1068 2739 1252 2776 ceperat
1276 2738 1370 2770 recte
1393 2747 1474 2770 cen-
