1630 3034
178 204 262 244 548
544 195 588 238 C.
619 193 941 238 SALLUSTI
990 194 1211 238 CRISPI

144 320 355 374 firantem
392 319 437 357 et
471 312 594 356 illum
632 311 1036 355 sceleratissumum
1079 313 1303 372 persequi.
1376 311 1452 356 Ad
1485 300 1589 355 hoc*

182 411 356 474 populo
391 410 601 453 Romano
637 408 727 452 iam
762 424 788 452 a
823 409 1045 469 principio
1084 409 1251 472 melius·
1270 409 1427 466 visum,
1464 410 1576 453 ami-

185 525 261 554 cos
291 522 427 568 quam
463 520 615 550 servos
654 521 893 564 quaerere3
929 507 1157 565 tutiusque
1192 507 1290 563 rati,
1328 507 1577 550 volentibus

144 622 319 667 7quam
362 603 526 649 coactis
573 602 841 663 imperitare.
910 594 1020 648 Tibi
1056 618 1163 647 vero
1199 603 1320 647 nulla
1356 609 1580 664 opportu-

180 793 319 833 sactum
346 791 429 833 puto
463 797 555 828 esse,
589 790 717 831 gnate,
761 797 893 830 quum
926 791 961 822 te
998 786 1224 831 intelligo
1255 787 1426 831 resipisse.
1471 785 1581 819 Plura

184 850 290 885 huius
315 847 453 894 generis
471 846 675 881 Gronovius
699 847 846 892 collegit
868 847 912 881 ad
935 846 1012 881 Liv.
1038 847 1202 888 XXXIX,
1228 847 1285 887 12,
1313 847 1360 889 7,,
1383 845 1509 890 quibus
1528 846 1584 879 lo-

185 911 236 945 cis
274 909 436 944 omnibus
473 920 576 952 quum
619 918 761 942 caussae
797 908 871 942 vim
914 920 982 942 non
1021 908 1141 941 habet.
1178 919 1211 940 v.
1249 909 1339 953 Aug.
1375 905 1584 941 Grotefendi

186 974 346 1007 Gramm.
380 971 457 1004 Lat.
490 969 598 1002 schol.
629 980 662 1012 p.
698 968 780 1004 344.
807 972 839 1012 ἓ.
868 969 948 1003 421.
972 972 1043 1003 not.
1067 969 1101 1010 1,
1125 968 1159 1004 3.
1184 972 1217 1003 et
1241 969 1417 1013 imprimis
1441 981 1476 1013 p.
1501 967 1582 1003 317.

187 1036 217 1080 ξ.
245 1033 326 1069 393.
351 1036 422 1066 not.
449 1031 482 1065 3.
508 1049 552 1054 —
582 1030 714 1071 Talem,
738 1041 772 1063 v.
798 1031 843 1064 ad
866 1042 895 1064 c.
923 1030 968 1071 X,
992 1029 1026 1063 8.
1050 1043 1083 1075 p.
1110 1030 1167 1065 56.
1194 1051 1237 1055 -
1275 1030 1475 1074 Aliquando
1501 1039 1582 1062 cnm

185 1095 222 1129 vi
260 1105 324 1138 pro
358 1092 500 1127 tandem
535 1091 726 1135 aliquando
759 1091 894 1125 dictum
926 1091 1181 1126 illustravimus
1213 1092 1257 1126 ad
1292 1104 1322 1126 c.
1347 1090 1457 1131 LXII,
1481 1089 1514 1123 1.
1541 1109 1583 1114 —

184 1157 238 1190 De
262 1154 365 1190 simul
389 1152 567 1198 particula
591 1153 729 1198 egimus
753 1153 798 1187 ad
822 1153 896 1187 Cat.
922 1152 1019 1194 xlx,
1042 1153 1076 1187 2.
1101 1173 1146 1178 —
1183 1152 1356 1198 Persequi,
1381 1151 1472 1195 quod
1498 1151 1585 1185 Cor-

185 1217 255 1251 tius
279 1227 361 1249 cum
385 1214 464 1249 aliis
491 1216 568 1249 vult
591 1227 656 1260 pro
692 1215 864 1260 gerundia
889 1215 1119 1259 persequendi
1148 1214 1300 1258 positum
1332 1224 1445 1257 esses
1459 1212 1588 1265 pendet

185 1289 227 1312 ex
261 1275 453 1311 coniunctis
486 1276 604 1310 verbis
638 1278 792 1311 demeres
823 1276 1062 1310 necessitatem
1086 1275 1110 1310 i.
1135 1287 1165 1309 e.
1189 1288 1258 1309 ‘non
1289 1286 1457 1321 cogeres‚·
1481 1285 1515 1309 v.
1542 1274 1586 1309 ad

185 1338 262 1372 Cat.
289 1338 403 1379 XXX,
431 1336 464 1372 5.
490 1350 523 1382 p.
547 1337 628 1372 139.
654 1337 732 1383 lug.
760 1338 956 1380 LXXXIX,
977 1336 1012 1371 3.

279 1402 312 1443 ς.
337 1397 372 1433 6.
401 1397 494 1433 fiam
519 1411 542 1433 a
560 1398 757 1444 principio]
803 1399 842 1433 ln
874 1398 1051 1443 plerisque
1083 1397 1182 1431 codd.
1215 1401 1251 1432 et
1283 1397 1359 1432 edd.
1383 1399 1460 1441 post
1487 1396 1586 1441 prin-

186 1461 274 1505 cipio
307 1458 472 1494 adiicitur
504 1471 574 1494 vox
602 1460 718 1505 inopi,
753 1471 859 1503 quam
891 1471 960 1493 non
991 1458 1230 1493 dubitavimus
1254 1462 1423 1502 tanquam
1448 1462 1586 1502 turpem

186 1520 471 1566 depravationem
504 1520 652 1563 eiicere,
685 1521 847 1565 quamvis
876 1519 1089 1556 Gerlachius
1123 1519 1159 1554 in
1196 1520 1407 1554 Commentt.
1442 1532 1476 1564 p.
1503 1519 1588 1554 329.

186 1586 339 1624 tueatur,
363 1581 425 1625 qui
448 1581 600 1616 mirifico
622 1582 784 1616 acumine
809 1582 939 1627 „inopi
961 1581 1093 1627 inquit,
1117 1593 1188 1626 quo
1212 1581 1438 1624 insolentius,
1463 1592 1506 1614 eo
1527 1591 1589 1614 ve-

186 1642 283 1677 rius“
298 1642 332 1675 !?
381 1641 451 1676 Sed
477 1641 551 1675 veri
574 1653 643 1676 non
668 1653 778 1686 capax
802 1643 843 1676 V.
867 1644 913 1677 D.
936 1654 1006 1677 non
1029 1642 1202 1688 cogitavit
1225 1643 1382 1688 ineptum
1406 1654 1490 1683 esse,
1514 1642 1588 1676 ino-

182 1715 264 1749 pem
288 1703 460 1748 populum
483 1714 597 1736 servos
621 1714 808 1747 quaerere,
849 1704 907 1738 cui
941 1708 1086 1748 propter
1117 1715 1173 1738 res
1209 1708 1376 1749 angustas
1399 1703 1459 1737 vix
1482 1702 1589 1738 amici

185 1765 274 1806 sint3
310 1764 468 1809 ineptum
504 1763 634 1806 etiam,
662 1763 801 1799 Sullam
831 1764 1160 1811 magniloquentiae
1184 1766 1369 1799 Romanae
1392 1765 1479 1799 adeo
1503 1763 1588 1798 obli-

187 1831 264 1861 tum
288 1837 375 1868 esse,
398 1829 438 1860 ut
460 1825 625 1867 Boccho,
660 1836 766 1869 quem
789 1827 847 1860 vel
874 1825 1028 1861 maxime
1051 1825 1217 1870 opinione
1240 1826 1425 1860 Romanae
1448 1825 1588 1870 magni-

186 1886 317 1922 tudinis
349 1890 384 1921 et
418 1885 595 1931 potentiae
627 1886 773 1930 implere
801 1887 936 1928 studet,
968 1887 1105 1931 inopem
1130 1886 1238 1921 fuisse
1260 1887 1430 1931 populum
1454 1887 1588 1920 Roma-

187 1959 272 1982 uum
296 1949 425 1982 narret.
472 1949 663 1983 Praeterea
686 1958 794 1991 quum
825 1947 923 1992 inopi
947 1948 1143 1983 arctissimo
1173 1959 1263 1982 nexu
1287 1952 1386 1983 coeat
1407 1959 1488 1982 cum
1511 1959 1591 1981 ver-

188 2009 242 2044 bis
265 2010 339 2044 iam
364 2021 388 2043 a
409 2009 602 2055 principio,
624 2021 668 2043 ne
692 2009 847 2043 efficitur
870 2009 1012 2053 quidem
1036 2022 1101 2054 ea,
1134 2022 1242 2055 quam
1267 2008 1477 2044 Gerlachius
1499 2008 1589 2051 vult,

187 2071 370 2113 sententia,
400 2072 481 2105 olim
505 2075 641 2106 tantum
666 2071 804 2116 inopem
821 2071 934 2114 fuisse
969 2072 1139 2116 populum
1174 2072 1399 2114 Romanum3
1431 2070 1490 2104 sed
1521 2069 1591 2103 hoc

189 2131 329 2174 dicitur,
364 2136 410 2166 et
441 2132 549 2166 olim
575 2132 710 2176 fuisse,
749 2137 794 2166 et
832 2132 1080 2168 etiamtum
1113 2143 1188 2167 esse
1224 2132 1358 2178 inopem
1398 2131 1451 2175 (ν.
1484 2130 1529 2166 ad
1558 2142 1589 2164 c.

190 2193 319 2236 xxix,
342 2193 378 2227 2.
402 2205 436 2238 p.
462 2192 530 2227 164
553 2193 639 2237 sq.)‚
669 2192 762 2237 quod
795 2192 901 2237 longe
923 2196 976 2227 est
999 2193 1267 2238 ineptissimum.
1314 2194 1434 2238 Quare
1456 2195 1591 2226 certum

190 2259 242 2289 est
274 2265 396 2289 veram
429 2254 616 2289 lectionem
648 2254 817 2288 exhibere
850 2265 911 2287 eos
943 2254 1102 2299 codices,
1136 2254 1172 2288 in
1204 2254 1332 2298 quibus
1355 2253 1451 2298 inopi
1475 2253 1591 2294 deest;

189 2320 270 2350 sunt
295 2319 414 2350 autem
438 2315 491 2357 hi,
516 2315 634 2352 Guell'.
661 2316 692 2349 1.
718 2315 753 2350 3.
779 2314 812 2347 4.
839 2315 945 2349 Fabr.
970 2315 1021 2355 2..
1054 2316 1190 2360 aliquot
1216 2315 1381 2357 Manutii,
1415 2314 1530 2349 Palat.
1554 2311 1590 2349 4.

189 2377 352 2411 Arondel.
379 2376 469 2410 Tur.
495 2377 527 2410 l.
554 2377 688 2419 Goerl.‚
713 2380 880 2420 quattuor
904 2388 926 2411 a
949 2377 1125 2422 Sellingio
1149 2377 1272 2411 collati
1298 2376 1354 2420 (v.
1379 2375 1454 2410 eius
1476 2375 1589 2410 Lectt.

191 2438 279 2471 Sall.
305 2450 338 2481 p.
361 2437 451 2481 δί),
475 2442 511 2472 et
536 2438 650 2475 Paris.
675 2450 703 2471 z.
728 2449 750 2472 n
775 2449 821 2471 m.
847 2449 899 2481 pr.
948 2438 1024 2473 Nisi
1049 2442 1165 2472 autem
1190 2442 1322 2473 statuas
1349 2437 1443 2481 inopi
1465 2436 1511 2471 ab
1537 2435 1589 2469 in—

191 2499 284 2532 sulso
308 2499 452 2532 homine
477 2499 511 2532 in
535 2498 700 2533 Sallustii
724 2500 834 2533 verba
858 2510 932 2533 esse
956 2499 1120 2541 illatum,
1145 2498 1362 2544 probabilius
1386 2496 1524 2531 videtur
1547 2507 1590 2530 ex

191 2560 287 2593 male
308 2561 462 2603 repetitis
482 2560 631 2605 syllabis
651 2560 888 2605 praecedentis
909 2561 1074 2595 vocabuli
1095 2560 1331 2606 principio
1357 2561 1473 2593 ortum
1500 2567 1588 2596 esse,

193 2623 231 2653 ut
250 2620 368 2652 Faber
389 2624 517 2661 censet,
541 2631 645 2665 qnam
668 2633 708 2655 ex
729 2621 852 2666 imperi
876 2621 1061 2663 vocabulo,
1086 2622 1178 2666 quod
1195 2619 1386 2665 Sellingius
1410 2619 1434 2652 1.
1459 2618 1482 2652 l.
1507 2629 1589 2651 cou-

165 2711 170 2717 ‚
193 2679 267 2714 iic-it
305 2691 328 2714 a
368 2681 522 2716 librariis
563 2682 720 2716 additum
760 2681 1036 2726 compendioque
1072 2684 1160 2726 impi
1196 2681 1363 2725 scriptum
1404 2679 1511 2713 facile
1553 2678 1588 2712 in

194 2741 287 2785 inopi
319 2741 468 2781 abiisse3
509 2755 598 2786 quae
629 2744 847 2784 coniectura,
881 2754 1097 2787 quamquam
1130 2744 1231 2777 valde
1255 2745 1368 2782 acuta,
1403 2744 1518 2774 tamen
1544 2750 1587 2772 ne

192 2802 340 2835 minimo
364 2802 504 2845 quidem
530 2803 628 2837 codd.
653 2804 787 2838 auxilio
811 2809 1036 2839 sustentatur.
1086 2805 1269 2847 Utcunque
1292 2807 1344 2837 est
1366 2801 1496 2848 igitur,
1534 2806 1587 2835 te-
