1630 3034
420 135 531 177 wo
545 104 788 177 URTHAJ
842 135 980 178 cAr.
1011 135 1183 178 xxm.
1419 143 1502 183 167

71 291 75 293 ,
109 267 162 296 ac
197 266 347 312 pauca
386 251 611 311 praesenti
655 251 838 295 consilio
881 251 1055 295 locutus
1095 251 1154 296 de
1189 252 1359 297 invidia
1391 254 1498 299 facti

107 349 196 404 sui,
231 355 365 406 atque
391 349 436 391 in
468 347 739 391 deditionem
771 348 832 392 uti
860 349 1153 407 acciperetur,
1189 326 1360 394 relicua.
1389 367 1492 396 cum

105 443 259 490 Bestia
295 452 339 489 et
368 445 544 490 Scauro
577 450 748 488 secreta
783 445 1011 505 transigit3
1050 445 1153 489 dein
1183 453 1370 505 postero
1406 430 1495 506 dieg

103 542 231 599 quasi
266 557 349 601 per
381 548 573 586 saturam
609 541 838 598 exquisitis
866 542 1104 594 sententiis,
1141 542 1183 585 in
1220 542 1495 589 deditionem

103 639 327 698 accipitur.
400 637 520 693 Sed,
577 638 639 681 uti
691 653 778 698 pro
831 639 1012 682 consilio
1066 639 1333 698 imperatum
1385 648 1530 698 erat,6

98 781 135 815 in
153 781 270 815 Guelf.
295 781 330 815 9.
354 784 470 815 autem
487 782 654 825 furtim
679 783 850 827 transegit
868 787 1027 823 scen-erm
1053 794 1134 815 nam
1152 783 1280 826 furtim
1305 784 1420 828 glossa
1439 797 1491 818 se-

98 847 188 876 creto
213 826 372 875 adve‘rhii
396 844 489 876 male
514 843 548 876 in
574 848 704 876 textum
730 837 881 887 irresisit.
929 843 998 876 Sed
1029 854 1134 886 quum
1172 844 1297 886 optimi
1330 844 1492 888 plurimi-

95 915 163 947 que
183 902 281 936 codd.
307 908 440 937 secreta
465 908 622 945 teneant,
656 904 766 947 possis
791 905 858 937 hoc
883 907 1029 938 fortasse
1054 903 1103 936 ita
1128 904 1330 945 defendere,
1361 910 1398 940 ut
1418 911 1487 940 sta-

94 968 173 998 tuas
208 963 307 1007 qnasi
339 975 401 1008 per
435 964 610 1008 prolepsin
644 970 778 999 secreta
802 969 983 998 transacta
1018 964 1108 1005 dici,
1142 976 1231 1008 quae
1250 966 1371 1000 Bestia
1395 968 1487 1001 clam

93 1024 315 1070 transigendo
338 1025 498 1058 studebat
522 1031 559 1059 ut
584 1031 715 1059 secreta
738 1026 945 1067 fierent.‘—
974 1027 1157 1069 'I'ransr'git
1180 1031 1294 1059 exstat
1310 1027 1343 1060 in
1362 1028 1488 1063 Nazar.

93 1086 136 1119 Β.
162 1085 263 1118 Publ.
289 1085 372 1118 Bas.
399 1086 431 1119 1.
457 1086 554 1120 Leid.
582 1088 619 1121 L.
645 1086 688 1120 Ο.
714 1086 754 1119 Ν
789 1087 893 1119 Rern.
919 1086 952 1120 1.
979 1087 1012 1120 3.
1047 1086 1163 1119 Guelf.
1188 1086 1221 1121 2.
1259 1087 1483 1124 Rclicnissha-

92 1148 174 1180 bent
196 1147 391 1190 transegit,
425 1147 515 1189 quod
542 1146 757 1189 probabilius
784 1151 834 1179 est
858 1157 878 1180 a
902 1147 1025 1181 scribis
1049 1159 1111 1191 pro
1136 1148 1308 1190 praesenti
1334 1150 1486 1192 positum

92 1219 187 1248 esse,
211 1218 314 1250 quam
342 1212 471 1239 contro.
497 1207 542 1239 cf.
569 1218 598 1240 c.
621 1207 748 1247 Lvm,
774 1205 806 1240 5.
833 1226 878 1231 —-
905 1208 991 1242 Dein
1018 1209 1051 1241 h.
1072 1209 1093 1241 I.
1120 1220 1239 1241 onmes
1265 1209 1358 1255 libri„
1385 1222 1486 1254 prue-

91 1273 144 1302 ter
169 1267 284 1301 Guelf.
309 1267 388 1308 IL,
411 1271 569 1308 servant3
604 1268 711 1302 habet
737 1268 843 1302 etiam
869 1269 993 1302 Festus
1018 1281 1052 1313 p.
1071 1268 1140 1302 ‘zio
1179 1269 1230 1301 ed.
1258 1269 1481 1307 Lindemann.

181 1330 281 1374 quasi
301 1339 365 1373 per
388 1328 560 1372 saturam]
595 1328 700 1361 Multi
725 1328 825 1361 codd.
852 1328 910 1360 sed
946 1328 980 1361 in
1015 1328 1058 1362 iis
1089 1328 1176 1361 nulli
1202 1328 1355 1372 optimae
1380 1335 1482 1365 notae

88 1389 190 1433 qnasi
220 1399 283 1433 per
317 1392 475 1422 saturam
506 1389 673 1435 legem,
718 1400 822 1432 quam
857 1388 1009 1432 ineptam
1042 1389 1344 1432 interpolationem
1380 1391 1478 1425 editt.

88 1449 219 1482 dudum
250 1453 466 1491 respuerunt.
524 1449 625 1492 Quae
657 1450 701 1483 ad
734 1461 810 1483 rem
847 1449 1019 1493 pertinent
1051 1449 1227 1482 uberrime
1258 1450 1480 1494 explicantur

86 1510 204 1544 verbis
225 1510 268 1544 Is.
285 1509 485 1542 Casauboni
508 1508 543 1542 in
568 1510 658 1544 libro
683 1511 725 1544 de
748 1511 938 1544 Romanor.
962 1509 1080 1543 Satira
1097 1510 1140 1550 Π,
1168 1510 1203 1544 4.
1248 1513 1478 1552 ,‚„Sat11ram

85 1576 220 1605 veteres
237 1569 390 1604 Romani
422 1570 600 1611 dixerunt,
628 1570 833 1614 compendio
865 1570 1033 1604 sermonis
1066 1570 1140 1611 usi,
1178 1583 1283 1614 quum
1317 1578 1476 1607 saturam

84 1633 217 1666 lancem
242 1629 490 1676 intelligerent.
538 1631 623 1665 Erat
648 1642 725 1664 mos
753 1629 992 1675 antiquorum,
1018 1631 1154 1675 quando
1180 1632 1310 1674 Cereri,
1333 1634 1476 1668 Baccho

83 1696 143 1727 unt
158 1691 240 1725 aliis
263 1690 329 1724 diis
354 1691 433 1736 agri
452 1702 571 1732 annua
595 1696 678 1726 vota
701 1691 875 1725 solverent
907 1702 969 1735 pro
994 1691 1085 1724 laeto
1111 1692 1255 1736 frugum
1280 1694 1474 1728 fructuum-

81 1764 150 1797 que
173 1757 363 1796 proventu,
398 1758 438 1786 ut
467 1750 642 1796 primitias
668 1763 787 1786 rerum
819 1753 1046 1786 collectarum
1071 1752 1105 1785 in
1131 1753 1268 1787 lancem
1294 1761 1474 1800 congestas

80 1812 206 1858 cuique
231 1815 304 1848 Deo
328 1824 391 1858 pro
414 1813 549 1846 ratione
574 1813 647 1847 eius
672 1814 783 1847 cultus
804 1806 983 1846 offerrent.
1032 1813 1070 1846 In
1105 1812 1231 1847 ritibus
1257 1815 1473 1849 Graecorum

78 1874 281 1910 huiusmodi
291 1884 391 1908 sacra
407 1872 562 1906 miscella
579 1878 751 1907 vocantur
765 1871 982 1917 πάγκαρπος
1007 1875 1127 1908 θυσία
1154 1878 1188 1907 et
1206 1877 1472 1920 πολυσπερμία.

79 1936 197 1972 Latini
219 1946 302 1969 vero
325 1935 440 1968 lances
462 1933 512 1967 ita
536 1935 682 1968 refertas
706 1935 887 1968 variarum
912 1945 1025 1966 rerum
1051 1933 1152 1977 copia
1177 1935 1294 1969 lances
1316 1942 1468 1979 saturas,

79 1997 137 2030 vel
165 1995 371 2039 simpliciter
397 1999 537 2029 saturas
572 1995 804 2037 appellarunt.
852 1996 961 2028 Satur
991 1993 1086 2026 enim
1117 2004 1181 2036 pro
1208 1997 1311 2038 pleno
1345 2002 1380 2031 et
1410 1997 1470 2031 cui

78 2056 168 2103 niliil
191 2056 322 2089 deesset
344 2056 568 2098 usurpabant.
618 2054 677 2087 Sic
700 2056 792 2087 color
815 2060 914 2088 satur
948 2058 1013 2088 etc.
1062 2054 1091 2086 A
1116 2053 1343 2090 similitudine
1370 2057 1469 2091 huius

78 2115 189 2150 lancis
220 2115 327 2150 etiam
359 2115 509 2149 aliarum
544 2126 661 2148 rerum
694 2114 864 2148 mixturas
896 2114 1119 2158 appellarunt
1146 2120 1298 2150 saturas.
1346 2117 1468 2151 Festus

78 2177 131 2221 (p.
153 2175 234 2210 194.
253 2180 287 2209 et
310 2174 388 2209 ⁴25.
422 2176 476 2209 ed.
502 2175 668 2209 GothoI'r.
695 2186 726 2208 a.
751 2174 853 2210 1595.
878 2189 924 2204 =
951 2186 983 2218 p.
1002 2173 1081 2208 1⁴5.
1105 2179 1140 2208 et
1163 2174 1243 2211 249.
1268 2176 1467 2222 Lindem.):

78 2242 243 2280 „setun-a,
268 2235 337 2269 cibi
360 2247 471 2281 genus
494 2247 535 2269 ex
552 2235 659 2269 variis
683 2236 785 2269 rebus
809 2235 1023 2269 conditum.“
1070 2236 1196 2269 Postea
1220 2236 1325 2271 etiam
1351 2238 1394 2271 nd
1411 2250 1466 2272 res

75 2297 217 2343 ingenio
242 2297 351 2330 factas
373 2297 493 2330 eadem
519 2307 586 2329 vox
611 2297 780 2340 translata
804 2301 866 2330 est.
915 2296 1013 2329 Unde
1038 2297 1090 2330 lex
1114 2302 1238 2331 satura
1271 2298 1308 2331 h.
1333 2310 1365 2332 e.
1395 2299 1465 2333 mi-

13 2367 22 2379 *
77 2358 203 2401 neella,
238 2357 290 2390 uti
320 2361 374 2391 est.
397 2357 452 2389 lex
475 2355 566 2389 Iulia
587 2357 699 2399 Papia
723 2358 908 2401 Poppaea,
942 2356 1026 2400 quia
1059 2361 1093 2391 et
1125 2358 1239 2392 multa
1269 2363 1303 2392 et
1326 2359 1464 2393 diversa

76 2419 190 2462 capita
214 2417 423 2451 continebat.
472 2416 597 2449 Festus
622 2417 644 2449 Ι.
671 2417 713 2450 l.:
742 2421 886 2457 „satura
920 2422 972 2450 est
1005 2418 1058 2450 Iex
1083 2418 1200 2452 multis
1224 2419 1304 2453 aliis
1328 2421 1465 2465 legibus

74 2479 273 2513 conferta.“
322 2476 446 2520 Capita
479 2477 598 2523 legum
624 2477 776 2510 Romani
801 2478 894 2521 leges
918 2483 1067 2519 vocant,
1103 2484 1138 2512 ct
1173 2479 1222 2514 ita
1245 2480 1305 2514 hic
1329 2471 1464 2515 Festus.

75 2539 315 2574 Glossarium:
339 2543 482 2579 satura,
508 2536 622 2582 νόμος
645 2537 760 2574 πολλοὶ
784 2537 972 2583 περιέχων.
1018 2537 1112 2572 llinc
1135 2545 1256 2574 natum
1281 2541 1464 2586 proverbi-

74 2612 153 2634 um:
183 2612 248 2645 ρετ
281 2605 438 2634 saturam
465 2601 579 2645 legem
596 2603 715 2643 serre,
753 2611 862 2644 quum
891 2598 1018 2643 raptim
1051 2611 1162 2643 neque
1193 2602 1329 2636 viritim
1362 2602 1463 2636 dictis

74 2660 250 2694 sententiis
273 2659 407 2704 aliquid
430 2665 603 2694 senatores
627 2660 869 2702 decernebant,
894 2664 940 2701 et,
963 2663 1003 2693 ut
1027 2662 1120 2704 apud
1143 2662 1287 2697 Festum
1310 2663 1464 2707 loquitur

76 2718 240 2762 Laelius,
276 2720 376 2764 quasi
395 2731 460 2765 per
482 2725 638 2755 saturam
669 2721 847 2755 sententiis
871 2721 1119 2765 exquisitis.““
1164 2722 1345 2756 Postrema
1369 2718 1462 2757 Festi
