1630 3034
138 217 222 256 Ῑυυ
499 208 546 249 C.
584 205 923 249 SALLUSTI
964 203 1187 246 CRISPI

138 325 489 373 coniurationem
554 323 722 383 aperit3
791 322 990 367 nominat
1053 321 1224 376 socios,
1287 325 1521 379 praeterea

136 419 303 463 multos
349 417 563 474 cuiusque
607 415 783 475 generis
827 413 1052 468 innoxios,
1097 426 1189 470 quo
1222 412 1387 472 legatis
1424 412 1522 456 ani—

135 525 234 553 mus
277 509 474 567 amplior
517 514 652 559 esset3
706 505 870 551 deinde
917 520 994 550 eos
1050 504 1276 565 pollicitos
1331 519 1520 564 operam

136 616 263 645 suam
299 600 487 644 domum
522 599 714 644 dimittit.

136 769 217 815 gaii
241 779 279 802 eo
311 768 356 802 ab
380 767 494 801 Roma
516 771 694 801 venerunt.
732 764 803 800 Cic.
827 765 915 809 Epp.
947 762 993 797 ad
1017 762 1156 797 Famm.
1176 761 1254 804 XV,
1271 760 1305 795 4.
1343 762 1401 806 qui
1425 761 1525 795 circa·-

137 833 193 863 ter
218 827 301 860 Idus
325 826 444 860 Sextii.
468 826 512 858 ab
538 826 674 869 Epheso
699 826 874 868 profectus
898 826 985 856 erat.
1019 822 1117 855 Caes.
1142 821 1186 855 B.
1212 821 1250 854 C.
1261 821 1290 862 1,
1307 821 1425 862 11,4.·
1450 820 1526 854 Ita-

136 898 202 932 que
238 887 282 919 ab
312 885 470 918 Arimino
503 883 552 917 M.
583 883 771 917 Antonium
793 881 970 915 Arretium
992 880 1118 922 mittit,
1145 878 1207 912 ubi
1230 890 1264 914 v,
1286 878 1404 913 Davis.
1427 878 1526 912 θαι-ί.

136 945 178 985 V,
196 943 307 984 6,19.
330 947 557 987 posteaquam
582 953 605 974 a
631 940 806 983 Persepoli
826 941 1001 983 profectus
1026 942 1113 971 erat.
1179 938 1277 971 Adde
1299 937 1457 970 Perizon.
1482 935 1527 970 ad

137 1002 256 1036 Sanct-
292 1000 380 1035 Min.
401 1000 460 1040 IV,
486 999 521 1039 6,
543 999 577 1032 2.
607 1010 641 1041 p.
663 996 745 1032 235.
791 997 857 1030 Ed.
891 997 981 1029 Bau.
1018 1000 1052 1029 et
1083 996 1221 1038 Zumpt.
1257 994 1417 1027 Gramm.
1449 994 1528 1027 Lat.

139 1061 172 1102 §.
191 1057 293 1100 71‚8,
306 1058 338 1090 1.
363 1069 397 1101 p.
416 1056 497 1090 317.
523 1055 625 1100 Quod
648 1053 847 1098 Herzogius
871 1058 989 1087 autem
1015 1053 1061 1085 ad
1085 1053 1120 1086 h.
1147 1052 1172 1086 l.
1197 1056 1232 1085 et
1254 1052 1299 1086 ad
1321 1064 1352 1085 c.
1365 1050 1478 1093 XXX,
1493 1050 1529 1084 1.

139 1121 256 1151 censet
278 1114 534 1160 praepositione
567 1113 688 1147 addita
711 1112 767 1144 vel
791 1110 941 1144 abeundi
974 1111 1033 1143 vel
1057 1110 1242 1143 distantiae
1264 1109 1442 1143 notionem
1464 1120 1530 1142 au-

138 1175 237 1220 geri,
261 1173 422 1207 subtilius
445 1172 583 1205 videtur
606 1181 716 1214 neque
739 1169 813 1202 ullo
837 1169 995 1212 exemplo
1019 1172 1132 1211 potest
1154 1167 1386 1211 comprobari.
1432 1165 1532 1210 Quo-

138 1233 234 1267 circa
254 1230 550 1276 praepositionem
574 1229 618 1263 ad
643 1226 893 1262 abundantiam
916 1227 1072 1269 aliquam
1095 1225 1232 1258 dicendi
1254 1226 1379 1259 refero.

232 1292 264 1332 §.
291 1289 325 1322 6.
375 1287 540 1330 accersit]
571 1285 799 1319 Gerlachium
824 1283 935 1317 secuti
958 1295 1090 1324 sumus,
1109 1283 1169 1326 qui
1188 1294 1251 1327 pro
1270 1281 1425 1322 arcessit,
1438 1279 1531 1324 quod

139 1348 294 1392 quinque
323 1350 460 1380 tantum
494 1344 592 1377 codd.
617 1346 753 1383 tenent,
784 1341 998 1375 relicuorum
1023 1341 1231 1375 auctoritate
1256 1341 1400 1374 accersit
1429 1340 1532 1373 edere

138 1417 209 1440 non
231 1403 425 1443 dubitavit,
448 1411 659 1445 quamquam
684 1399 841 1443 plerique
864 1411 983 1433 omnes
1006 1399 1215 1432 vocabulum
1240 1398 1429 1440 damnant,
1451 1401 1532 1431 tan-

138 1474 248 1508 quam
281 1459 471 1504 analogiae
505 1469 704 1502 repugnans
739 1461 773 1490 et
806 1458 850 1490 ab
882 1455 999 1489 insciis
1035 1455 1191 1489 librariis
1223 1456 1432 1499 profectum.
1475 1454 1532 1489 Cf.

139 1523 279 1557 Manut.
314 1520 358 1553 ad
381 1518 454 1552 Cic.
479 1517 566 1560 Epp.
600 1515 644 1549 ad
675 1515 811 1548 Famm.
837 1515 910 1555 Vll,
932 1513 989 1547 23.
1033 1513 1114 1547 Ger.
1140 1514 1167 1547 1.
1202 1512 1342 1546 Vossius
1374 1509 1532 1557 Etymol.

139 1592 174 1625 p.
197 1579 254 1612 40.
280 1576 455 1611 Graevius
479 1574 522 1608 ad
547 1574 644 1607 Suet.
670 1571 792 1605 Tiber.
817 1572 914 1606 052.
948 1572 1122 1605 Gesnerus
1144 1571 1250 1604 Thes.
1273 1571 1399 1605 L.L.1.
1423 1582 1457 1614 p.
1472 1568 1530 1604 47.

139 1637 322 1673 Ernestius
347 1635 391 1669 ad
415 1633 503 1666 Tac.
528 1631 635 1666 Histt.
658 1631 686 1671 Ι,
709 1630 765 1663 14.
798 1630 986 1663 Ruhnken.
1011 1630 1057 1662 ad
1079 1630 1163 1663 Ter.
1199 1629 1306 1662 Andr.
1337 1628 1376 1668 1,
1403 1626 1446 1669 5,
1473 1626 1532 1661 64.

138 1696 357 1730 Ramshorn.
382 1693 417 1725 in
440 1690 555 1725 Iahnii
577 1688 714 1723 Annali.
731 1687 861 1721 Philol.
886 1692 920 1721 et
943 1687 1098 1731 Paedag.
1127 1698 1159 1720 a.
1179 1685 1283 1721 1827.
1302 1685 1347 1727 11,
1369 1685 1402 1719 1.
1424 1696 1457 1729 p.
1472 1684 1533 1719 39.

139 1751 408 1787 Dubitationem
451 1751 568 1781 tamen
599 1745 721 1779 Vossio
761 1748 795 1778 et
825 1745 985 1779 Manutio
1027 1747 1167 1778 movent
1210 1743 1533 1778 Grammaticorum

140 1814 347 1855 praecepta,
379 1807 475 1840 velut
498 1804 650 1838 Charisii
679 1815 714 1847 p.
732 1801 813 1837 227.
839 1806 873 1836 et
896 1802 1075 1835 Diomedis
1099 1814 1132 1845 p.
1152 1801 1234 1837 375.
1270 1801 1330 1845 qui
1354 1801 1534 1846 significa·

141 1866 247 1902 tionis
270 1864 457 1899 discrimen
481 1866 656 1902 statuunt3
680 1861 803 1894 eodem
826 1859 974 1904 pertinet
1005 1860 1095 1893 Velii
1119 1860 1234 1905 Longi
1257 1871 1291 1903 p.
1314 1858 1418 1893 2232.
1455 1869 1534 1892 sen-

141 1924 272 1967 tentia,
306 1920 543 1956 differentiam
577 1920 622 1953 ab
658 1918 739 1952 aliis
773 1918 1011 1963 excogitatam
1044 1918 1215 1963 negantis.
1277 1917 1388 1950 Recte
1421 1914 1534 1961 igitur

140 1980 324 2016 Manutius
346 1979 372 2015 l.
393 1979 439 2012 l.=
463 1976 746 2021 „Grammaticos
770 1977 812 2010 de
835 1977 943 2010 verbo
968 1987 1142 2010 accersere
1163 1986 1230 2009 non
1249 1973 1440 2008 somniasse
1457 1983 1535 2006 cre-

142 2039 251 2074 dibile
274 2042 345 2081 est,
376 2038 435 2071 sed
460 2042 592 2071 veteres
615 2035 724 2069 libros
747 2034 896 2075 vidisse,
930 2034 965 2067 in
990 2034 1116 2077 quibus
1140 2033 1190 2067 ita
1213 2032 1382 2078 scriptum
1406 2033 1534 2067 esset.“

141 2098 239 2133 Luce
262 2100 315 2130 est
341 2095 435 2129 enim
459 2095 612 2135 clarius,
635 2105 703 2127 non
727 2092 866 2126 finxisse
890 2092 1150 2126 Grammaticos
1174 2103 1348 2125 accersere
1371 2091 1534 2132 verbum,

141 2157 204 2192 sed
235 2160 368 2190 temere
398 2158 533 2187 tantum
566 2164 629 2196 pro
662 2152 798 2186 duobus
837 2150 1015 2184 vocabulis
1047 2150 1233 2191 habuisse,
1265 2149 1359 2193 quod
1386 2159 1425 2181 re
1458 2147 1535 2191 ipsa

144 2225 254 2248 unum
278 2212 383 2247 modo
408 2211 556 2244 verbum
579 2213 642 2243 est.
697 2208 882 2243 verissime
915 2207 1009 2242 enim
1034 2208 1137 2241 Conr.
1171 2207 1274 2251 Leop.
1299 2205 1535 2240 Schneidew-

144 2272 303 2305 Gramm.
329 2271 406 2304 Lat.
434 2269 461 2309 1,
482 2269 514 2302 1.
540 2279 574 2312 p.
595 2267 676 2302 25¹1.
701 2267 852 2310 iudicat,
885 2278 1020 2301 accerso
1043 2266 1137 2299 idem
1161 2276 1236 2300 esse
1261 2269 1366 2308 atque
1388 2273 1533 2304 arcesso,

142 2342 161 2364 r
184 2330 301 2363 littera
325 2325 552 2369 transposita,
576 2337 592 2359 c
617 2329 756 2365 autem,
783 2329 821 2359 ut
844 2325 1003 2370 vulgaris
1024 2323 1116 2358 ratio
1140 2323 1315 2367 postulat,
1341 2320 1531 2367 geminata.

143 2385 331 2420 l'rimitiva
355 2389 473 2416 autem
505 2383 620 2416 forma
644 2394 777 2416 arcesso
809 2394 876 2416 non
906 2388 983 2417 orta
1015 2386 1065 2416 est
1095 2393 1136 2415 ex
1160 2392 1280 2422 arceo,
1315 2385 1353 2414 ut
1377 2379 1531 2422 nermg.

144 2444 190 2478 ad
214 2444 311 2477 Caes.
338 2442 380 2476 B.
407 2442 452 2475 G.
472 2441 498 2482 1,
516 2440 573 2473 31.
598 2439 778 2483 opinatur,
803 2442 862 2474 sed
885 2452 926 2474 ex
950 2453 991 2474 ar
1014 2440 1037 2474 i.
1063 2452 1093 2473 e.
1119 2440 1180 2480 ad,
1207 2443 1241 2472 et
1265 2439 1335 2479 cio,
1361 2437 1451 2470 unde
1475 2435 1533 2469 fu-

144 2506 240 2536 ctum
270 2511 382 2540 cesso,
417 2502 455 2531 ut
479 2509 519 2530 cx
544 2497 654 2537 facio,
691 2499 823 2532 facesso
856 2499 945 2533 lucio
978 2500 1119 2532 lacesso.
1167 2508 1202 2532 v,
1228 2497 1338 2531 Prisc.
1366 2495 1393 2535 1,
1414 2493 1449 2535 8,
1472 2491 1532 2527 45.

144 2571 179 2603 p.
199 2559 255 2592 43.
277 2559 339 2591 Kr.
365 2567 434 2599 quo
459 2555 538 2589 loco
563 2556 736 2589 Gesnerus
759 2557 853 2590 haud
878 2561 970 2591 recte
993 2556 1122 2597 utitur,
1147 2560 1184 2589 ut
1207 2556 1430 2593 demonstret,
1454 2550 1534 2585 Pri-

144 2617 263 2651 seiano
289 2627 458 2649 arcessere
484 2618 618 2648 tantum
653 2614 805 2656 probari.
862 2615 1053 2658 Utramque
1086 2614 1237 2647 sormam
1268 2612 1390 2645 eadem
1419 2608 1533 2654 signi-

146 2673 306 2707 ficatione
330 2672 491 2718 agnoscit
515 2671 678 2705 Gitanius
702 2672 746 2705 ad
773 2673 909 2706 lnicret.
939 2684 973 2716 p.
995 2671 1075 2706 308.
1109 2682 1151 2706 ac
1182 2681 1291 2714 nuper
1314 2678 1448 2702 accerso
1472 2666 1533 2700 do-

149 2732 356 2767 lende-ndum
388 2730 537 2774 suscepit
559 2730 740 2774 Zumptius
769 2729 806 2764 in
836 2729 952 2765 lulmii
984 2729 1123 2764 Annali.
1155 2727 1284 2763 Philol.
1316 2730 1352 2761 et
1377 2723 1529 2768 Paedag.
