1630 3034
171 186 255 227 464
544 178 589 222 C.
619 176 942 222 SALLUSTI
970 176 1192 221 CRISPI

174 297 314 358 pluris
367 295 488 357 preti
545 310 705 339 cocum
759 310 895 354 quam
945 294 1140 338 villicum
1183 292 1348 338 habeo.
1432 292 1562 348 Quae
1581 283 1596 301 ⁶

105 391 162 445 '40
174 394 290 438 mihi
317 393 444 437 lubet
479 393 704 449 confiteri,
739 365 961 447 Quirites}
1008 405 1113 434 nam
1150 405 1205 434 ex
1238 396 1426 450 parente
1461 403 1565 434 meo

174 497 219 535 et
249 474 304 535 en
339 490 434 535 aliis
471 490 630 534 sanctis
673 489 776 533 viris
815 489 877 532 ita
911 489 1092 548 accepi,
1140 487 1376 531 munditias
1412 487 1565 531 mulie-

172 588 326 643 ribus,
369 586 470 631 viris
514 586 717 630 laborem
767 585 1009 629 convenire
1030 619 1044 643 ,
1098 585 1395 643 omnibusque
1437 584 1567 628 bonis

176 691 387 745 oportere
431 684 534 744 plus
578 683 750 744 gloriae
798 698 934 741 quam
972 681 1224 726 divitiarum
1270 695 1392 734 esse3
1430 696 1568 737 arma,

110 796 268 837 41non
321 781 645 842 supellectilem
703 779 859 824 decori
913 794 1024 823 esse.
1109 779 1230 834 Quin
1287 793 1399 839 ergo
1445 777 1569 836 quod

177 948 222 981 R.
247 947 276 990 l,
300 947 336 981 2.
363 946 474 981 Con-r.
522 948 577 981 De
607 946 770 981 universa
800 958 839 981 re
872 946 918 980 cf.
952 946 1091 980 doctam
1118 943 1282 978 Creuzeri
1306 943 1573 978 commentatio-

177 1020 257 1042 nem
280 1009 317 1042 in
339 1008 482 1053 Antiqq.
507 1009 612 1043 Rom.
636 1020 670 1051 p.
694 1007 766 1042 407
784 1027 828 1032 —-
846 1006 929 1042 437.
952 1007 1007 1040 ed.
1031 1006 1076 1039 11.
1091 1024 1138 1030 —
1164 1005 1301 1046 Coeum,
1325 1005 1368 1038 de
1392 1015 1464 1048 qua
1488 1003 1571 1038 scri—

177 1069 283 1103 bendi
313 1068 451 1104 ratione
474 1081 508 1104 v.
540 1067 747 1103 Schneideri
771 1068 931 1102 Gramm.
968 1067 1045 1101 Lat.
1069 1066 1105 1108 l,
1138 1066 1171 1099 1.
1203 1078 1240 1109 p.
1264 1064 1363 1104 336„
1389 1065 1440 1098 ita
1463 1067 1576 1098 exstat

175 1130 213 1163 in
239 1131 322 1164 Bas.
347 1130 381 1166 1.
404 1129 485 1164 Sen.
510 1130 542 1164 1.
567 1130 673 1163 Fabr.
698 1129 732 1163 2.
759 1129 878 1163 Guelf.
902 1128 936 1164 1.
962 1128 1002 1169 2.
1023 1127 1056 1162 6.
1081 1126 1116 1161 9.
1142 1127 1246 1160 Misn.
1271 1130 1306 1160 et
1329 1125 1447 1160 Goerl.
1473 1125 1575 1158 Cete-

177 1203 257 1225 rum
281 1191 390 1225 habeo
414 1192 452 1225 h.
477 1191 502 1226 l.
527 1201 597 1224 non
620 1189 796 1234 signifieat
820 1194 1000 1230 aestuum,
1034 1189 1093 1222 sed
1114 1188 1291 1232 possideo,
1315 1197 1384 1230 quo
1409 1185 1575 1227 efficitur,

177 1257 216 1288 ut
239 1252 353 1288 verba‘
369 1253 478 1298 pluris
498 1251 593 1297 preti
630 1262 694 1291 pro
727 1250 882 1294 epitheto
913 1248 1013 1284 vocis
1043 1261 1163 1285 cocum
1196 1248 1284 1290 sint,
1318 1234 1574 1291 quassffiictum

177 1314 268 1349 foret
291 1315 423 1349 maiore
448 1313 562 1358 pret-io
585 1316 754 1356 paratum
777 1321 906 1344 cocum.

270 1376 303 1418 §-
326 1374 384 1410 40.
431 1386 474 1409 ez·
498 1374 579 1407 aliis
602 1372 731 1406 sanctis
755 1371 864 1413 viris]
900 1371 990 1405 Aliis
1014 1371 1109 1407 deest
1132 1370 1169 1405 in
1192 1371 1267 1405 solo
1292 1369 1375 1403 Seu.
1400 1369 1447 1410 1.,
1471 1378 1577 1412 quem

179 1435 318 1470 Cottius
341 1436 468 1480 cupide
491 1438 630 1468 secutus
653 1437 726 1475 est,
752 1432 835 1476 quia
859 1442 1030 1477 arrogans
1053 1438 1088 1467 et
1111 1443 1236 1476 parum
1260 1431 1435 1465 modestus
1457 1429 1577 1463 videa-

177 1500 236 1531 tur
274 1496 409 1531 Marius
425 1522 436 1540 ‚
473 1495 503 1529 si
534 1496 608 1538 ipse
630 1498 768 1538 patrem
792 1497 952 1527 sanctum
987 1492 1103 1527 virum
1128 1492 1234 1526 dicat.
1282 1491 1352 1525 Sed
1376 1490 1578 1532 videndum,

178 1569 222 1591 ne
246 1557 347 1599 talis,
375 1557 514 1600 qualem
539 1556 676 1590 eortius
701 1555 789 1596 vult,
815 1554 987 1589 modestia
1010 1558 1046 1589 et
1068 1565 1090 1588 a
1113 1552 1223 1587 Marii
1245 1551 1386 1586 incultis
1409 1550 1577 1593 moribus,

179 1622 215 1652 et
238 1618 285 1651 ab
309 1617 525 1661 antiquitatis
547 1615 772 1660 simplicitate
803 1616 1018 1651 alienissima
1041 1616 1099 1650 sit.
1147 1615 1240 1650 Ram
1272 1613 1381 1658 patris
1411 1612 1579 1646 virtutem

179 1690 378 1713 memorare
410 1689 479 1712 non
510 1677 784 1716 immodestum,
815 1676 875 1709 sed
904 1677 1021 1719 potius
1054 1677 1154 1720 pium
1187 1676 1383 1709 videbatur.
1430 1674 1580 1708 Sanctus

180 1744 300 1775 autem
339 1740 439 1773 homo
463 1738 590 1772 dicitur
622 1737 682 1781 qui
706 1740 758 1770 est
789 1735 926 1780 integer
950 1737 1045 1771 vitae
1077 1736 1305 1779 omniumque
1328 1732 1470 1767 omnino
1494 1732 1579 1766 offi-

181 1800 319 1835 ciorum
352 1805 457 1843 atque
488 1798 627 1832 honesti
653 1795 1001 1838 observantissimus;
1037 1796 1083 1831 cf.
1114 1796 1268 1830 infra-c.
1304 1795 1394 1836 Clx,
1419 1793 1453 1827 4.
1478 1798 1513 1827 et
1543 1804 1577 1827 V.

180 1861 363 1895 Bromium
389 1861 434 1895 ad
455 1860 540 1904 Nep.
565 1858 718 1904 Lysand.
744 1869 774 1891 c.
799 1857 856 1890 lv.
882 1857 942 1898 1.;
976 1858 1068 1891 unde
1099 1869 1146 1891 sa
1163 1862 1266 1891 ncta
1296 1855 1421 1889 mulier
1447 1853 1580 1888 intelli-

181 1922 279 1968 gitur
301 1926 402 1956 casta
427 1933 468 1955 ae
494 1921 646 1966 pudica,
681 1920 727 1954 cf.
745 1918 868 1962 intprr.
893 1918 939 1952 ad
962 1919 1041 1952 Liv.
1066 1918 1110 1959 X,
1134 1917 1195 1960 23,
1218 1916 1252 1951 8.
1300 1917 1355 1950 De
1379 1915 1580 1949 discrimine

181 1983 272 2017 inter
307 1987 448 2017 sanctus
484 1986 520 2016 et
565 1992 664 2016 sacer
705 1991 741 2013 v.
773 1978 977 2013 Doederlini
1017 1978 1252 2023 Synonymm.
1294 1977 1372 2011 Lat.
1407 1977 1486 2011 Vol.
1515 1976 1579 2011 111.

182 2057 216 2089 p.
240 2043 321 2079 198.
368 2044 566 2087 Utrumque
599 2041 692 2076 enim
716 2038 843 2074 dieitur
865 2042 1026 2083 respectu
1049 2039 1216 2081 deorum,
1247 2037 1308 2072 sed
1332 2037 1403 2079 ita,
1435 2042 1474 2072 ut
1498 2048 1581 2072 san-

182 2110 275 2139 ctum
298 2104 344 2139 sit
374 2104 430 2146 id,
467 2105 559 2148 quod
593 2104 737 2138 deorum
770 2101 899 2136 tutelae
925 2100 1151 2135 commissum
1176 2111 1244 2134 non
1267 2097 1526 2133 contaminatur
1547 2100 1582 2132 et

183 2166 306 2210 quavis
339 2166 481 2200 macula
513 2166 664 2199 liberum
690 2167 767 2204 est,
799 2173 937 2197 sacrum
970 2173 1081 2204 vero,
1112 2162 1204 2207 quod
1229 2161 1373 2195 deorum
1398 2156 1581 2203 proprium

185 2231 294 2262 estet
321 2239 343 2262 a
376 2227 480 2261 rebus
514 2225 680 2261 humanis
711 2223 813 2268 quasi
846 2228 1085 2268 segregatum.
1134 2224 1262 2257 Sancto
1296 2220 1390 2264 apud
1422 2219 1581 2254 Graecos

185 2289 369 2333 respondet
391 2286 508 2329 ὅσιον,
533 2298 632 2321 sacro
656 2281 783 2329 ὶερόνς
807 2283 895 2318 illud
914 2283 1100 2327 opponitur
1115 2284 1259 2328 polluto,
1280 2282 1351 2316 hec
1371 2282 1581 2326 profano.—

186 2350 238 2383 De
261 2351 314 2384 ita
338 2350 509 2393 particula
540 2350 648 2382 verbo
672 2346 811 2390 accepi,
845 2345 936 2378 unde
963 2345 1089 2388 pendet
1113 2343 1332 2379 accusativus
1361 2354 1392 2377 c.
1418 2341 1496 2383 int,
1519 2341 1582 2376 ad-

186 2410 258 2444 dita
292 2410 335 2444 cl'.
359 2411 496 2454 Zumpt.
521 2409 680 2443 Gramm.
717 2407 792 2441 Lat.
825 2408 858 2448 §-
883 2405 948 2447 85,
975 2405 1031 2442 10.
1064 2418 1098 2450 p.
1124 2405 1194 2439 503
1218 2417 1269 2449 sq.
1305 2404 1387 2438 coll.
1421 2403 1496 2438 Cat.
1522 2403 1581 2445 Ll,

186 2470 220 2503 7.
245 2489 289 2495 -
307 2471 500 2505 Munditias
524 2468 731 2515 praegnanti
754 2479 854 2501 sensu
879 2467 1015 2501 Murius
1039 2467 1205 2512 iutelligit
1226 2466 1355 2500 nimias
1378 2465 1471 2505 illas,
1489 2464 1580 2497 mol-

186 2531 238 2564 les
262 2535 295 2564 et
319 2531 534 2573 luxuriosas,
559 2542 646 2575 quas
670 2529 777 2564 etium
802 2529 924 2562 Cicero
950 2528 1052 2562 vitari
1079 2530 1175 2569 vult,
1201 2528 1243 2561 de
1267 2527 1339 2560 Off.
1366 2527 1392 2567 Ι,
1416 2524 1475 2565 36,
1497 2523 1578 2558 13⁰.

190 2592 398 2626 Adhibenda
437 2598 486 2626 est
518 2592 691 2626 munditia
731 2602 816 2623 ‘non
856 2590 1022 2623 odiosa
1062 2601 1207 2633 neque
1243 2586 1480 2631 exquisita
1517 2586 1580 2618 ni-

189 2653 292 2695 mis,
326 2658 461 2686 tantum
497 2664 586 2697 quac
618 2653 744 2697 sug-iat
779 2656 953 2695 agrestem
987 2654 1020 2684 et
1055 2650 1280 2682 inhumanam
1309 2646 1580 2691 negligentiam.

191 2714 235 2747 cf.
265 2713 340 2747 Liv.
370 2714 534 2755 XRMV,
558 2714 601 2755 7,
625 2714 658 2746 ll.
713 2713 812 2745 Mun
825 2712 978 2745 ditiae
1012 2716 1047 2744 et
1079 2715 1222 2743 ornatus
1255 2714 1288 2743 et
1322 2708 1456 2748 cultus,
1493 2707 1579 2740 haec

185 2775 398 2816 seminarum
430 2774 584 2819 insignia
614 2779 715 2813 ευιιες
744 2773 834 2807 hunc
867 2772 1086 2806 mundum
1120 2769 1389 2804 muliebrem
1423 2769 1580 2813 appetiu-
