<?xml version="1.0" encoding="UTF-8"?>
<!DOCTYPE html PUBLIC "-//W3C//DTD XHTML 1.0 Transitional//EN"
    "http://www.w3.org/TR/xhtml1/DTD/xhtml1-transitional.dtd">
<html xmlns="http://www.w3.org/1999/xhtml" xml:lang="en" lang="en">
 <head>
  <title>
</title>
<meta http-equiv="Content-Type" content="text/html;charset=utf-8" />
  <meta name='ocr-system' content='tesseract 3.04.00' />
  <meta name='ocr-capabilities' content='ocr_page ocr_carea ocr_par ocr_line ocrx_word'/>
</head>
<body>
  <div class='ocr_page' id='page_1' title='image "./operaquaesupeappx01salluoft_0625.png"; bbox 0 0 1630 3034; ppageno 0'>
   <div class='ocr_carea' id='block_1_1' title="bbox 453 151 1511 196">
    <p class='ocr_par' dir='ltr' id='par_1_1' title="bbox 453 151 1511 196">
     <span class='ocr_line' id='line_1_1' title="bbox 453 151 1511 196; baseline -0.003 0"><span class='ocrx_word' id='word_1_1' title='bbox 453 151 823 196; x_wconf 90' lang='lat' dir='ltr'>IUGURTHA.</span> <span class='ocrx_word' id='word_1_2' title='bbox 882 151 1010 194; x_wconf 84' lang='lat' dir='ltr'>CAP.</span> <span class='ocrx_word' id='word_1_3' title='bbox 1038 151 1193 194; x_wconf 88' lang='lat' dir='ltr'>XLIII.</span> <span class='ocrx_word' id='word_1_4' title='bbox 1426 154 1511 195; x_wconf 75' lang='lat'>249</span> 
     </span>
    </p>
   </div>
   <div class='ocr_carea' id='block_1_2' title="bbox 130 267 1543 716">
    <p class='ocr_par' dir='ltr' id='par_1_2' title="bbox 130 267 1543 716">
     <span class='ocr_line' id='line_1_2' title="bbox 131 267 1510 327; baseline -0.003 -12"><span class='ocrx_word' id='word_1_5' title='bbox 131 271 334 316; x_wconf 82' lang='lat' dir='ltr'>ctoritate</span> <span class='ocrx_word' id='word_1_6' title='bbox 378 271 486 314; x_wconf 82' lang='lat' dir='ltr'>socii</span> <span class='ocrx_word' id='word_1_7' title='bbox 532 284 784 327; x_wconf 82' lang='lat' dir='ltr'><strong>nomenque</strong></span> <span class='ocrx_word' id='word_1_8' title='bbox 830 268 1065 324; x_wconf 83' lang='lat' dir='ltr'>Latinum,</span> <span class='ocrx_word' id='word_1_9' title='bbox 1127 274 1173 311; x_wconf 85' lang='lat' dir='ltr'>et</span> <span class='ocrx_word' id='word_1_10' title='bbox 1216 282 1348 327; x_wconf 84' lang='lat' dir='ltr'>reges</span> <span class='ocrx_word' id='word_1_11' title='bbox 1393 267 1510 311; x_wconf 88' lang='lat' dir='ltr'>ultro</span> 
     </span>
     <span class='ocr_line' id='line_1_3' title="bbox 132 364 1511 426; baseline -0.002 -15"><span class='ocrx_word' id='word_1_12' title='bbox 132 368 290 411; x_wconf 83' lang='lat' dir='ltr'>auxilia</span> <span class='ocrx_word' id='word_1_13' title='bbox 324 367 522 423; x_wconf 82' lang='lat' dir='ltr'>mittere3</span> <span class='ocrx_word' id='word_1_14' title='bbox 565 373 794 426; x_wconf 84' lang='lat' dir='ltr'>postremo</span> <span class='ocrx_word' id='word_1_15' title='bbox 839 365 980 410; x_wconf 82' lang='lat' dir='ltr'>omnis</span> <span class='ocrx_word' id='word_1_16' title='bbox 1025 364 1172 408; x_wconf 65' lang='lat' dir='ltr'>civitas</span> <span class='ocrx_word' id='word_1_17' title='bbox 1209 379 1380 408; x_wconf 86' lang='lat' dir='ltr'>summo</span> <span class='ocrx_word' id='word_1_18' title='bbox 1416 371 1511 408; x_wconf 87' lang='lat' dir='ltr'>stu-</span> 
     </span>
     <span class='ocr_line' id='line_1_4' title="bbox 133 461 1543 521; baseline -0.001 -14"><span class='ocrx_word' id='word_1_19' title='bbox 133 463 208 508; x_wconf 84' lang='lat' dir='ltr'>dio</span> <span class='ocrx_word' id='word_1_20' title='bbox 245 464 530 507; x_wconf 82' lang='lat' dir='ltr'>annitebatur.</span> <span class='ocrx_word' id='word_1_21' title='bbox 601 463 758 521; x_wconf 86' lang='lat' dir='ltr'>Itaque</span> <span class='ocrx_word' id='word_1_22' title='bbox 801 476 855 505; x_wconf 83' lang='lat' dir='ltr'>ex</span> <span class='ocrx_word' id='word_1_23' title='bbox 890 461 1104 505; x_wconf 82' lang='lat' dir='ltr'>sententia</span> <span class='ocrx_word' id='word_1_24' title='bbox 1138 462 1339 505; x_wconf 83' lang='lat' dir='ltr'>omnibus</span> <span class='ocrx_word' id='word_1_25' title='bbox 1375 462 1543 505; x_wconf 80' lang='lat' dir='ltr'>rebus5</span> 
     </span>
     <span class='ocr_line' id='line_1_5' title="bbox 130 557 1510 619; baseline -0.001 -16"><span class='ocrx_word' id='word_1_26' title='bbox 130 561 294 619; x_wconf 84' lang='lat' dir='ltr'>paratis</span> <span class='ocrx_word' id='word_1_27' title='bbox 326 559 684 619; x_wconf 80' lang='lat' dir='ltr'>compositisque,</span> <span class='ocrx_word' id='word_1_28' title='bbox 720 559 763 601; x_wconf 89' lang='lat' dir='ltr'>in</span> <span class='ocrx_word' id='word_1_29' title='bbox 793 557 1052 601; x_wconf 84' lang='lat' dir='ltr'><strong>Numidiam</strong></span> <span class='ocrx_word' id='word_1_30' title='bbox 1080 557 1377 616; x_wconf 83' lang='lat' dir='ltr'>proficiscitur</span> <span class='ocrx_word' id='word_1_31' title='bbox 1412 573 1510 602; x_wconf 86' lang='lat' dir='ltr'>ma-</span> 
     </span>
     <span class='ocr_line' id='line_1_6' title="bbox 131 654 1510 716; baseline -0.001 -16"><span class='ocrx_word' id='word_1_32' title='bbox 131 672 222 716; x_wconf 84' lang='lat' dir='ltr'>gna</span> <span class='ocrx_word' id='word_1_33' title='bbox 266 671 346 716; x_wconf 88' lang='lat' dir='ltr'>spe</span> <span class='ocrx_word' id='word_1_34' title='bbox 391 656 574 710; x_wconf 71' lang='lat' dir='ltr'>civium,</span> <span class='ocrx_word' id='word_1_35' title='bbox 635 670 773 713; x_wconf 88' lang='lat' dir='ltr'>quum</span> <span class='ocrx_word' id='word_1_36' title='bbox 818 660 1007 714; x_wconf 84' lang='lat' dir='ltr'>propter</span> <span class='ocrx_word' id='word_1_37' title='bbox 1052 654 1192 697; x_wconf 89' lang='lat' dir='ltr'>bonas</span> <span class='ocrx_word' id='word_1_38' title='bbox 1238 655 1363 711; x_wconf 80' lang='lat' dir='ltr'>artis,</span> <span class='ocrx_word' id='word_1_39' title='bbox 1416 659 1510 699; x_wconf 83' lang='lat' dir='ltr'>tum</span> 
     </span>
    </p>
   </div>
   <div class='ocr_carea' id='block_1_3' title="bbox 131 750 1510 810">
    <p class='ocr_par' dir='ltr' id='par_1_3' title="bbox 131 750 1510 810">
     <span class='ocr_line' id='line_1_7' title="bbox 131 750 1510 810; baseline -0.001 -14"><span class='ocrx_word' id='word_1_40' title='bbox 131 767 360 808; x_wconf 81' lang='lat' dir='ltr'><strong>maxume,</strong></span> <span class='ocrx_word' id='word_1_41' title='bbox 405 752 528 810; x_wconf 88' lang='lat' dir='ltr'>quod</span> <span class='ocrx_word' id='word_1_42' title='bbox 574 751 809 795; x_wconf 81' lang='lat' dir='ltr'>advorsum</span> <span class='ocrx_word' id='word_1_43' title='bbox 855 750 1027 795; x_wconf 76' lang='lat' dir='ltr'>divitias</span> <span class='ocrx_word' id='word_1_44' title='bbox 1069 751 1280 793; x_wconf 77' lang='lat' dir='ltr'>invictum</span> <span class='ocrx_word' id='word_1_45' title='bbox 1316 752 1510 795; x_wconf 89' lang='lat' dir='ltr'>animum</span> 
     </span>
    </p>
   </div>
   <div class='ocr_carea' id='block_1_4' title="bbox 131 860 1553 2785">
    <p class='ocr_par' dir='ltr' id='par_1_4' title="bbox 131 860 1553 2725">
     <span class='ocr_line' id='line_1_8' title="bbox 132 860 1515 906; baseline -0.001 -9"><span class='ocrx_word' id='word_1_46' title='bbox 132 863 262 897; x_wconf 73' lang='lat' dir='ltr'>caussis</span> <span class='ocrx_word' id='word_1_47' title='bbox 293 862 501 906; x_wconf 73' lang='lat' dir='ltr'>intelligitur</span> <span class='ocrx_word' id='word_1_48' title='bbox 523 862 679 895; x_wconf 80' lang='lat' dir='ltr'>effictum</span> <span class='ocrx_word' id='word_1_49' title='bbox 702 873 775 895; x_wconf 71' lang='lat' dir='ltr'>esse</span> <span class='ocrx_word' id='word_1_50' title='bbox 799 872 821 895; x_wconf 82' lang='lat' dir='ltr'>a</span> <span class='ocrx_word' id='word_1_51' title='bbox 844 860 1009 895; x_wconf 74' lang='lat' dir='ltr'>librariis.</span> <span class='ocrx_word' id='word_1_52' title='bbox 1056 860 1164 893; x_wconf 77' lang='lat' dir='ltr'>valde</span> <span class='ocrx_word' id='word_1_53' title='bbox 1194 860 1286 894; x_wconf 87' lang='lat' dir='ltr'>enim</span> <span class='ocrx_word' id='word_1_54' title='bbox 1318 864 1515 904; x_wconf 72' lang='lat' dir='ltr'>suspectum</span> 
     </span>
     <span class='ocr_line' id='line_1_9' title="bbox 131 921 1513 968; baseline -0.001 -10"><span class='ocrx_word' id='word_1_55' title='bbox 131 936 175 959; x_wconf 82' lang='lat' dir='ltr'>eo</span> <span class='ocrx_word' id='word_1_56' title='bbox 199 925 372 968; x_wconf 79' lang='lat' dir='ltr'>redditur,</span> <span class='ocrx_word' id='word_1_57' title='bbox 396 925 488 967; x_wconf 89' lang='lat' dir='ltr'>quod</span> <span class='ocrx_word' id='word_1_58' title='bbox 513 924 596 957; x_wconf 72' lang='lat' dir='ltr'>Bas.</span> <span class='ocrx_word' id='word_1_59' title='bbox 621 923 654 958; x_wconf 67' lang='lat'>4.</span> <span class='ocrx_word' id='word_1_60' title='bbox 678 924 786 956; x_wconf 74' lang='lat' dir='ltr'>habet</span> <span class='ocrx_word' id='word_1_61' title='bbox 808 924 971 964; x_wconf 82' lang='lat' dir='ltr'>mittunt,</span> <span class='ocrx_word' id='word_1_62' title='bbox 1003 922 1096 955; x_wconf 81' lang='lat' dir='ltr'>Med.</span> <span class='ocrx_word' id='word_1_63' title='bbox 1121 921 1154 955; x_wconf 79' lang='grc'>4.</span> <span class='ocrx_word' id='word_1_64' title='bbox 1179 927 1294 955; x_wconf 84' lang='lat' dir='ltr'>autem</span> <span class='ocrx_word' id='word_1_65' title='bbox 1318 923 1513 965; x_wconf 79' lang='lat' dir='ltr'>mittebant,</span> 
     </span>
     <span class='ocr_line' id='line_1_10' title="bbox 131 982 1514 1029; baseline -0.001 -11"><span class='ocrx_word' id='word_1_66' title='bbox 131 996 221 1029; x_wconf 85' lang='lat' dir='ltr'>quae</span> <span class='ocrx_word' id='word_1_67' title='bbox 242 991 388 1028; x_wconf 81' lang='lat' dir='ltr'>utraque</span> <span class='ocrx_word' id='word_1_68' title='bbox 411 983 514 1016; x_wconf 67' lang='lat' dir='ltr'>simul</span> <span class='ocrx_word' id='word_1_69' title='bbox 539 994 616 1016; x_wconf 90' lang='lat' dir='ltr'>cum</span> <span class='ocrx_word' id='word_1_70' title='bbox 641 983 812 1017; x_wconf 74' lang='lat' dir='ltr'>infinitivo</span> <span class='ocrx_word' id='word_1_71' title='bbox 842 994 909 1015; x_wconf 89' lang='lat' dir='ltr'>non</span> <span class='ocrx_word' id='word_1_72' title='bbox 933 983 1123 1026; x_wconf 77' lang='lat' dir='ltr'>potuissent</span> <span class='ocrx_word' id='word_1_73' title='bbox 1147 982 1256 1022; x_wconf 86' lang='lat' dir='ltr'>oriri,</span> <span class='ocrx_word' id='word_1_74' title='bbox 1293 982 1321 1015; x_wconf 82' lang='lat' dir='ltr'>si</span> <span class='ocrx_word' id='word_1_75' title='bbox 1345 984 1514 1017; x_wconf 81' lang='lat' dir='ltr'>mittendo</span> 
     </span>
     <span class='ocr_line' id='line_1_11' title="bbox 132 1042 1515 1088; baseline -0.001 -9"><span class='ocrx_word' id='word_1_76' title='bbox 132 1045 177 1079; x_wconf 79' lang='lat' dir='ltr'>ab</span> <span class='ocrx_word' id='word_1_77' title='bbox 211 1045 286 1088; x_wconf 83' lang='lat' dir='ltr'>ipso</span> <span class='ocrx_word' id='word_1_78' title='bbox 310 1045 478 1078; x_wconf 71' lang='lat' dir='ltr'>Sallustio</span> <span class='ocrx_word' id='word_1_79' title='bbox 513 1049 600 1078; x_wconf 78' lang='lat' dir='ltr'>esset</span> <span class='ocrx_word' id='word_1_80' title='bbox 628 1043 813 1088; x_wconf 82' lang='lat' dir='ltr'>proditum.</span> <span class='ocrx_word' id='word_1_81' title='bbox 862 1043 990 1076; x_wconf 82' lang='lat' dir='ltr'>Contra</span> <span class='ocrx_word' id='word_1_82' title='bbox 1021 1047 1116 1086; x_wconf 85' lang='lat' dir='ltr'>patet</span> <span class='ocrx_word' id='word_1_83' title='bbox 1147 1053 1189 1075; x_wconf 83' lang='lat' dir='ltr'>ex</span> <span class='ocrx_word' id='word_1_84' title='bbox 1212 1042 1384 1076; x_wconf 76' lang='lat' dir='ltr'>infinitivo</span> <span class='ocrx_word' id='word_1_85' title='bbox 1408 1055 1515 1077; x_wconf 91' lang='lat' dir='ltr'>unum</span> 
     </span>
     <span class='ocr_line' id='line_1_12' title="bbox 132 1102 1514 1148; baseline -0.001 -9"><span class='ocrx_word' id='word_1_86' title='bbox 132 1106 256 1139; x_wconf 77' lang='lat' dir='ltr'>fecisse</span> <span class='ocrx_word' id='word_1_87' title='bbox 287 1107 452 1146; x_wconf 76' lang='lat' dir='ltr'>mittunt,</span> <span class='ocrx_word' id='word_1_88' title='bbox 488 1104 604 1139; x_wconf 84' lang='lat' dir='ltr'>alium</span> <span class='ocrx_word' id='word_1_89' title='bbox 631 1105 838 1144; x_wconf 67' lang='lat' dir='ltr'>mittebant,</span> <span class='ocrx_word' id='word_1_90' title='bbox 873 1103 1043 1148; x_wconf 76' lang='lat' dir='ltr'>plurimos</span> <span class='ocrx_word' id='word_1_91' title='bbox 1068 1102 1256 1144; x_wconf 79' lang='lat' dir='ltr'>mittendo,</span> <span class='ocrx_word' id='word_1_92' title='bbox 1290 1103 1421 1137; x_wconf 63' lang='lat' dir='ltr'>scilieet</span> <span class='ocrx_word' id='word_1_93' title='bbox 1445 1116 1514 1147; x_wconf 88' lang='lat' dir='ltr'>quo</span> 
     </span>
     <span class='ocr_line' id='line_1_13' title="bbox 133 1162 1516 1209; baseline 0 -11"><span class='ocrx_word' id='word_1_94' title='bbox 133 1165 229 1209; x_wconf 79' lang='lat' dir='ltr'>prius</span> <span class='ocrx_word' id='word_1_95' title='bbox 260 1177 397 1209; x_wconf 80' lang='lat' dir='ltr'>quoque</span> <span class='ocrx_word' id='word_1_96' title='bbox 428 1165 594 1198; x_wconf 79' lang='lat' dir='ltr'>orationis</span> <span class='ocrx_word' id='word_1_97' title='bbox 626 1167 823 1198; x_wconf 81' lang='lat' dir='ltr'>membrum</span> <span class='ocrx_word' id='word_1_98' title='bbox 855 1165 1000 1198; x_wconf 83' lang='lat' dir='ltr'>eandem</span> <span class='ocrx_word' id='word_1_99' title='bbox 1036 1166 1140 1205; x_wconf 83' lang='lat' dir='ltr'>atque</span> <span class='ocrx_word' id='word_1_100' title='bbox 1171 1162 1340 1205; x_wconf 76' lang='lat' dir='ltr'>posterius</span> <span class='ocrx_word' id='word_1_101' title='bbox 1369 1164 1516 1199; x_wconf 80' lang='lat' dir='ltr'>haberet</span> 
     </span>
     <span class='ocr_line' id='line_1_14' title="bbox 131 1223 1515 1269; baseline -0.001 -10"><span class='ocrx_word' id='word_1_102' title='bbox 131 1229 354 1260; x_wconf 78' lang='lat' dir='ltr'>structuram.</span> <span class='ocrx_word' id='word_1_103' title='bbox 402 1226 560 1269; x_wconf 81' lang='lat' dir='ltr'>Denique</span> <span class='ocrx_word' id='word_1_104' title='bbox 588 1226 649 1269; x_wconf 86' lang='lat' dir='ltr'>qui</span> <span class='ocrx_word' id='word_1_105' title='bbox 672 1224 921 1259; x_wconf 78' lang='lat' dir='ltr'>Sallustianum</span> <span class='ocrx_word' id='word_1_106' title='bbox 956 1223 1092 1257; x_wconf 86' lang='lat' dir='ltr'>dicendi</span> <span class='ocrx_word' id='word_1_107' title='bbox 1115 1234 1224 1267; x_wconf 77' lang='lat' dir='ltr'>genus</span> <span class='ocrx_word' id='word_1_108' title='bbox 1248 1223 1425 1268; x_wconf 82' lang='lat' dir='ltr'>cognitum</span> <span class='ocrx_word' id='word_1_109' title='bbox 1449 1225 1515 1258; x_wconf 87' lang='lat' dir='ltr'>ha-</span> 
     </span>
     <span class='ocr_line' id='line_1_15' title="bbox 134 1283 1515 1330; baseline 0 -12"><span class='ocrx_word' id='word_1_110' title='bbox 134 1285 213 1327; x_wconf 81' lang='lat' dir='ltr'>het,</span> <span class='ocrx_word' id='word_1_111' title='bbox 242 1286 348 1319; x_wconf 75' lang='lat' dir='ltr'>facile</span> <span class='ocrx_word' id='word_1_112' title='bbox 378 1287 500 1320; x_wconf 72' lang='lat' dir='ltr'>sentiet</span> <span class='ocrx_word' id='word_1_113' title='bbox 529 1298 634 1330; x_wconf 83' lang='lat' dir='ltr'>quam</span> <span class='ocrx_word' id='word_1_114' title='bbox 667 1298 709 1320; x_wconf 84' lang='lat' dir='ltr'>ex</span> <span class='ocrx_word' id='word_1_115' title='bbox 731 1285 805 1319; x_wconf 73' lang='lat' dir='ltr'>eius</span> <span class='ocrx_word' id='word_1_116' title='bbox 829 1296 926 1318; x_wconf 85' lang='lat' dir='ltr'>more</span> <span class='ocrx_word' id='word_1_117' title='bbox 949 1283 994 1318; x_wconf 85' lang='lat' dir='ltr'>sit</span> <span class='ocrx_word' id='word_1_118' title='bbox 1016 1287 1054 1317; x_wconf 84' lang='lat' dir='ltr'>ut</span> <span class='ocrx_word' id='word_1_119' title='bbox 1077 1283 1287 1317; x_wconf 72' lang='lat' dir='ltr'>infinitivum</span> <span class='ocrx_word' id='word_1_120' title='bbox 1309 1284 1515 1318; x_wconf 79' lang='lat' dir='ltr'>historicum</span> 
     </span>
     <span class='ocr_line' id='line_1_16' title="bbox 133 1343 1513 1390; baseline 0 -11"><span class='ocrx_word' id='word_1_121' title='bbox 133 1347 283 1390; x_wconf 81' lang='lat' dir='ltr'>excipiat</span> <span class='ocrx_word' id='word_1_122' title='bbox 307 1347 570 1390; x_wconf 80' lang='lat' dir='ltr'>imperfectum,</span> <span class='ocrx_word' id='word_1_123' title='bbox 601 1359 636 1381; x_wconf 77' lang='lat' dir='ltr'>v.</span> <span class='ocrx_word' id='word_1_124' title='bbox 661 1347 702 1381; x_wconf 88' lang='lat' dir='ltr'>ad</span> <span class='ocrx_word' id='word_1_125' title='bbox 728 1358 758 1380; x_wconf 90' lang='lat' dir='ltr'>c.</span> <span class='ocrx_word' id='word_1_126' title='bbox 783 1346 847 1380; x_wconf 82' lang='lat' dir='ltr'>XV</span> <span class='ocrx_word' id='word_1_127' title='bbox 862 1372 872 1388; x_wconf 86' lang='lat'>,</span> <span class='ocrx_word' id='word_1_128' title='bbox 889 1346 947 1388; x_wconf 83' lang='grc'>2.,</span> <span class='ocrx_word' id='word_1_129' title='bbox 980 1355 1071 1388; x_wconf 84' lang='lat' dir='ltr'>quae</span> <span class='ocrx_word' id='word_1_130' title='bbox 1094 1343 1261 1377; x_wconf 82' lang='lat' dir='ltr'>orationis</span> <span class='ocrx_word' id='word_1_131' title='bbox 1282 1345 1513 1379; x_wconf 80' lang='lat' dir='ltr'>conformatio</span> 
     </span>
     <span class='ocr_line' id='line_1_17' title="bbox 131 1404 1553 1452; baseline -0.001 -10"><span class='ocrx_word' id='word_1_132' title='bbox 131 1409 265 1442; x_wconf 71' lang='lat' dir='ltr'>scribas</span> <span class='ocrx_word' id='word_1_133' title='bbox 297 1408 432 1452; x_wconf 67' lang='lat' dir='ltr'>saepius</span> <span class='ocrx_word' id='word_1_134' title='bbox 465 1408 508 1441; x_wconf 86' lang='lat' dir='ltr'>ad</span> <span class='ocrx_word' id='word_1_135' title='bbox 542 1407 782 1450; x_wconf 78' lang='lat' dir='ltr'>interpolanda</span> <span class='ocrx_word' id='word_1_136' title='bbox 812 1407 964 1440; x_wconf 80' lang='lat' dir='ltr'>auctoris</span> <span class='ocrx_word' id='word_1_137' title='bbox 996 1405 1105 1438; x_wconf 83' lang='lat' dir='ltr'>verba</span> <span class='ocrx_word' id='word_1_138' title='bbox 1137 1404 1283 1438; x_wconf 80' lang='lat' dir='ltr'>seduxit.</span> <span class='ocrx_word' id='word_1_139' title='bbox 1322 1424 1369 1430; x_wconf 94' lang='lat'>—</span> <span class='ocrx_word' id='word_1_140' title='bbox 1403 1406 1517 1440; x_wconf 66' lang='lat' dir='ltr'>Verba</span> <span class='ocrx_word' id='word_1_141' title='bbox 1550 1422 1553 1425; x_wconf 97' lang='lat'>·</span> 
     </span>
     <span class='ocr_line' id='line_1_18' title="bbox 132 1466 1517 1513; baseline -0.001 -10"><span class='ocrx_word' id='word_1_142' title='bbox 132 1470 215 1502; x_wconf 75' lang='lat' dir='ltr'>socii</span> <span class='ocrx_word' id='word_1_143' title='bbox 240 1479 438 1513; x_wconf 81' lang='lat' dir='ltr'>nomenque</span> <span class='ocrx_word' id='word_1_144' title='bbox 464 1468 625 1501; x_wconf 84' lang='lat' dir='ltr'>Latinum</span> <span class='ocrx_word' id='word_1_145' title='bbox 657 1467 751 1500; x_wconf 79' lang='lat' dir='ltr'>idem</span> <span class='ocrx_word' id='word_1_146' title='bbox 782 1467 982 1512; x_wconf 76' lang='lat' dir='ltr'>significare</span> <span class='ocrx_word' id='word_1_147' title='bbox 1013 1471 1117 1509; x_wconf 86' lang='lat' dir='ltr'>atque</span> <span class='ocrx_word' id='word_1_148' title='bbox 1145 1466 1228 1499; x_wconf 83' lang='lat' dir='ltr'><em>socii</em></span> <span class='ocrx_word' id='word_1_149' title='bbox 1252 1466 1372 1499; x_wconf 76' lang='lat' dir='ltr'>Latini</span> <span class='ocrx_word' id='word_1_150' title='bbox 1403 1470 1517 1501; x_wconf 78' lang='lat' dir='ltr'>censet</span> 
     </span>
     <span class='ocr_line' id='line_1_19' title="bbox 134 1526 1517 1570; baseline -0.001 -7"><span class='ocrx_word' id='word_1_151' title='bbox 134 1529 314 1563; x_wconf 79' lang='lat' dir='ltr'>Manutius</span> <span class='ocrx_word' id='word_1_152' title='bbox 337 1530 381 1563; x_wconf 87' lang='lat' dir='ltr'>ad</span> <span class='ocrx_word' id='word_1_153' title='bbox 406 1529 478 1562; x_wconf 89' lang='lat' dir='ltr'>Cic.</span> <span class='ocrx_word' id='word_1_154' title='bbox 501 1529 598 1562; x_wconf 81' lang='lat' dir='ltr'>Lael.</span> <span class='ocrx_word' id='word_1_155' title='bbox 624 1540 653 1561; x_wconf 92' lang='lat' dir='ltr'>c.</span> <span class='ocrx_word' id='word_1_156' title='bbox 675 1528 710 1568; x_wconf 85' lang='lat'>3,</span> <span class='ocrx_word' id='word_1_157' title='bbox 736 1527 790 1561; x_wconf 83' lang='lat'>12.</span> <span class='ocrx_word' id='word_1_158' title='bbox 816 1539 882 1561; x_wconf 89' lang='lat' dir='ltr'>non</span> <span class='ocrx_word' id='word_1_159' title='bbox 906 1527 1138 1568; x_wconf 72' lang='lat' dir='ltr'>dissentiente,</span> <span class='ocrx_word' id='word_1_160' title='bbox 1167 1530 1206 1560; x_wconf 90' lang='lat' dir='ltr'>ut</span> <span class='ocrx_word' id='word_1_161' title='bbox 1228 1526 1377 1570; x_wconf 79' lang='lat' dir='ltr'>videtur,</span> <span class='ocrx_word' id='word_1_162' title='bbox 1404 1528 1517 1561; x_wconf 89' lang='lat' dir='ltr'>Geru-</span> 
     </span>
     <span class='ocr_line' id='line_1_20' title="bbox 132 1587 1517 1633; baseline -0.001 -10"><span class='ocrx_word' id='word_1_163' title='bbox 132 1589 265 1631; x_wconf 81' lang='lat' dir='ltr'>hard03</span> <span class='ocrx_word' id='word_1_164' title='bbox 313 1591 525 1633; x_wconf 80' lang='lat' dir='ltr'>eandemque</span> <span class='ocrx_word' id='word_1_165' title='bbox 562 1588 768 1622; x_wconf 78' lang='lat' dir='ltr'>sententiam</span> <span class='ocrx_word' id='word_1_166' title='bbox 806 1588 1026 1632; x_wconf 77' lang='lat' dir='ltr'>amplectitur</span> <span class='ocrx_word' id='word_1_167' title='bbox 1064 1587 1325 1620; x_wconf 77' lang='lat' dir='ltr'>Drakenborch.</span> <span class='ocrx_word' id='word_1_168' title='bbox 1361 1588 1405 1621; x_wconf 80' lang='lat' dir='ltr'>ad</span> <span class='ocrx_word' id='word_1_169' title='bbox 1439 1588 1517 1622; x_wconf 82' lang='lat' dir='ltr'>Liv.</span> 
     </span>
     <span class='ocr_line' id='line_1_21' title="bbox 134 1647 1517 1693; baseline -0.001 -9"><span class='ocrx_word' id='word_1_170' title='bbox 134 1651 289 1693; x_wconf 79' lang='lat' dir='ltr'>XXXV,</span> <span class='ocrx_word' id='word_1_171' title='bbox 322 1651 387 1692; x_wconf 83' lang='lat'>20,</span> <span class='ocrx_word' id='word_1_172' title='bbox 423 1650 476 1690; x_wconf 85' lang='grc'>4.,</span> <span class='ocrx_word' id='word_1_173' title='bbox 522 1653 708 1693; x_wconf 87' lang='lat' dir='ltr'>praeeunte</span> <span class='ocrx_word' id='word_1_174' title='bbox 739 1648 886 1692; x_wconf 79' lang='lat' dir='ltr'>Sigonio</span> <span class='ocrx_word' id='word_1_175' title='bbox 919 1649 961 1682; x_wconf 88' lang='lat' dir='ltr'>de</span> <span class='ocrx_word' id='word_1_176' title='bbox 994 1648 1110 1692; x_wconf 75' lang='lat' dir='ltr'>Antiq.</span> <span class='ocrx_word' id='word_1_177' title='bbox 1143 1649 1210 1681; x_wconf 89' lang='lat' dir='ltr'>Iur.</span> <span class='ocrx_word' id='word_1_178' title='bbox 1245 1647 1323 1680; x_wconf 80' lang='lat' dir='ltr'>Ital.</span> <span class='ocrx_word' id='word_1_179' title='bbox 1348 1647 1385 1688; x_wconf 90' lang='lat'>1,</span> <span class='ocrx_word' id='word_1_180' title='bbox 1409 1647 1443 1681; x_wconf 81' lang='lat'>2.</span> <span class='ocrx_word' id='word_1_181' title='bbox 1482 1651 1517 1682; x_wconf 76' lang='lat' dir='ltr'>et</span> 
     </span>
     <span class='ocr_line' id='line_1_22' title="bbox 134 1705 1516 1754; baseline -0.001 -12"><span class='ocrx_word' id='word_1_182' title='bbox 134 1707 323 1742; x_wconf 82' lang='lat' dir='ltr'>Heineccio</span> <span class='ocrx_word' id='word_1_183' title='bbox 354 1710 492 1754; x_wconf 80' lang='lat' dir='ltr'>Antiqq.</span> <span class='ocrx_word' id='word_1_184' title='bbox 521 1711 590 1744; x_wconf 88' lang='lat' dir='ltr'>Iur.</span> <span class='ocrx_word' id='word_1_185' title='bbox 618 1711 724 1744; x_wconf 79' lang='lat' dir='ltr'>Rom.</span> <span class='ocrx_word' id='word_1_186' title='bbox 757 1710 818 1744; x_wconf 89' lang='lat' dir='ltr'>lib.</span> <span class='ocrx_word' id='word_1_187' title='bbox 842 1711 869 1745; x_wconf 89' lang='lat'>1.</span> <span class='ocrx_word' id='word_1_188' title='bbox 898 1709 1053 1753; x_wconf 83' lang='lat' dir='ltr'>Append.</span> <span class='ocrx_word' id='word_1_189' title='bbox 1085 1720 1117 1743; x_wconf 90' lang='lat' dir='ltr'>c.</span> <span class='ocrx_word' id='word_1_190' title='bbox 1139 1708 1185 1741; x_wconf 85' lang='grc' dir='ltr'>ΙΙ.</span> <span class='ocrx_word' id='word_1_191' title='bbox 1223 1708 1256 1749; x_wconf 71' lang='lat'>§-</span> <span class='ocrx_word' id='word_1_192' title='bbox 1280 1706 1338 1740; x_wconf 70' lang='lat'>74.</span> <span class='ocrx_word' id='word_1_193' title='bbox 1376 1717 1409 1749; x_wconf 86' lang='lat' dir='ltr'>p.</span> <span class='ocrx_word' id='word_1_194' title='bbox 1434 1705 1516 1741; x_wconf 77' lang='lat'><strong>295.</strong></span> 
     </span>
     <span class='ocr_line' id='line_1_23' title="bbox 132 1767 1520 1814; baseline -0.001 -12"><span class='ocrx_word' id='word_1_195' title='bbox 132 1770 185 1803; x_wconf 46' lang='lat' dir='ltr'>eda</span> <span class='ocrx_word' id='word_1_196' title='bbox 206 1770 382 1804; x_wconf 87' lang='lat' dir='ltr'>Haubold.</span> <span class='ocrx_word' id='word_1_197' title='bbox 401 1783 503 1814; x_wconf 85' lang='lat' dir='ltr'>quem</span> <span class='ocrx_word' id='word_1_198' title='bbox 522 1770 677 1814; x_wconf 80' lang='lat' dir='ltr'>sequitur</span> <span class='ocrx_word' id='word_1_199' title='bbox 700 1769 804 1803; x_wconf 81' lang='lat' dir='ltr'>etiam</span> <span class='ocrx_word' id='word_1_200' title='bbox 821 1770 1011 1803; x_wconf 82' lang='lat' dir='ltr'>Creuzerus</span> <span class='ocrx_word' id='word_1_201' title='bbox 1035 1769 1070 1802; x_wconf 89' lang='lat' dir='ltr'>in</span> <span class='ocrx_word' id='word_1_202' title='bbox 1088 1769 1224 1812; x_wconf 73' lang='lat' dir='ltr'>Antiqq.</span> <span class='ocrx_word' id='word_1_203' title='bbox 1244 1768 1348 1800; x_wconf 84' lang='lat' dir='ltr'>Rom.</span> <span class='ocrx_word' id='word_1_204' title='bbox 1383 1770 1417 1810; x_wconf 75' lang='lat'>§-</span> <span class='ocrx_word' id='word_1_205' title='bbox 1436 1767 1520 1801; x_wconf 79' lang='lat'><strong>202.</strong></span> 
     </span>
     <span class='ocr_line' id='line_1_24' title="bbox 133 1828 1518 1875; baseline -0.004 -9"><span class='ocrx_word' id='word_1_206' title='bbox 133 1842 167 1875; x_wconf 72' lang='lat' dir='ltr'>p.</span> <span class='ocrx_word' id='word_1_207' title='bbox 190 1831 270 1864; x_wconf 75' lang='lat'><strong>307.</strong></span> <span class='ocrx_word' id='word_1_208' title='bbox 299 1833 351 1865; x_wconf 90' lang='lat' dir='ltr'>ed.</span> <span class='ocrx_word' id='word_1_209' title='bbox 377 1832 420 1866; x_wconf 86' lang='lat' dir='ltr'>Il.</span> <span class='ocrx_word' id='word_1_210' title='bbox 446 1832 513 1865; x_wconf 88' lang='lat' dir='ltr'>Sed</span> <span class='ocrx_word' id='word_1_211' title='bbox 540 1842 751 1874; x_wconf 85' lang='lat' dir='ltr'>quamquam</span> <span class='ocrx_word' id='word_1_212' title='bbox 778 1831 914 1872; x_wconf 71' lang='lat' dir='ltr'>Latini,</span> <span class='ocrx_word' id='word_1_213' title='bbox 951 1842 1074 1863; x_wconf 80' lang='lat' dir='ltr'>nomen</span> <span class='ocrx_word' id='word_1_214' title='bbox 1095 1829 1262 1863; x_wconf 77' lang='lat' dir='ltr'>Latinum</span> <span class='ocrx_word' id='word_1_215' title='bbox 1286 1832 1321 1861; x_wconf 86' lang='lat' dir='ltr'>et</span> <span class='ocrx_word' id='word_1_216' title='bbox 1344 1828 1427 1861; x_wconf 76' lang='lat' dir='ltr'>socii</span> <span class='ocrx_word' id='word_1_217' title='bbox 1455 1840 1518 1861; x_wconf 82' lang='lat' dir='ltr'>uo-</span> 
     </span>
     <span class='ocr_line' id='line_1_25' title="bbox 134 1881 1519 1933; baseline -0.004 -7"><span class='ocrx_word' id='word_1_218' title='bbox 134 1881 235 1926; x_wconf 71' lang='lat' dir='ltr'>rm&#39;nis</span> <span class='ocrx_word' id='word_1_219' title='bbox 259 1894 382 1927; x_wconf 75' lang='lat' dir='ltr'>Latini</span> <span class='ocrx_word' id='word_1_220' title='bbox 412 1904 480 1926; x_wconf 92' lang='lat' dir='ltr'>non</span> <span class='ocrx_word' id='word_1_221' title='bbox 515 1892 643 1925; x_wconf 79' lang='lat' dir='ltr'>diversi</span> <span class='ocrx_word' id='word_1_222' title='bbox 675 1895 753 1924; x_wconf 84' lang='lat' dir='ltr'>sunt</span> <span class='ocrx_word' id='word_1_223' title='bbox 784 1892 873 1925; x_wconf 88' lang='lat' dir='ltr'>inter</span> <span class='ocrx_word' id='word_1_224' title='bbox 902 1903 961 1933; x_wconf 83' lang='lat' dir='ltr'>se,</span> <span class='ocrx_word' id='word_1_225' title='bbox 997 1895 1113 1925; x_wconf 82' lang='lat' dir='ltr'>tamen</span> <span class='ocrx_word' id='word_1_226' title='bbox 1145 1889 1229 1923; x_wconf 73' lang='lat' dir='ltr'>socii</span> <span class='ocrx_word' id='word_1_227' title='bbox 1263 1900 1310 1921; x_wconf 83' lang='lat' dir='ltr'>ac</span> <span class='ocrx_word' id='word_1_228' title='bbox 1340 1900 1430 1921; x_wconf 83' lang='lat' dir='ltr'>nom.</span> <span class='ocrx_word' id='word_1_229' title='bbox 1462 1889 1519 1930; x_wconf 67' lang='lat' dir='ltr'>L„</span> 
     </span>
     <span class='ocr_line' id='line_1_26' title="bbox 132 1948 1520 1995; baseline -0.004 -7"><span class='ocrx_word' id='word_1_230' title='bbox 132 1955 216 1988; x_wconf 68' lang='lat' dir='ltr'>socii</span> <span class='ocrx_word' id='word_1_231' title='bbox 236 1959 278 1988; x_wconf 85' lang='lat' dir='ltr'>et</span> <span class='ocrx_word' id='word_1_232' title='bbox 298 1966 387 1987; x_wconf 80' lang='lat' dir='ltr'>nom.</span> <span class='ocrx_word' id='word_1_233' title='bbox 402 1954 494 1994; x_wconf 62' lang='lat' dir='ltr'>Lat„</span> <span class='ocrx_word' id='word_1_234' title='bbox 517 1953 598 1985; x_wconf 84' lang='lat' dir='ltr'>socii</span> <span class='ocrx_word' id='word_1_235' title='bbox 615 1963 817 1995; x_wconf 82' lang='lat' dir='ltr'>nomenque</span> <span class='ocrx_word' id='word_1_236' title='bbox 838 1951 878 1985; x_wconf 82' lang='lat' dir='ltr'>L.</span> <span class='ocrx_word' id='word_1_237' title='bbox 899 1951 1094 1984; x_wconf 72' lang='lat' dir='ltr'>necessario</span> <span class='ocrx_word' id='word_1_238' title='bbox 1117 1961 1179 1993; x_wconf 90' lang='lat' dir='ltr'>pro</span> <span class='ocrx_word' id='word_1_239' title='bbox 1202 1948 1347 1982; x_wconf 75' lang='lat' dir='ltr'>diversis</span> <span class='ocrx_word' id='word_1_240' title='bbox 1368 1949 1520 1982; x_wconf 82' lang='lat' dir='ltr'>habendi</span> 
     </span>
     <span class='ocr_line' id='line_1_27' title="bbox 135 2008 1521 2058; baseline -0.003 -11"><span class='ocrx_word' id='word_1_241' title='bbox 135 2020 236 2054; x_wconf 80' lang='lat' dir='ltr'>mnt3</span> <span class='ocrx_word' id='word_1_242' title='bbox 267 2025 349 2046; x_wconf 85' lang='lat' dir='ltr'>nam</span> <span class='ocrx_word' id='word_1_243' title='bbox 380 2014 498 2058; x_wconf 69' lang='lat' dir='ltr'>figura</span> <span class='ocrx_word' id='word_1_244' title='bbox 528 2016 709 2056; x_wconf 83' lang='lat' dir='ltr'>poetarum</span> <span class='ocrx_word' id='word_1_245' title='bbox 732 2009 774 2046; x_wconf 68' lang='grc' dir='ltr'>ἓν</span> <span class='ocrx_word' id='word_1_246' title='bbox 799 2010 860 2046; x_wconf 67' lang='lat' dir='ltr'>fito}</span> <span class='ocrx_word' id='word_1_247' title='bbox 887 2012 996 2046; x_wconf 81' lang='grc' dir='ltr'><em>δυοῖν</em></span> <span class='ocrx_word' id='word_1_248' title='bbox 1019 2012 1199 2044; x_wconf 77' lang='lat' dir='ltr'>Romanos</span> <span class='ocrx_word' id='word_1_249' title='bbox 1223 2008 1328 2043; x_wconf 82' lang='lat' dir='ltr'>etiam</span> <span class='ocrx_word' id='word_1_250' title='bbox 1355 2008 1391 2042; x_wconf 87' lang='lat' dir='ltr'>in</span> <span class='ocrx_word' id='word_1_251' title='bbox 1416 2010 1521 2043; x_wconf 76' lang='lat' dir='ltr'>rebus</span> 
     </span>
     <span class='ocr_line' id='line_1_28' title="bbox 135 2069 1518 2115; baseline -0.003 -7"><span class='ocrx_word' id='word_1_252' title='bbox 135 2075 299 2108; x_wconf 79' lang='lat' dir='ltr'>civilibus</span> <span class='ocrx_word' id='word_1_253' title='bbox 322 2086 403 2108; x_wconf 78' lang='lat' dir='ltr'>usos</span> <span class='ocrx_word' id='word_1_254' title='bbox 424 2085 510 2113; x_wconf 72' lang='lat' dir='ltr'>esse,</span> <span class='ocrx_word' id='word_1_255' title='bbox 533 2071 595 2104; x_wconf 90' lang='lat' dir='ltr'>ubi</span> <span class='ocrx_word' id='word_1_256' title='bbox 616 2071 727 2104; x_wconf 76' lang='lat' dir='ltr'>omnis</span> <span class='ocrx_word' id='word_1_257' title='bbox 750 2070 964 2115; x_wconf 76' lang='lat' dir='ltr'>ambiguitas</span> <span class='ocrx_word' id='word_1_258' title='bbox 987 2074 1021 2104; x_wconf 85' lang='lat' dir='ltr'>et</span> <span class='ocrx_word' id='word_1_259' title='bbox 1045 2069 1240 2104; x_wconf 79' lang='lat' dir='ltr'>obscuritas</span> <span class='ocrx_word' id='word_1_260' title='bbox 1263 2069 1407 2103; x_wconf 77' lang='lat' dir='ltr'>vitanda</span> <span class='ocrx_word' id='word_1_261' title='bbox 1429 2073 1518 2112; x_wconf 76' lang='lat' dir='ltr'>erat,</span> 
     </span>
     <span class='ocr_line' id='line_1_29' title="bbox 135 2129 1519 2179; baseline -0.003 -11"><span class='ocrx_word' id='word_1_262' title='bbox 135 2136 238 2179; x_wconf 77' lang='lat' dir='ltr'>plane</span> <span class='ocrx_word' id='word_1_263' title='bbox 261 2135 429 2167; x_wconf 72' lang='lat' dir='ltr'>absonum</span> <span class='ocrx_word' id='word_1_264' title='bbox 453 2139 487 2166; x_wconf 87' lang='lat' dir='ltr'>et</span> <span class='ocrx_word' id='word_1_265' title='bbox 512 2133 698 2165; x_wconf 72' lang='lat' dir='ltr'>absurdum</span> <span class='ocrx_word' id='word_1_266' title='bbox 723 2136 784 2165; x_wconf 79' lang='lat' dir='ltr'>est.</span> <span class='ocrx_word' id='word_1_267' title='bbox 832 2133 949 2174; x_wconf 80' lang='lat' dir='ltr'>Quare</span> <span class='ocrx_word' id='word_1_268' title='bbox 980 2131 1064 2164; x_wconf 78' lang='lat' dir='ltr'>socii</span> <span class='ocrx_word' id='word_1_269' title='bbox 1095 2129 1314 2175; x_wconf 83' lang='lat' dir='ltr'>intelligendi</span> <span class='ocrx_word' id='word_1_270' title='bbox 1337 2135 1415 2164; x_wconf 74' lang='lat' dir='ltr'>sunt</span> <span class='ocrx_word' id='word_1_271' title='bbox 1440 2132 1519 2165; x_wconf 78' lang='lat' dir='ltr'>Ita-</span> 
     </span>
     <span class='ocr_line' id='line_1_30' title="bbox 138 2190 1520 2238; baseline -0.004 -8"><span class='ocrx_word' id='word_1_272' title='bbox 138 2197 214 2238; x_wconf 69' lang='lat' dir='ltr'>lici,</span> <span class='ocrx_word' id='word_1_273' title='bbox 239 2195 298 2238; x_wconf 93' lang='lat' dir='ltr'>qui</span> <span class='ocrx_word' id='word_1_274' title='bbox 324 2194 432 2227; x_wconf 72' lang='lat' dir='ltr'>simili</span> <span class='ocrx_word' id='word_1_275' title='bbox 456 2196 559 2236; x_wconf 83' lang='lat' dir='ltr'>atque</span> <span class='ocrx_word' id='word_1_276' title='bbox 584 2192 697 2225; x_wconf 83' lang='lat' dir='ltr'>Latini</span> <span class='ocrx_word' id='word_1_277' title='bbox 722 2192 921 2225; x_wconf 85' lang='lat' dir='ltr'>condicione</span> <span class='ocrx_word' id='word_1_278' title='bbox 945 2191 1026 2226; x_wconf 82' lang='lat' dir='ltr'>licet</span> <span class='ocrx_word' id='word_1_279' title='bbox 1051 2192 1169 2235; x_wconf 83' lang='lat' dir='ltr'>paullo</span> <span class='ocrx_word' id='word_1_280' title='bbox 1194 2190 1363 2223; x_wconf 86' lang='lat' dir='ltr'>deteriore</span> <span class='ocrx_word' id='word_1_281' title='bbox 1386 2194 1520 2230; x_wconf 74' lang='lat' dir='ltr'>utentes</span> 
     </span>
     <span class='ocr_line' id='line_1_31' title="bbox 136 2248 1520 2300; baseline -0.004 -10"><span class='ocrx_word' id='word_1_282' title='bbox 136 2267 240 2300; x_wconf 76' lang='lat' dir='ltr'>saepe</span> <span class='ocrx_word' id='word_1_283' title='bbox 262 2267 341 2289; x_wconf 88' lang='lat' dir='ltr'>cum</span> <span class='ocrx_word' id='word_1_284' title='bbox 366 2254 409 2288; x_wconf 78' lang='lat' dir='ltr'>iis</span> <span class='ocrx_word' id='word_1_285' title='bbox 433 2254 537 2287; x_wconf 75' lang='lat' dir='ltr'>simul</span> <span class='ocrx_word' id='word_1_286' title='bbox 562 2252 795 2286; x_wconf 85' lang='lat' dir='ltr'>nominantur.</span> <span class='ocrx_word' id='word_1_287' title='bbox 821 2253 867 2287; x_wconf 80' lang='lat' dir='ltr'>cf.</span> <span class='ocrx_word' id='word_1_288' title='bbox 894 2263 924 2284; x_wconf 88' lang='lat' dir='ltr'>c.</span> <span class='ocrx_word' id='word_1_289' title='bbox 949 2248 1111 2293; x_wconf 68' lang='lat' dir='ltr'>xxxix,</span> <span class='ocrx_word' id='word_1_290' title='bbox 1135 2252 1170 2284; x_wconf 80' lang='lat'>2.</span> <span class='ocrx_word' id='word_1_291' title='bbox 1199 2251 1274 2291; x_wconf 53' lang='lat' dir='ltr'>XL,</span> <span class='ocrx_word' id='word_1_292' title='bbox 1296 2250 1331 2284; x_wconf 87' lang='grc'>2.</span> <span class='ocrx_word' id='word_1_293' title='bbox 1357 2251 1460 2293; x_wconf 82' lang='lat' dir='ltr'>XLII,</span> <span class='ocrx_word' id='word_1_294' title='bbox 1486 2251 1520 2285; x_wconf 92' lang='lat'>1.</span> 
     </span>
     <span class='ocr_line' id='line_1_32' title="bbox 137 2311 1519 2358; baseline -0.004 -7"><span class='ocrx_word' id='word_1_295' title='bbox 137 2317 333 2358; x_wconf 60' lang='lat' dir='ltr'>LXXXIV,</span> <span class='ocrx_word' id='word_1_296' title='bbox 357 2315 392 2348; x_wconf 87' lang='lat'>2.</span> <span class='ocrx_word' id='word_1_297' title='bbox 421 2314 533 2357; x_wconf 65' lang='lat' dir='ltr'>XCV,</span> <span class='ocrx_word' id='word_1_298' title='bbox 559 2312 593 2347; x_wconf 93' lang='lat' dir='ltr'>l.</span> <span class='ocrx_word' id='word_1_299' title='bbox 620 2312 695 2346; x_wconf 85' lang='lat' dir='ltr'>Liv.</span> <span class='ocrx_word' id='word_1_300' title='bbox 719 2313 855 2353; x_wconf 71' lang='lat' dir='ltr'>xxix,</span> <span class='ocrx_word' id='word_1_301' title='bbox 878 2312 942 2353; x_wconf 77' lang='lat'>27,</span> <span class='ocrx_word' id='word_1_302' title='bbox 967 2311 1000 2346; x_wconf 80' lang='lat'>2.</span> <span class='ocrx_word' id='word_1_303' title='bbox 1030 2311 1170 2351; x_wconf 81' lang='lat' dir='ltr'>Precor,</span> <span class='ocrx_word' id='word_1_304' title='bbox 1195 2312 1249 2344; x_wconf 83' lang='lat' dir='ltr'>uti</span> <span class='ocrx_word' id='word_1_305' title='bbox 1273 2322 1315 2344; x_wconf 87' lang='lat' dir='ltr'>ea</span> <span class='ocrx_word' id='word_1_306' title='bbox 1338 2312 1436 2354; x_wconf 77' lang='lat' dir='ltr'><strong><em>mihi,</em></strong></span> <span class='ocrx_word' id='word_1_307' title='bbox 1456 2323 1519 2356; x_wconf 82' lang='lat' dir='ltr'>po·</span> 
     </span>
     <span class='ocr_line' id='line_1_33' title="bbox 134 2369 1521 2423; baseline -0.004 -11"><span class='ocrx_word' id='word_1_308' title='bbox 134 2379 217 2423; x_wconf 68' lang='lat' dir='ltr'>pafo</span> <span class='ocrx_word' id='word_1_309' title='bbox 248 2369 406 2421; x_wconf 76' lang='lat' dir='ltr'>plebique</span> <span class='ocrx_word' id='word_1_310' title='bbox 438 2377 640 2416; x_wconf 84' lang='lat' dir='ltr'>Romanae,</span> <span class='ocrx_word' id='word_1_311' title='bbox 673 2375 812 2407; x_wconf 79' lang='lat' dir='ltr'>sociis</span> <span class='ocrx_word' id='word_1_312' title='bbox 844 2373 1106 2415; x_wconf 80' lang='lat' dir='ltr'>nominique</span> <span class='ocrx_word' id='word_1_313' title='bbox 1132 2371 1297 2405; x_wconf 76' lang='lat' dir='ltr'>Latino</span> <span class='ocrx_word' id='word_1_314' title='bbox 1330 2372 1414 2406; x_wconf 81' lang='lat' dir='ltr'>bene</span> <span class='ocrx_word' id='word_1_315' title='bbox 1442 2384 1521 2406; x_wconf 81' lang='lat' dir='ltr'>ver-</span> 
     </span>
     <span class='ocr_line' id='line_1_34' title="bbox 136 2433 1521 2479; baseline -0.004 -6"><span class='ocrx_word' id='word_1_316' title='bbox 136 2444 288 2474; x_wconf 81' lang='lat' dir='ltr'>runcent.</span> <span class='ocrx_word' id='word_1_317' title='bbox 314 2434 385 2473; x_wconf 79' lang='lat' dir='ltr'>Cic.</span> <span class='ocrx_word' id='word_1_318' title='bbox 412 2438 530 2471; x_wconf 89' lang='lat' dir='ltr'>Somn.</span> <span class='ocrx_word' id='word_1_319' title='bbox 556 2436 651 2479; x_wconf 87' lang='lat' dir='ltr'>Scip.</span> <span class='ocrx_word' id='word_1_320' title='bbox 677 2447 708 2469; x_wconf 88' lang='lat' dir='ltr'>c.</span> <span class='ocrx_word' id='word_1_321' title='bbox 733 2434 768 2474; x_wconf 83' lang='lat'>2,</span> <span class='ocrx_word' id='word_1_322' title='bbox 791 2437 876 2468; x_wconf 80' lang='lat' dir='ltr'>extr.</span> <span class='ocrx_word' id='word_1_323' title='bbox 911 2434 960 2466; x_wconf 87' lang='lat' dir='ltr'>Te</span> <span class='ocrx_word' id='word_1_324' title='bbox 983 2436 1146 2472; x_wconf 79' lang='lat' dir='ltr'>senatus,</span> <span class='ocrx_word' id='word_1_325' title='bbox 1169 2436 1206 2465; x_wconf 83' lang='lat' dir='ltr'>te</span> <span class='ocrx_word' id='word_1_326' title='bbox 1228 2443 1341 2466; x_wconf 83' lang='lat' dir='ltr'>omnes</span> <span class='ocrx_word' id='word_1_327' title='bbox 1365 2433 1453 2475; x_wconf 77' lang='lat' dir='ltr'>boni,</span> <span class='ocrx_word' id='word_1_328' title='bbox 1478 2438 1521 2469; x_wconf 77' lang='lat' dir='ltr'>te</span> 
     </span>
     <span class='ocr_line' id='line_1_35' title="bbox 137 2492 1519 2540; baseline -0.004 -6"><span class='ocrx_word' id='word_1_329' title='bbox 137 2500 271 2540; x_wconf 75' lang='grc' dir='ltr'>εουίί,</span> <span class='ocrx_word' id='word_1_330' title='bbox 295 2505 338 2534; x_wconf 87' lang='lat' dir='ltr'>te</span> <span class='ocrx_word' id='word_1_331' title='bbox 364 2499 525 2532; x_wconf 81' lang='lat' dir='ltr'>Latini</span> <span class='ocrx_word' id='word_1_332' title='bbox 549 2497 780 2531; x_wconf 78' lang='lat' dir='ltr'>intuebuntur.</span> <span class='ocrx_word' id='word_1_333' title='bbox 827 2495 960 2528; x_wconf 77' lang='lat' dir='ltr'>Eadem</span> <span class='ocrx_word' id='word_1_334' title='bbox 983 2492 1073 2527; x_wconf 80' lang='lat' dir='ltr'>ratio</span> <span class='ocrx_word' id='word_1_335' title='bbox 1098 2495 1149 2525; x_wconf 77' lang='lat' dir='ltr'>est</span> <span class='ocrx_word' id='word_1_336' title='bbox 1172 2492 1279 2526; x_wconf 75' lang='lat' dir='ltr'>etiam</span> <span class='ocrx_word' id='word_1_337' title='bbox 1296 2493 1364 2527; x_wconf 87' lang='lat' dir='ltr'>loci</span> <span class='ocrx_word' id='word_1_338' title='bbox 1381 2493 1519 2528; x_wconf 79' lang='lat' dir='ltr'>Liviani</span> 
     </span>
     <span class='ocr_line' id='line_1_36' title="bbox 139 2553 1519 2600; baseline -0.004 -7"><span class='ocrx_word' id='word_1_339' title='bbox 139 2560 238 2599; x_wconf 61' lang='grc' dir='ltr'>ΧΠ,</span> <span class='ocrx_word' id='word_1_340' title='bbox 262 2557 303 2598; x_wconf 73' lang='grc'>8,</span> <span class='ocrx_word' id='word_1_341' title='bbox 327 2558 361 2591; x_wconf 86' lang='grc'>9.</span> <span class='ocrx_word' id='word_1_342' title='bbox 387 2570 490 2600; x_wconf 82' lang='lat' dir='ltr'>quem</span> <span class='ocrx_word' id='word_1_343' title='bbox 515 2569 634 2592; x_wconf 82' lang='lat' dir='ltr'>omnes</span> <span class='ocrx_word' id='word_1_344' title='bbox 658 2557 860 2598; x_wconf 75' lang='lat' dir='ltr'>interpretes</span> <span class='ocrx_word' id='word_1_345' title='bbox 884 2555 975 2588; x_wconf 71' lang='lat' dir='ltr'>falso</span> <span class='ocrx_word' id='word_1_346' title='bbox 1000 2553 1252 2587; x_wconf 84' lang='lat' dir='ltr'>intellexerunt.</span> <span class='ocrx_word' id='word_1_347' title='bbox 1276 2573 1318 2579; x_wconf 92' lang='lat'><strong>—</strong></span> <span class='ocrx_word' id='word_1_348' title='bbox 1345 2555 1519 2588; x_wconf 84' lang='lat' dir='ltr'>Postremo</span> 
     </span>
     <span class='ocr_line' id='line_1_37' title="bbox 138 2614 1518 2663; baseline -0.004 -9"><span class='ocrx_word' id='word_1_349' title='bbox 138 2616 262 2663; x_wconf 70' lang='lat' dir='ltr'>explic.</span> <span class='ocrx_word' id='word_1_350' title='bbox 286 2631 316 2652; x_wconf 86' lang='lat' dir='ltr'>c.</span> <span class='ocrx_word' id='word_1_351' title='bbox 342 2619 442 2661; x_wconf 73' lang='grc' dir='ltr'>ΧΠ,</span> <span class='ocrx_word' id='word_1_352' title='bbox 466 2618 499 2652; x_wconf 84' lang='lat'>3.</span> <span class='ocrx_word' id='word_1_353' title='bbox 526 2638 571 2643; x_wconf 92' lang='lat'><em>-</em></span> <span class='ocrx_word' id='word_1_354' title='bbox 602 2619 672 2652; x_wconf 84' lang='lat' dir='ltr'>Pro</span> <span class='ocrx_word' id='word_1_355' title='bbox 696 2617 920 2650; x_wconf 82' lang='lat' dir='ltr'>annitebatur</span> <span class='ocrx_word' id='word_1_356' title='bbox 946 2614 1054 2658; x_wconf 82' lang='lat' dir='ltr'>Bipp.</span> <span class='ocrx_word' id='word_1_357' title='bbox 1077 2624 1119 2647; x_wconf 80' lang='lat' dir='ltr'>ex</span> <span class='ocrx_word' id='word_1_358' title='bbox 1149 2614 1259 2647; x_wconf 60' lang='lat' dir='ltr'>nvibus</span> <span class='ocrx_word' id='word_1_359' title='bbox 1283 2614 1396 2648; x_wconf 87' lang='lat' dir='ltr'>Cortii</span> <span class='ocrx_word' id='word_1_360' title='bbox 1419 2614 1518 2648; x_wconf 86' lang='lat' dir='ltr'>codd.</span> 
     </span>
     <span class='ocr_line' id='line_1_38' title="bbox 139 2674 1403 2725; baseline -0.004 -11"><span class='ocrx_word' id='word_1_361' title='bbox 139 2681 234 2714; x_wconf 82' lang='lat' dir='ltr'>male</span> <span class='ocrx_word' id='word_1_362' title='bbox 255 2680 421 2723; x_wconf 76' lang='lat' dir='ltr'>scripsere</span> <span class='ocrx_word' id='word_1_363' title='bbox 449 2679 709 2725; x_wconf 70' lang='lat' dir='ltr'>qdnitebantur.</span> <span class='ocrx_word' id='word_1_364' title='bbox 755 2678 809 2711; x_wconf 89' lang='lat' dir='ltr'>De</span> <span class='ocrx_word' id='word_1_365' title='bbox 832 2676 867 2709; x_wconf 82' lang='lat' dir='ltr'>vi</span> <span class='ocrx_word' id='word_1_366' title='bbox 891 2675 989 2709; x_wconf 84' lang='lat' dir='ltr'>verbi</span> <span class='ocrx_word' id='word_1_367' title='bbox 1012 2685 1046 2709; x_wconf 77' lang='lat' dir='ltr'>v·</span> <span class='ocrx_word' id='word_1_368' title='bbox 1070 2675 1114 2709; x_wconf 79' lang='lat' dir='ltr'>ad</span> <span class='ocrx_word' id='word_1_369' title='bbox 1140 2674 1216 2708; x_wconf 78' lang='lat' dir='ltr'>Cat.</span> <span class='ocrx_word' id='word_1_370' title='bbox 1242 2675 1347 2715; x_wconf 80' lang='lat' dir='ltr'>xlx,</span> <span class='ocrx_word' id='word_1_371' title='bbox 1369 2674 1403 2709; x_wconf 91' lang='lat'>1.</span> 
     </span>
    </p>

    <p class='ocr_par' dir='ltr' id='par_1_5' title="bbox 230 2733 1520 2785">
     <span class='ocr_line' id='line_1_39' title="bbox 230 2733 1520 2785; baseline -0.007 -10"><span class='ocrx_word' id='word_1_372' title='bbox 230 2741 265 2783; x_wconf 74' lang='lat'>§-</span> <span class='ocrx_word' id='word_1_373' title='bbox 289 2739 322 2775; x_wconf 80' lang='lat'>5.</span> <span class='ocrx_word' id='word_1_374' title='bbox 369 2751 502 2785; x_wconf 64' lang='lat' dir='ltr'>mag-na</span> <span class='ocrx_word' id='word_1_375' title='bbox 525 2749 584 2784; x_wconf 75' lang='lat' dir='ltr'>spe</span> <span class='ocrx_word' id='word_1_376' title='bbox 610 2737 749 2782; x_wconf 79' lang='lat' dir='ltr'>civium]</span> <span class='ocrx_word' id='word_1_377' title='bbox 781 2737 858 2771; x_wconf 67' lang='lat' dir='ltr'>Vin.</span> <span class='ocrx_word' id='word_1_378' title='bbox 883 2736 916 2770; x_wconf 89' lang='lat'>1.</span> <span class='ocrx_word' id='word_1_379' title='bbox 947 2735 1067 2770; x_wconf 79' lang='lat' dir='ltr'>Struv.</span> <span class='ocrx_word' id='word_1_380' title='bbox 1090 2735 1199 2769; x_wconf 80' lang='lat' dir='ltr'>Fabr-</span> <span class='ocrx_word' id='word_1_381' title='bbox 1223 2733 1256 2767; x_wconf 89' lang='lat'>1.</span> <span class='ocrx_word' id='word_1_382' title='bbox 1288 2744 1311 2768; x_wconf 73' lang='lat' dir='ltr'>a</span> <span class='ocrx_word' id='word_1_383' title='bbox 1335 2744 1383 2770; x_wconf 89' lang='lat' dir='ltr'>m.</span> <span class='ocrx_word' id='word_1_384' title='bbox 1407 2745 1462 2778; x_wconf 85' lang='lat' dir='ltr'>pr,</span> <span class='ocrx_word' id='word_1_385' title='bbox 1485 2736 1520 2767; x_wconf 82' lang='lat' dir='ltr'>et</span> 
     </span>
    </p>
   </div>
  </div>
 </body>
</html>
