1630 3034
131 200 188 239 84
502 193 548 236 C.
580 193 906 236 SALLUSTI
935 193 1149 237 CRISPI

69 315 118 354 16
130 310 384 371 graviorem
416 309 551 353 vitam
585 310 779 369 exigunt.
852 309 901 354 Si
926 310 1095 367 omnia,
1134 325 1249 369 quae
1274 318 1347 355 aut
1380 313 1522 371 amisi,

133 413 209 451 aut
238 422 293 451 ex
323 406 581 450 necessariis
624 405 814 450 advorsa
845 405 964 450 facta
992 411 1114 462 sunt,
1160 407 1396 452 incolumia
1425 425 1524 453 ma-

131 510 309 559 nerent,
344 509 518 559 mmen,
565 503 600 546 si
628 502 737 561 quid
773 517 828 546 ex
860 502 1103 562 improviso
1146 503 1406 561 accidisset,
1444 521 1521 549 vos

130 601 441 661 implorarem,
477 600 633 643 Patres
667 599 934 658 conscripti,
982 599 1142 657 quibus
1181 616 1268 660 pro
1297 602 1522 661 magnitu-

131 697 233 741 dine
269 697 428 757 imperi
470 696 536 740 ius
583 702 626 740 et
661 695 837 739 iniurias
881 695 1022 739 omnis
1062 711 1194 740 curae
1238 712 1334 742 esse
1377 697 1520 749 decet.

65 799 113 837 17
129 794 260 838 Nunc
300 808 408 838 vero
449 793 571 838 exsul
600 792 768 853 patria,
804 791 968 848 domo,
1005 793 1122 837 solus
1160 799 1294 852 atque
1322 795 1521 839 omnium

124 965 292 1000 brevibus
313 976 394 1000 eum
419 965 535 1000 incisis
559 966 630 1006 uti,
666 977 772 1010 quam
803 966 840 1000 id
864 964 1097 1000 enunciationi
1130 976 1355 1011 praegressae
1379 967 1522 1001 subiun-

124 1038 221 1071 gere,
247 1027 340 1070 quod
363 1038 425 1070 per
448 1038 486 1061 se
508 1038 576 1060 nou
600 1029 784 1062 commode
807 1026 1049 1061 secundarium
1074 1027 1194 1060 locum
1218 1026 1375 1061 obtinere
1398 1032 1522 1072 potest.

123 1087 257 1120 Eadem
282 1087 325 1120 de
349 1098 473 1122 caussa
496 1088 647 1121 alterum
673 1093 722 1122 est
746 1092 822 1131 post
845 1093 1013 1129 necatus,
1043 1087 1135 1130 quod
1160 1087 1255 1120 solus
1279 1088 1430 1124 Merseb.
1455 1089 1522 1122 Ri-

125 1147 176 1180 vii
207 1158 276 1181 non
306 1148 433 1191 habet,
474 1147 715 1188 retinendum3
760 1147 900 1181 Cottius
939 1159 1003 1192 pro
1043 1159 1140 1181 more
1168 1158 1231 1181 suo
1264 1148 1455 1184 deleverat.
1475 1169 1522 1175 —-

121 1208 219 1242 ldem
244 1213 307 1243 aut
330 1212 408 1252 post
433 1219 564 1253 agam,
603 1219 671 1242 uno
695 1207 790 1242 nisus
824 1208 940 1242 Guelf.
965 1208 1000 1244 6.
1026 1208 1146 1250 eiecit,
1181 1207 1316 1242 scilicet
1346 1213 1384 1242 ut
1408 1209 1522 1244 oratio

123 1269 301 1303 ardentior
326 1269 437 1303 fieret.
488 1268 697 1303 Gerlachius
729 1269 765 1302 in
797 1269 850 1302 cd.
876 1267 960 1302 mai.
986 1268 1091 1303 tacite
1124 1279 1204 1302 eum
1235 1272 1372 1302 secutus
1397 1269 1433 1302 in
1457 1281 1522 1303 no-

124 1329 268 1363 vissima
290 1329 502 1372 particulam
527 1329 688 1364 restituit.
713 1349 756 1355 -
780 1329 819 1363 ln
843 1329 961 1363 verbis
987 1341 1086 1374 quem
1114 1327 1266 1363 minume
1291 1329 1405 1363 decuit
1429 1329 1522 1364 rela-

123 1389 235 1423 tivum
259 1393 392 1433 spectat
417 1391 462 1424 ad
487 1390 654 1424 omissum
680 1390 731 1431 is,
757 1391 813 1424 cui
837 1390 1075 1424 enunciationi
1097 1400 1178 1422 cum
1202 1389 1239 1422 vi
1265 1394 1432 1433 tanquam
1458 1401 1523 1434 ap·-

121 1449 248 1493 positio
275 1449 483 1491 subiicitur,
507 1452 734 1495 propinquus.
756 1469 802 1475 —
827 1451 910 1485 Post
937 1456 1068 1485 ceteros
1094 1449 1251 1494 plerique
1276 1462 1397 1484 omnes
1422 1451 1519 1486 codd.

123 1510 256 1544 addunt
281 1521 394 1550 meos3
425 1511 485 1543 sed
518 1521 628 1553 quum
653 1511 757 1545 valde
780 1511 949 1556 langueat
973 1514 1007 1545 et
1030 1521 1052 1547 a
1075 1510 1189 1545 Yatic.
1213 1511 1253 1544 A.
1280 1510 1383 1554 absit,
1407 1511 1523 1545 delere

119 1582 188 1604 non
213 1570 462 1605 dubitavimus.
509 1569 682 1604 Similiter
705 1571 827 1614 paullo
850 1575 930 1605 ante
953 1581 1016 1615 pro
1040 1570 1179 1616 generis
1203 1569 1240 1605 in
1266 1571 1384 1605 Leidd.
1408 1572 1450 1608 D.
1477 1572 1522 1606 F.

119 1632 164 1665 K.
188 1636 223 1665 et
245 1632 364 1666 Guelf.
390 1631 423 1664 2.
448 1631 617 1674 scriptum
642 1636 694 1665 est
715 1642 798 1677 gen.
833 1632 931 1666 mei.
951 1651 996 1656 --
1032 1633 1120 1665 Sunt
1145 1635 1225 1675 post
1249 1632 1396 1675 obiecti,
1427 1632 1520 1675 quod

118 1691 154 1725 in
178 1692 286 1725 Fabr.
311 1691 344 1727 1.
370 1696 451 1726 ante
476 1691 699 1736 participium
725 1693 880 1737 legitur,
912 1695 946 1726 et
978 1703 1000 1726 a
1025 1691 1120 1725 Leid.
1157 1691 1195 1726 C.
1220 1691 1341 1732 abest,
1378 1691 1520 1726 Cottius

116 1753 295 1797 expunxit.
344 1752 441 1786 Idem
474 1752 563 1786 nihil
599 1751 731 1786 monito
765 1753 896 1787 lectore
928 1757 980 1787 est
1003 1755 1081 1796 post
1103 1752 1247 1793 relicta,
1283 1752 1376 1794 quod
1400 1762 1520 1786 omnes

117 1815 216 1849 codd.
250 1817 384 1856 tenent,
418 1812 547 1847 omisit.
575 1833 616 1837 —
656 1813 739 1846 Cum
773 1812 1038 1857 praepositionis
1075 1823 1158 1845 usus
1181 1811 1217 1845 in
1242 1812 1306 1846 tali
1331 1817 1518 1855 structura,

116 1875 232 1918 qualis
275 1878 327 1909 est
358 1884 456 1907 cum
486 1884 691 1908 moerore
728 1880 773 1909 et
808 1876 938 1908 luctu
972 1873 1082 1907 uitam
1108 1873 1270 1917 exigere,
1306 1873 1390 1907 satis
1415 1872 1519 1908 tritus

118 1940 192 1977 cst,
217 1945 432 1979 quamquam
456 1945 518 1978 per
543 1946 580 1968 se
604 1946 670 1968 non
695 1935 857 1980 elegans,
890 1941 929 1969 ut
961 1934 1100 1969 Cortius
1132 1933 1314 1977 praecipit.
1361 1934 1520 1969 Contulit

118 1996 179 2030 ille
202 1997 318 2030 l'laut.
342 1995 435 2029 Rud.
461 1995 556 2029 Prol.
584 2006 616 2027 v.
641 1994 698 2030 29.
723 1996 819 2030 Coel.
845 1996 880 2030 in
905 1995 977 2031 Cic.
1009 1996 1096 2038 Epp.
1115 1994 1159 2028 ud
1181 1995 1321 2028 Famm.
1347 1993 1437 2033 vlu,
1460 1995 1517 2036 14,

116 2057 152 2091 9.
177 2068 210 2090 v.
228 2058 371 2100 Zumpt.
399 2055 561 2089 Gramm.
589 2055 666 2090 Lat.
700 2059 732 2099 §.
756 2056 813 2097 74,
840 2057 897 2090 ll.
931 2068 965 2100 p.
989 2054 1069 2089 362.
1103 2055 1155 2087 ed.
1181 2054 1238 2088 lv.
1274 2057 1307 2087 et
1347 2065 1438 2098 quae
1464 2055 1516 2088 in-

119 2118 175 2151 fru
199 2117 399 2152 notavimus
431 2115 477 2150 ad
509 2127 538 2147 c.
564 2115 661 2157 Llll,
694 2117 728 2151 7.
763 2118 880 2151 Hand.
917 2117 960 2150 de
995 2115 1149 2150 Particc.
1182 2115 1275 2148 Lati.
1302 2114 1380 2148 Vol.
1411 2115 1454 2148 ll.
1481 2127 1517 2159 p.

117 2177 188 2211 153
206 2189 280 2221 sqq.
334 2178 450 2210 sitam
486 2177 685 2221 exigere
718 2178 858 2212 Cortius
891 2178 935 2211 nd
970 2177 1007 2211 h.
1033 2178 1055 2210 l.
1079 2181 1114 2210 et
1138 2176 1323 2209 Ruhnken.
1360 2175 1404 2208 ad
1429 2175 1514 2210 Ter.

117 2238 246 2271 lleaut.
264 2238 308 2279 11,
328 2236 365 2279 3,
388 2236 445 2270 39.
470 2237 601 2271 dictum
626 2242 765 2272 censent
789 2250 852 2282 pro
878 2237 1030 2282 simplici
1055 2248 1163 2282 agere
1188 2236 1242 2269 vel
1268 2235 1422 2282 degere5
1455 2236 1515 2269 sed

117 2299 279 2332 omuibus
310 2299 382 2332 sere
418 2297 502 2331 locis
530 2299 669 2342 exigere
698 2299 898 2332 adiunctam
928 2299 1037 2332 habet
1064 2296 1240 2331 notionem
1267 2297 1514 2341 longinqui

116 2361 292 2404 temperis,
315 2358 488 2393 interdum
506 2369 574 2392 non
593 2358 666 2392 sine
685 2359 858 2400 molestia,
884 2371 965 2404 exp
979 2359 1088 2393 lcnd
1104 2359 1138 2398 i,·
1163 2357 1208 2391 cf.
1221 2369 1251 2390 c.
1270 2356 1513 2400 Lxxxx·,50.

210 2422 243 2462 §,
267 2419 323 2453 16.
371 2431 461 2463 quae
494 2431 533 2453 cs
569 2421 773 2454 necessarus
807 2420 959 2454 advorsa
986 2423 1090 2464 sucta
1113 2419 1207 2462 sunt]
1233 2418 1332 2451 Haec
1357 2416 1514 2462 Laugius

117 2484 152 2513 ct
175 2480 366 2514 Muellerus
385 2480 434 2514 ita
464 2479 687 2524 intelligunt:
721 2492 811 2526 quae
836 2481 920 2515 mihi
944 2493 985 2515 cs
1009 2485 1238 2526 cognatorum
1264 2482 1297 2511 ct
1322 2478 1512 2512 amicorum

116 2541 215 2574 clude
247 2541 466 2581 acciderunt,
500 2540 556 2573 cui
591 2541 642 2574 rei
677 2542 865 2574 verborum
905 2542 995 2576 ratio
1031 2546 1066 2576 et
1098 2539 1234 2574 dicendi
1275 2549 1356 2572 usus
1381 2539 1507 2572 obstat.

115 2601 260 2635 Acutius
285 2601 371 2635 vidit
392 2600 552 2642 Curtius,
575 2612 682 2644 quom
707 2612 826 2635 omncs
849 2611 985 2635 errasse
1007 2605 1172 2648 arguunt,
1196 2599 1401 2634 necessariis
1426 2609 1509 2632 neu-

115 2665 168 2694 tro
192 2673 319 2705 genere
342 2661 493 2705 positum
518 2674 603 2703 esso,
630 2667 668 2697 ut
686 2661 927 2706 praedicatum
942 2663 1038 2697 clare
1058 2660 1220 2696 ostendit.
1269 2658 1367 2692 Licet
1389 2661 1508 2691 autem

115 2722 222 2755 verbu
243 2723 401 2766 generali
425 2734 526 2756 senisu
552 2735 672 2758 omnes
696 2722 906 2759 Adherbalis
934 2725 1107 2766 rationes,
1131 2734 1221 2767 quae
1246 2717 1299 2752 ῙΙΙῙ
1323 2728 1403 2751 Cum
1429 2717 1509 2752 ‘iliis

112 2785 230 2825 ernnt',
265 2784 448 2827 complecti
484 2783 684 2823 videantur,
719 2789 834 2818 tumen
871 2781 1018 2816 dubium
1045 2792 1111 2815 non
1135 2785 1207 2822 est,
1240 2779 1324 2823 quin
1350 2778 1503 2813 maxime
