1630 3034
232 190 574 235 CATILINA.
625 190 1244 235 cAP.xxxvn1.xxx1X.
1322 176 1443 237 ‘179

60 310 198 355 tentia
232 310 484 361 cenabanu
524 322 671 365 neque
704 307 790 351 illis
823 308 1044 353 modestia
1087 324 1235 367 neque
1281 309 1484 357 modus4

62 400 351 446 contentionis
397 406 516 455 erat,
560 398 734 457 utrique
767 398 998 443 victoriam
1037 400 1280 445 crudeliter
1315 416 1443 445 exer-

61 493 235 539 cebant.

193 581 401 628 XXXIX.
470 577 564 624 Sed
598 585 837 638 postquam
866 577 947 625 Cn.
978 578 1222 639 Pompeius
1250 580 1309 625 ad
1343 581 1445 625 bel-

60 676 153 719 lum
181 674 450 718 maritimum
484 677 618 729 atque
647 669 1009 715 Mithridaticum
1041 672 1195 715 missus
1225 678 1304 726 est,
1338 672 1443 731 ple—

58 766 125 810 bis
146 780 256 824 opes
274 763 547 819 imminutae,
568 776 817 821 paucorum
842 762 1042 820 potentia
1063 762 1212 808 crevit.
1260 763 1324 806 Hi
1344 778 1444 807 ma·
1462 777 1489 817 2

57 857 282 917 gistratus,
307 854 560 915 provincias
582 853 761 911 aliaque
782 853 932 897 omnia
946 859 1120 906 tenere3
1156 854 1241 912 ipsi
1267 853 1446 910 innoxii,

56 1045 237 1080 celebritas
259 1044 412 1078 virorum
436 1053 478 1076 ac
501 1040 701 1082 mulierum,
736 1052 822 1087 quo
857 1041 1060 1075 lamentatio
1092 1042 1315 1078 minueretur.
1359 1043 1444 1078 Ter.

53 1088 184 1138 Heaut'.
206 1103 233 1144 1,
255 1102 290 1144 1,
308 1102 364 1136 75.
396 1112 459 1145 pro
493 1110 529 1132 se
560 1099 700 1142 quisque
734 1100 851 1132 sedulo
877 1099 1081 1142 faciebant,
1115 1111 1199 1144 quo
1231 1102 1328 1134 illam
1360 1102 1447 1136 mihi

57 1160 203 1193 lenirent
224 1159 412 1192 miseriam.
457 1158 559 1190 Auct.
589 1155 632 1188 Β.
658 1155 758 1198 Hisp.
785 1167 814 1188 c.
838 1156 872 1196 2,
895 1156 929 1189 2.
968 1158 1222 1199 nunciabatur,
1246 1165 1365 1202 captos
1388 1165 1447 1193 ta·-

55 1217 234 1257 bellarios,
268 1217 326 1260 qui
357 1227 380 1249 a
417 1215 476 1248 Cn.
511 1212 673 1255 Pompeio
706 1212 861 1255 dispositi
896 1218 1028 1254 essent,
1066 1225 1152 1257 quo
1176 1216 1355 1249 certiorem
1384 1217 1446 1251 Cn.

55 1274 256 1317 Pompeium
292 1274 334 1306 de
360 1271 521 1305 Caesaris
552 1270 704 1302 adventu
728 1272 902 1312 facerent.
931 1289 974 1294 —
1004 1270 1073 1303 Pro
1098 1272 1281 1305 certabant
1314 1273 1449 1316 aliquot

56 1331 156 1364 codd.
182 1331 363 1369 certabat3
388 1330 447 1362 sed
471 1327 552 1361 vide
575 1327 619 1359 ad
644 1338 672 1359 e.
696 1327 768 1368 Vll,
788 1328 820 1361 1.
876 1327 987 1360 Recte
1012 1327 1224 1362 Gerlachius
1247 1330 1352 1363 huius
1378 1330 1447 1364 loci

54 1387 226 1421 rationem
254 1387 430 1420 diversam
454 1396 528 1418 esse
546 1384 667 1418 statuit
691 1395 712 1417 a
736 1383 914 1428 superiore
938 1384 1097 1426 exemplo
1123 1396 1153 1420 c.
1177 1386 1369 1429 xxxvnl,
1391 1388 1447 1430 6.;

53 1455 137 1478 nam
163 1444 248 1488 quia
271 1444 471 1477 simulantes
490 1441 638 1485 pluralis
660 1442 856 1483 notionem,
882 1442 954 1474 iam
979 1442 1043 1474 alii
1066 1452 1152 1474 voce
1178 1442 1337 1486 illatam,
1372 1456 1448 1479 ser..

54 1506 138 1545 vat,
171 1501 318 1545 quisque
340 1501 476 1533 nullam
498 1499 573 1532 vim
597 1498 707 1532 habet
739 1499 784 1532 ad
810 1498 1025 1544 singularem
1050 1502 1372 1537 commendandum.
1398 1520 1444 1528 —-

55 1561 87 1600 §.
112 1559 146 1591 4.
188 1559 282 1599 Illis,
305 1558 397 1601 quod
421 1556 559 1591 Cottius
592 1555 666 1589 sine
688 1556 765 1589 ulla
797 1557 957 1590 codicum
992 1566 1059 1599 ope
1082 1557 1236 1600 expulit,
1271 1559 1306 1592 in
1342 1572 1445 1595 suum

52 1616 170 1650 locum
193 1614 404 1649 retinuimus.
423 1634 470 1640 —-
514 1614 636 1657 Neque
660 1614 828 1647 modestia
851 1625 959 1658 neque
983 1614 1105 1647 modus
1130 1619 1207 1648 erat
1229 1615 1443 1652 illustratum

52 1673 99 1708 ad
121 1685 152 1706 c.
173 1673 249 1714 2X1,
274 1671 310 1705 4.
339 1691 385 1697 —
432 1672 620 1705 Victoriam
653 1672 859 1705 exercebant
882 1671 908 1704 i.
933 1682 963 1705 e.
996 1671 1146 1705 victoria
1174 1671 1444 1716 intemperanter

51 1735 88 1764 et
103 1729 222 1773 inique
246 1730 454 1770 utebantur3
480 1740 635 1763 exercere
659 1729 752 1762 enim
775 1728 838 1763 tali
865 1739 967 1762 sensu
991 1734 1043 1763 est
1066 1729 1175 1763 nimio
1199 1735 1301 1774 atque
1323 1732 1443 1775 iniquo

51 1787 167 1822 studio
191 1787 346 1832 aliquam
381 1798 456 1821 rem
489 1791 659 1827 tractare,
692 1788 739 1820 cf.
774 1788 850 1832 Ing.
876 1788 968 1828 XVI,
993 1787 1028 1822 2.
1077 1789 1231 1831 Opimius
1265 1801 1443 1824 acerrume

50 1845 232 1880 victoriam
255 1845 445 1879 nobilitatis
469 1845 506 1878 in
526 1844 661 1887 plebem
686 1849 897 1879 exercuerat.
944 1843 1021 1878 Liv.
1049 1845 1179 1887 XXIII,
1207 1846 1241 1887 2,
1269 1846 1302 1880 1.
1335 1848 1443 1882 licen-

50 1902 106 1937 tia
125 1903 235 1947 plebis
257 1904 331 1936 sine
353 1902 455 1935 nwdo
478 1901 674 1935 libertatem
700 1896 896 1937 exercentis.
921 1902 1034 1936 Goar-

143 1993 310 2028 XXXIX.
359 1995 390 2036 §.
416 1993 451 2028 1.
498 1993 624 2026 bellum
656 1993 896 2037 maritimum]
942 1993 997 2027 Ad
1030 1993 1099 2028 hoc
1131 1993 1287 2037 bellum,
1319 1999 1441 2031 contra

48 2050 180 2095 piratas
219 2056 380 2095 gestum,
422 2050 645 2084 notissimum
687 2055 738 2083 est
774 2050 1006 2095 Pompeium,
1052 2051 1093 2087 A.
1127 2051 1279 2085 Gabinio
1321 2052 1440 2096 legem

50 2109 202 2149 ferente,
235 2119 325 2141 anno
359 2119 392 2142 a.
419 2108 502 2141 Chr.
527 2119 560 2140 n.
585 2106 642 2140 67.
677 2118 712 2140 u.
739 2119 769 2140 c.
793 2107 874 2143 687.
903 2109 1050 2143 missum
1081 2119 1173 2149 esse,
1210 2108 1314 2150 idque
1345 2108 1439 2142 intra

51 2164 285 2210 quadraginta
327 2166 463 2199 dierum
503 2164 656 2208 spatium
699 2165 906 2207 confecisse3
952 2166 998 2201 cf.
1030 2166 1125 2199 Flor.
1159 2165 1218 2205 111,
1249 2165 1282 2198 6.
1319 2164 1439 2208 ibique

50 2221 270 2257 Freinshem.
307 2223 393 2256 Veli.
425 2224 480 2264 11,
500 2222 558 2263 31,
588 2222 648 2262 2.;
683 2222 741 2263 32,
770 2222 865 2255 4-5.
901 2222 972 2256 Cic.
1007 2234 1041 2266 p.
1075 2222 1157 2266 lege
1186 2222 1282 2254 Man.
1316 2233 1345 2255 c.
1379 2220 1437 2267 Il,

49 2278 197 2313 31—36.
231 2278 300 2312 Dio
325 2280 418 2313 Cass.
448 2279 614 2320 XXXVI,
642 2291 675 2322 p.
703 2279 762 2313 10.
795 2279 901 2312 Haud
932 2280 1045 2314 multo
1074 2283 1151 2322 post
1182 2279 1268 2312 belli
1293 2279 1436 2313 Mithri-

51 2336 157 2370 datici
180 2336 250 2370 dux
281 2337 395 2370 factus
418 2340 486 2376 est,
520 2336 610 2378 quod
643 2336 831 2370 debellavit
863 2347 953 2369 anno
985 2347 1018 2372 a.
1045 2336 1128 2370 Chr.
1154 2347 1189 2370 n.
1224 2335 1304 2378 63.;
1337 2348 1370 2370 v.
1394 2337 1434 2371 ll.

49 2393 155 2426 modo
181 2393 318 2427 allatos.
340 2413 382 2418 —
416 2393 499 2426 Post
523 2393 726 2426 imminutae
751 2392 1026 2436 quattuordecim
1057 2393 1156 2426 codd.
1181 2393 1311 2427 addunt
1333 2398 1435 2434 sunt,-

49 2451 110 2484 sed
139 2449 222 2493 quia
251 2450 418 2493 plurimi,
450 2450 486 2483 in
517 2449 630 2492 iisque
663 2449 970 2493 praestantissimi,
1007 2451 1153 2485 verbum
1185 2463 1253 2485 non
1288 2452 1436 2494 habent,

49 2517 117 2540 non
149 2507 288 2540 videtur
319 2509 363 2542 ab
395 2512 538 2541 auctore
567 2507 737 2551 scriptum
758 2519 844 2542 esse.
870 2526 914 2532 —
958 2508 1148 2542 Paucorum
1176 2510 1332 2553 potentia
1341 2521 1355 2549 ,-
1386 2509 1432 2544 cf.

51 2565 96 2599 ad
119 2576 149 2598 c.
170 2564 250 2606 XX,
268 2565 301 2600 7.
325 2569 359 2599 et
382 2563 580 2605 XXXVIII,
601 2566 634 2598 l.

141 2647 174 2686 §-
197 2644 232 2677 2.
280 2646 428 2688 innoxii]
454 2644 597 2678 Passim
618 2645 782 2679 vocabuli
803 2649 975 2688 potestate
997 2656 1056 2679 eos
1078 2644 1283 2690 significari,
1305 2645 1431 2689 quibus

51 2702 168 2736 noceri
201 2713 269 2737 non
300 2703 430 2748 possit,
463 2703 590 2747 quique
621 2703 708 2737 adeo
732 2703 844 2737 securi
876 2703 962 2745 sint,
995 2707 1087 2736 recte
1119 2703 1254 2739 monuit
1281 2703 1429 2738 Curtius.

1027 2763 1153 2806 12*
