1630 3034
100 164 183 193 vm
519 141 1058 188 PRAEFATIO.

101 266 277 324 Pragae
311 276 350 307 a.
387 257 536 305 147⁰.
574 259 760 318 scriptus
795 263 883 314 est,
921 263 971 304 ut
1015 258 1061 302 in
1103 258 1193 303 fine
1227 256 1474 318 Iugurthae

103 346 352 423 notatumj,
389 367 538 405 tamen
582 361 829 420 scripturae
875 360 1073 404 bonitate
1116 360 1303 405 alterum
1339 361 1476 421 longe

105 471 320 527 superat,
356 479 410 509 ac
444 463 670 508 luculento
701 467 767 510 est
801 462 1098 519 documento,
1132 477 1222 507 non
1256 463 1358 507 satis
1391 463 1475 506 cir-

106 572 363 627 cumspecte
406 580 541 626 agere
587 579 688 620 eOS,
728 565 804 623 qui
858 565 902 608 in
948 565 1220 609 aestimando
1273 565 1475 609 codicum

105 669 251 729 pretio
297 668 438 714 solam
478 667 782 726 antiquitatem
823 672 1048 727 spectant,
1095 682 1148 710 ac
1191 666 1228 710 si
1259 681 1373 724 quos
1405 680 1479 710 re-

98 770 311 842 centioris
359 770 513 815 aetatis
555 784 652 813 esse
698 770 1011 828 cognoverint,
1065 769 1273 814 continuo
1314 767 1480 812 nullum

107 886 184 918 eos
220 877 296 918 aut
330 872 540 931 exiguum
574 886 704 914 usum
737 871 783 916 in
815 886 865 915 re
900 870 1050 916 critica
1094 869 1265 914 habere
1300 874 1482 924 conten-

107 973 230 1020 dunt.
301 974 353 1019 ln
381 978 598 1033 promptu
632 978 699 1016 est
735 972 852 1017 enim
885 972 1020 1016 libros
1049 987 1104 1017 ex
1128 972 1249 1017 bono
1284 972 1484 1030 interpo-

106 1075 433 1134 lationibusque
477 1074 619 1119 libero
662 1074 870 1133 exemplo
910 1079 955 1118 et
991 1089 1017 1117 a
1057 1073 1272 1134 diligente
1305 1071 1485 1117 librario

108 1177 384 1238 descriptos,
434 1175 602 1220 etiamsi
647 1177 733 1220 sint
771 1175 1028 1221 recentioris
1082 1175 1288 1236 originis,
1335 1180 1488 1218 tamen

107 1278 211 1338 plus
267 1279 416 1323 valere
469 1277 529 1322 ad
581 1293 733 1339 veram
783 1279 1048 1338 scripturam
1103 1275 1454 1322 constituendam
1474 1307 1489 1332 ,

109 1394 246 1437 quam
280 1380 382 1424 satis
420 1380 647 1438 antiquos,
696 1379 776 1424 sed
808 1395 862 1424 ex
895 1381 1124 1438 inquinato
1159 1379 1284 1425 fonte
1312 1378 1489 1423 deriva-

109 1486 190 1524 tos.
263 1481 550 1540 Quamquam
593 1481 675 1528 ista
720 1482 981 1542 integritatis
1026 1482 1224 1528 internae
1265 1481 1360 1525 laus
1402 1494 1491 1524 non

110 1581 172 1628 ad
213 1586 357 1634 totum
402 1583 605 1627 codicem
649 1582 801 1632 Berol,
839 1582 883 1627 2.
919 1583 1136 1643 pertinet3
1186 1597 1290 1629 nam
1326 1581 1431 1628 inde
1465 1595 1493 1623 a

109 1682 355 1743 Iugurthae
391 1700 428 1728 c.
465 1684 673 1732 XCVIII.
702 1686 842 1730 multo
875 1685 1029 1746 plures
1057 1700 1194 1744 quam
1229 1689 1359 1728 antea
1393 1697 1493 1727 ma·-

111 1785 176 1830 las
211 1785 425 1832 lectiones
460 1785 625 1845 habet,
659 1792 710 1834 ut
738 1787 833 1832 iure
868 1788 1095 1843 coniicias,
1132 1801 1249 1846 quae
1276 1785 1383 1829 inde
1415 1799 1494 1830 us-

112 1901 201 1944 que
245 1886 305 1931 ad
345 1888 483 1933 finem
515 1890 753 1949 leguntur,
796 1904 889 1936 nou
934 1905 989 1934 ex
1037 1889 1222 1945 eodem,
1251 1893 1301 1932 ut
1326 1888 1493 1947 priora,

113 1987 193 2032 sed
242 2003 297 2034 ex
344 1990 430 2034 alio
478 1991 702 2050 valdeque
745 1990 992 2051 depravato
1040 1992 1246 2050 exemplo
1295 1989 1493 2044 fluxisse,

112 2105 230 2148 quae
264 2107 334 2136 res
380 2098 475 2136 turn
516 2093 665 2137 multis
701 2093 862 2153 glossis
900 2094 946 2138 in
985 2094 1083 2153 ipsa
1130 2092 1268 2137 verba
1303 2089 1493 2134 auctoris

112 2192 261 2249 illatis,
297 2199 389 2239 tum
424 2194 600 2239 turbato
635 2210 773 2255 saepe
803 2195 1044 2241 verborum
1070 2195 1225 2240 ordine
1255 2193 1495 2239 confirma—-

115 2299 196 2339 tur.
266 2295 341 2339 Ad
377 2296 466 2342 hoc
493 2313 579 2357 per
614 2303 758 2344 totum
786 2297 884 2342 cod.
922 2298 1093 2342 scholia
1127 2297 1316 2357 margini
1357 2294 1496 2339 ascri-

115 2400 193 2453 pta
232 2402 358 2453 sunt,
404 2398 485 2442 scd
529 2399 688 2444 nullius
730 2401 862 2459 pretii
903 2406 948 2444 et
996 2400 1053 2444 ab
1096 2399 1180 2445 alia
1214 2411 1348 2444 manu
1382 2411 1492 2456 pro-

116 2495 246 2540 fecta.
320 2497 687 2559 Orthographiae
722 2503 836 2546 ratio
877 2503 1143 2561 plerumque
1186 2515 1286 2545 cum
1321 2498 1494 2558 vulgari

117 2600 342 2644 consentit.
411 2599 649 2646 Praeterea
683 2603 807 2647 haud
833 2605 995 2662 exiguo
1031 2604 1139 2647 mihi
1173 2603 1267 2647 usui
1303 2601 1384 2647 suit
1415 2613 1492 2642 80·

118 2700 387 2745 curatissima
427 2703 603 2748 collatio
648 2704 811 2749 codicis
855 2704 1195 2759 Goerlitiensk,
1223 2717 1357 2761 quam
1389 2708 1492 2748 ante
