<?xml version="1.0" encoding="UTF-8"?>
<!DOCTYPE html PUBLIC "-//W3C//DTD XHTML 1.0 Transitional//EN"
    "http://www.w3.org/TR/xhtml1/DTD/xhtml1-transitional.dtd">
<html xmlns="http://www.w3.org/1999/xhtml" xml:lang="en" lang="en">
 <head>
  <title>
</title>
<meta http-equiv="Content-Type" content="text/html;charset=utf-8" />
  <meta name='ocr-system' content='tesseract 3.04.00' />
  <meta name='ocr-capabilities' content='ocr_page ocr_carea ocr_par ocr_line ocrx_word'/>
</head>
<body>
  <div class='ocr_page' id='page_1' title='image "./operaquaesupeappx01salluoft_1050.png"; bbox 0 0 1630 3034; ppageno 0'>
   <div class='ocr_carea' id='block_1_1' title="bbox 247 115 1014 160">
    <p class='ocr_par' dir='ltr' id='par_1_1' title="bbox 247 115 1014 160">
     <span class='ocr_line' id='line_1_1' title="bbox 247 115 1014 160; baseline -0.007 0"><span class='ocrx_word' id='word_1_1' title='bbox 247 116 304 160; x_wconf 84' lang='grc'><strong>62</strong></span> <span class='ocrx_word' id='word_1_2' title='bbox 857 115 1014 156; x_wconf 89' lang='lat' dir='ltr'><strong>INDEX</strong></span> 
     </span>
    </p>
   </div>
   <div class='ocr_carea' id='block_1_2' title="bbox 247 226 1004 436">
    <p class='ocr_par' dir='ltr' id='par_1_2' title="bbox 249 226 874 267">
     <span class='ocr_line' id='line_1_2' title="bbox 249 226 874 267; baseline -0.005 -5"><span class='ocrx_word' id='word_1_3' title='bbox 249 231 414 263; x_wconf 76' lang='lat' dir='ltr'><em>Philaenon</em></span> <span class='ocrx_word' id='word_1_4' title='bbox 431 238 505 260; x_wconf 85' lang='lat' dir='ltr'><strong>arae</strong></span> <span class='ocrx_word' id='word_1_5' title='bbox 521 228 579 261; x_wconf 89' lang='lat' dir='ltr'><strong>ubi</strong></span> <span class='ocrx_word' id='word_1_6' title='bbox 597 228 696 267; x_wconf 85' lang='lat' dir='ltr'><strong>sitae,</strong></span> <span class='ocrx_word' id='word_1_7' title='bbox 722 226 747 260; x_wconf 91' lang='lat'><strong>1.</strong></span> <span class='ocrx_word' id='word_1_8' title='bbox 769 226 823 266; x_wconf 85' lang='lat'><strong>19,</strong></span> <span class='ocrx_word' id='word_1_9' title='bbox 841 227 874 260; x_wconf 89' lang='lat'><strong>3.</strong></span> 
     </span>
    </p>

    <p class='ocr_par' dir='ltr' id='par_1_3' title="bbox 247 283 654 325">
     <span class='ocr_line' id='line_1_3' title="bbox 247 283 654 325; baseline -0.005 -7"><span class='ocrx_word' id='word_1_10' title='bbox 247 287 312 318; x_wconf 84' lang='lat' dir='ltr'><strong>Pila</strong></span> <span class='ocrx_word' id='word_1_11' title='bbox 330 286 473 325; x_wconf 77' lang='lat' dir='ltr'><strong>omittere,</strong></span> <span class='ocrx_word' id='word_1_12' title='bbox 493 283 529 317; x_wconf 91' lang='lat' dir='ltr'><strong>C.</strong></span> <span class='ocrx_word' id='word_1_13' title='bbox 549 283 604 323; x_wconf 84' lang='lat'><strong>60,</strong></span> <span class='ocrx_word' id='word_1_14' title='bbox 622 284 654 318; x_wconf 88' lang='lat'><strong>2.</strong></span> 
     </span>
    </p>

    <p class='ocr_par' dir='ltr' id='par_1_4' title="bbox 247 337 758 383">
     <span class='ocr_line' id='line_1_4' title="bbox 247 337 758 383; baseline -0.002 -10"><span class='ocrx_word' id='word_1_15' title='bbox 247 341 340 381; x_wconf 70' lang='lat' dir='ltr'><strong>Pilzzs,</strong></span> <span class='ocrx_word' id='word_1_16' title='bbox 357 342 474 383; x_wconf 78' lang='lat' dir='ltr'><strong>primus</strong></span> <span class='ocrx_word' id='word_1_17' title='bbox 485 341 581 382; x_wconf 79' lang='lat' dir='ltr'><strong>pilus,</strong></span> <span class='ocrx_word' id='word_1_18' title='bbox 598 337 625 373; x_wconf 87' lang='grc' dir='ltr'><strong>Ι.</strong></span> <span class='ocrx_word' id='word_1_19' title='bbox 645 339 700 380; x_wconf 91' lang='grc'><strong>38,</strong></span> <span class='ocrx_word' id='word_1_20' title='bbox 725 339 758 372; x_wconf 90' lang='grc'><strong>8.</strong></span> 
     </span>
    </p>

    <p class='ocr_par' dir='ltr' id='par_1_5' title="bbox 249 393 1004 436">
     <span class='ocr_line' id='line_1_5' title="bbox 249 393 1004 436; baseline -0.001 -7"><span class='ocrx_word' id='word_1_21' title='bbox 249 398 383 429; x_wconf 82' lang='lat' dir='ltr'><em>Piscinae</em></span> <span class='ocrx_word' id='word_1_22' title='bbox 399 397 550 431; x_wconf 88' lang='lat' dir='ltr'><strong>Romanis</strong></span> <span class='ocrx_word' id='word_1_23' title='bbox 568 397 668 430; x_wconf 89' lang='lat' dir='ltr'><strong>valde</strong></span> <span class='ocrx_word' id='word_1_24' title='bbox 682 400 823 436; x_wconf 86' lang='lat' dir='ltr'><strong>amatae,</strong></span> <span class='ocrx_word' id='word_1_25' title='bbox 842 393 883 429; x_wconf 81' lang='lat' dir='ltr'><strong>C.</strong></span> <span class='ocrx_word' id='word_1_26' title='bbox 901 395 954 436; x_wconf 85' lang='lat'><strong>13,</strong></span> <span class='ocrx_word' id='word_1_27' title='bbox 974 396 1004 429; x_wconf 92' lang='lat'><strong>1.</strong></span> 
     </span>
    </p>
   </div>
   <div class='ocr_carea' id='block_1_3' title="bbox 1619 159 1630 492">
    <p class='ocr_par' dir='ltr' id='par_1_6' title="bbox 1619 159 1630 492">
     <span class='ocr_line' id='line_1_6' title="bbox 1619 159 1630 492; textangle 90"><span class='ocrx_word' id='word_1_28' title='bbox 1626 464 1630 492; x_wconf 82' lang='lat'><strong>-.</strong></span> <span class='ocrx_word' id='word_1_29' title='bbox 1622 348 1630 437; x_wconf 45' lang='lat' dir='ltr'><strong>„an-..-</strong></span> <span class='ocrx_word' id='word_1_30' title='bbox 1627 318 1630 324; x_wconf 85' lang='lat'><strong>.</strong></span> <span class='ocrx_word' id='word_1_31' title='bbox 1619 159 1630 296; x_wconf 50' lang='lat' dir='ltr'><strong>...A-..-.</strong></span> 
     </span>
    </p>
   </div>
   <div class='ocr_carea' id='block_1_4' title="bbox 245 452 1187 891">
    <p class='ocr_par' dir='ltr' id='par_1_7' title="bbox 246 452 602 497">
     <span class='ocr_line' id='line_1_7' title="bbox 246 452 602 497; baseline 0 -10"><span class='ocrx_word' id='word_1_32' title='bbox 246 454 314 487; x_wconf 87' lang='lat' dir='ltr'><strong>Piso</strong></span> <span class='ocrx_word' id='word_1_33' title='bbox 335 452 419 497; x_wconf 65' lang='lat' dir='ltr'><strong>(st),</strong></span> <span class='ocrx_word' id='word_1_34' title='bbox 439 453 475 487; x_wconf 92' lang='lat' dir='ltr'><strong>C.</strong></span> <span class='ocrx_word' id='word_1_35' title='bbox 496 453 551 494; x_wconf 87' lang='grc'><strong>18,</strong></span> <span class='ocrx_word' id='word_1_36' title='bbox 569 454 602 487; x_wconf 86' lang='grc'><strong>4.</strong></span> 
     </span>
    </p>

    <p class='ocr_par' dir='ltr' id='par_1_8' title="bbox 246 508 1035 553">
     <span class='ocr_line' id='line_1_8' title="bbox 246 508 1035 553; baseline -0.003 -11"><span class='ocrx_word' id='word_1_37' title='bbox 246 511 368 542; x_wconf 83' lang='lat' dir='ltr'><em>Placide</em></span> <span class='ocrx_word' id='word_1_38' title='bbox 383 511 405 543; x_wconf 89' lang='lat' dir='ltr'><strong>i.</strong></span> <span class='ocrx_word' id='word_1_39' title='bbox 425 520 455 553; x_wconf 88' lang='lat' dir='ltr'><strong>q.</strong></span> <span class='ocrx_word' id='word_1_40' title='bbox 476 511 548 542; x_wconf 90' lang='lat' dir='ltr'><strong>sine</strong></span> <span class='ocrx_word' id='word_1_41' title='bbox 566 509 673 542; x_wconf 87' lang='lat' dir='ltr'><strong>turbis</strong></span> <span class='ocrx_word' id='word_1_42' title='bbox 691 508 861 548; x_wconf 90' lang='lat' dir='ltr'><strong>civilibus,</strong></span> <span class='ocrx_word' id='word_1_43' title='bbox 887 508 911 541; x_wconf 91' lang='grc' dir='ltr'><strong>Ι.</strong></span> <span class='ocrx_word' id='word_1_44' title='bbox 928 508 984 548; x_wconf 87' lang='grc'><strong>41,</strong></span> <span class='ocrx_word' id='word_1_45' title='bbox 1001 508 1035 542; x_wconf 99' lang='grc'><strong>2.</strong></span> 
     </span>
    </p>

    <p class='ocr_par' dir='ltr' id='par_1_9' title="bbox 246 563 1114 666">
     <span class='ocr_line' id='line_1_9' title="bbox 246 563 1114 609; baseline -0.002 -11"><span class='ocrx_word' id='word_1_46' title='bbox 246 567 367 599; x_wconf 81' lang='lat' dir='ltr'><strong>Placide</strong></span> <span class='ocrx_word' id='word_1_47' title='bbox 385 567 406 598; x_wconf 92' lang='lat' dir='ltr'><strong>i.</strong></span> <span class='ocrx_word' id='word_1_48' title='bbox 423 576 454 609; x_wconf 89' lang='lat' dir='ltr'><strong>q.</strong></span> <span class='ocrx_word' id='word_1_49' title='bbox 470 567 542 598; x_wconf 89' lang='lat' dir='ltr'><strong>sine</strong></span> <span class='ocrx_word' id='word_1_50' title='bbox 560 566 660 598; x_wconf 88' lang='lat' dir='ltr'><strong>animi</strong></span> <span class='ocrx_word' id='word_1_51' title='bbox 677 564 940 608; x_wconf 79' lang='lat' dir='ltr'><strong>perturbatione,</strong></span> <span class='ocrx_word' id='word_1_52' title='bbox 965 564 990 598; x_wconf 93' lang='grc' dir='ltr'><strong>Ι.</strong></span> <span class='ocrx_word' id='word_1_53' title='bbox 1009 563 1065 605; x_wconf 87' lang='grc'><strong>83,</strong></span> <span class='ocrx_word' id='word_1_54' title='bbox 1082 564 1114 598; x_wconf 90' lang='grc'><strong>2.</strong></span> 
     </span>
     <span class='ocr_line' id='line_1_10' title="bbox 246 621 781 666; baseline -0.002 -11"><span class='ocrx_word' id='word_1_55' title='bbox 246 623 376 655; x_wconf 83' lang='lat' dir='ltr'><strong>Placilus</strong></span> <span class='ocrx_word' id='word_1_56' title='bbox 394 624 416 656; x_wconf 87' lang='lat' dir='ltr'><strong>i.</strong></span> <span class='ocrx_word' id='word_1_57' title='bbox 435 633 465 665; x_wconf 92' lang='lat' dir='ltr'><strong>q.</strong></span> <span class='ocrx_word' id='word_1_58' title='bbox 481 623 603 666; x_wconf 86' lang='lat' dir='ltr'><strong>placet,</strong></span> <span class='ocrx_word' id='word_1_59' title='bbox 628 621 653 655; x_wconf 93' lang='grc' dir='ltr'><strong>Ι.</strong></span> <span class='ocrx_word' id='word_1_60' title='bbox 674 621 730 661; x_wconf 90' lang='grc'><strong>81,</strong></span> <span class='ocrx_word' id='word_1_61' title='bbox 749 621 781 655; x_wconf 95' lang='grc'><strong>1.</strong></span> 
     </span>
    </p>

    <p class='ocr_par' dir='ltr' id='par_1_10' title="bbox 245 676 1187 775">
     <span class='ocr_line' id='line_1_11' title="bbox 246 676 1187 721; baseline -0.003 -9"><span class='ocrx_word' id='word_1_62' title='bbox 246 680 380 712; x_wconf 78' lang='lat' dir='ltr'><strong>Platonis</strong></span> <span class='ocrx_word' id='word_1_63' title='bbox 397 679 596 712; x_wconf 83' lang='lat' dir='ltr'><strong>sententiam</strong></span> <span class='ocrx_word' id='word_1_64' title='bbox 613 678 781 721; x_wconf 84' lang='lat' dir='ltr'><strong>expressit</strong></span> <span class='ocrx_word' id='word_1_65' title='bbox 795 676 990 717; x_wconf 85' lang='lat' dir='ltr'><strong>Sallustius,</strong></span> <span class='ocrx_word' id='word_1_66' title='bbox 1015 676 1040 711; x_wconf 94' lang='lat'><strong>1.</strong></span> <span class='ocrx_word' id='word_1_67' title='bbox 1058 676 1114 717; x_wconf 85' lang='lat'><strong>85,</strong></span> <span class='ocrx_word' id='word_1_68' title='bbox 1132 676 1187 710; x_wconf 91' lang='lat'><strong>49.</strong></span> 
     </span>
     <span class='ocr_line' id='line_1_12' title="bbox 245 731 848 775; baseline -0.002 -7"><span class='ocrx_word' id='word_1_69' title='bbox 245 736 364 768; x_wconf 83' lang='lat' dir='ltr'><strong>Plautia</strong></span> <span class='ocrx_word' id='word_1_70' title='bbox 381 737 454 769; x_wconf 90' lang='lat' dir='ltr'><strong>sive</strong></span> <span class='ocrx_word' id='word_1_71' title='bbox 471 736 568 767; x_wconf 79' lang='lat' dir='ltr'><strong>Plotia</strong></span> <span class='ocrx_word' id='word_1_72' title='bbox 584 736 652 775; x_wconf 69' lang='lat' dir='ltr'><strong>leX,</strong></span> <span class='ocrx_word' id='word_1_73' title='bbox 678 731 718 768; x_wconf 87' lang='lat' dir='ltr'><strong>C.</strong></span> <span class='ocrx_word' id='word_1_74' title='bbox 739 733 796 774; x_wconf 86' lang='lat'><strong>31,</strong></span> <span class='ocrx_word' id='word_1_75' title='bbox 813 734 848 767; x_wconf 91' lang='grc'><strong>4.</strong></span> 
     </span>
    </p>

    <p class='ocr_par' dir='ltr' id='par_1_11' title="bbox 246 789 1018 835">
     <span class='ocr_line' id='line_1_13' title="bbox 246 789 1018 835; baseline -0.001 -11"><span class='ocrx_word' id='word_1_76' title='bbox 246 792 362 832; x_wconf 83' lang='lat' dir='ltr'><strong>Plebes,</strong></span> <span class='ocrx_word' id='word_1_77' title='bbox 382 792 485 825; x_wconf 79' lang='lat' dir='ltr'><strong>forma</strong></span> <span class='ocrx_word' id='word_1_78' title='bbox 502 792 684 835; x_wconf 77' lang='lat' dir='ltr'><strong>antiquior,</strong></span> <span class='ocrx_word' id='word_1_79' title='bbox 709 790 733 824; x_wconf 91' lang='grc' dir='ltr'><strong>Ι.</strong></span> <span class='ocrx_word' id='word_1_80' title='bbox 754 790 810 830; x_wconf 87' lang='grc'><strong>40,</strong></span> <span class='ocrx_word' id='word_1_81' title='bbox 831 790 862 823; x_wconf 87' lang='grc'><strong>3.</strong></span> <span class='ocrx_word' id='word_1_82' title='bbox 914 789 970 831; x_wconf 88' lang='grc'><strong>73,</strong></span> <span class='ocrx_word' id='word_1_83' title='bbox 984 789 1018 824; x_wconf 95' lang='grc'><strong>6.</strong></span> 
     </span>
    </p>

    <p class='ocr_par' dir='ltr' id='par_1_12' title="bbox 246 846 1048 891">
     <span class='ocr_line' id='line_1_14' title="bbox 246 846 1048 891; baseline -0.002 -10"><span class='ocrx_word' id='word_1_84' title='bbox 246 849 350 882; x_wconf 84' lang='lat' dir='ltr'><strong>Plebes</strong></span> <span class='ocrx_word' id='word_1_85' title='bbox 367 859 440 881; x_wconf 87' lang='lat' dir='ltr'><strong>cum</strong></span> <span class='ocrx_word' id='word_1_86' title='bbox 456 848 579 891; x_wconf 79' lang='lat' dir='ltr'><strong>plurali</strong></span> <span class='ocrx_word' id='word_1_87' title='bbox 597 848 692 881; x_wconf 80' lang='lat' dir='ltr'><strong>verbi</strong></span> <span class='ocrx_word' id='word_1_88' title='bbox 705 848 865 886; x_wconf 84' lang='lat' dir='ltr'><strong>iunctum,</strong></span> <span class='ocrx_word' id='word_1_89' title='bbox 890 846 916 880; x_wconf 92' lang='grc' dir='ltr'><strong>Ι.</strong></span> <span class='ocrx_word' id='word_1_90' title='bbox 943 846 998 886; x_wconf 88' lang='grc'><strong>73,</strong></span> <span class='ocrx_word' id='word_1_91' title='bbox 1014 847 1048 879; x_wconf 87' lang='grc'><strong>4.</strong></span> 
     </span>
    </p>
   </div>
   <div class='ocr_carea' id='block_1_5' title="bbox 188 902 1109 946">
    <p class='ocr_par' dir='ltr' id='par_1_13' title="bbox 188 902 1109 946">
     <span class='ocr_line' id='line_1_15' title="bbox 188 902 1109 946; baseline -0.002 -9"><span class='ocrx_word' id='word_1_92' title='bbox 188 934 191 936; x_wconf 76' lang='lat'><strong>.</strong></span> <span class='ocrx_word' id='word_1_93' title='bbox 246 905 353 937; x_wconf 82' lang='lat' dir='ltr'><strong>Plenus</strong></span> <span class='ocrx_word' id='word_1_94' title='bbox 371 906 484 946; x_wconf 72' lang='lat' dir='ltr'><strong>qradus</strong></span> <span class='ocrx_word' id='word_1_95' title='bbox 504 905 538 937; x_wconf 88' lang='lat' dir='ltr'><strong>in</strong></span> <span class='ocrx_word' id='word_1_96' title='bbox 555 905 674 937; x_wconf 84' lang='lat' dir='ltr'><strong>militia</strong></span> <span class='ocrx_word' id='word_1_97' title='bbox 692 903 800 946; x_wconf 85' lang='lat' dir='ltr'><strong>qualis</strong></span> <span class='ocrx_word' id='word_1_98' title='bbox 819 903 932 943; x_wconf 83' lang='lat' dir='ltr'><strong>fuerit,</strong></span> <span class='ocrx_word' id='word_1_99' title='bbox 957 903 982 936; x_wconf 92' lang='lat' dir='ltr'><strong>I.</strong></span> <span class='ocrx_word' id='word_1_100' title='bbox 1003 902 1058 942; x_wconf 88' lang='grc'><strong>98,</strong></span> <span class='ocrx_word' id='word_1_101' title='bbox 1076 903 1109 936; x_wconf 90' lang='lat'><strong>4.</strong></span> 
     </span>
    </p>
   </div>
   <div class='ocr_carea' id='block_1_6' title="bbox 243 958 1630 2688">
    <p class='ocr_par' dir='ltr' id='par_1_14' title="bbox 247 958 1333 1004">
     <span class='ocr_line' id='line_1_16' title="bbox 247 958 1333 1004; baseline -0.001 -11"><span class='ocrx_word' id='word_1_102' title='bbox 247 961 443 995; x_wconf 75' lang='lat' dir='ltr'><strong>pleonasmus</strong></span> <span class='ocrx_word' id='word_1_103' title='bbox 459 962 493 994; x_wconf 90' lang='lat' dir='ltr'><strong>in</strong></span> <span class='ocrx_word' id='word_1_104' title='bbox 511 961 655 994; x_wconf 85' lang='lat' dir='ltr'><strong>dictione</strong></span> <span class='ocrx_word' id='word_1_105' title='bbox 671 970 777 992; x_wconf 79' lang='lat' dir='ltr'><strong>rursus</strong></span> <span class='ocrx_word' id='word_1_106' title='bbox 793 961 904 999; x_wconf 74' lang='lat' dir='ltr'><strong>redire,</strong></span> <span class='ocrx_word' id='word_1_107' title='bbox 923 958 1152 1004; x_wconf 42' lang='lat' dir='ltr'><strong>ecsimilibus,</strong></span> <span class='ocrx_word' id='word_1_108' title='bbox 1171 958 1208 992; x_wconf 92' lang='lat' dir='ltr'><strong>C.</strong></span> <span class='ocrx_word' id='word_1_109' title='bbox 1229 958 1283 999; x_wconf 90' lang='lat'><strong>18,</strong></span> <span class='ocrx_word' id='word_1_110' title='bbox 1302 959 1333 992; x_wconf 92' lang='grc'><strong>6.</strong></span> 
     </span>
    </p>

    <p class='ocr_par' dir='ltr' id='par_1_15' title="bbox 246 1015 1628 1114">
     <span class='ocr_line' id='line_1_17' title="bbox 246 1015 1628 1059; baseline 0 -9"><span class='ocrx_word' id='word_1_111' title='bbox 246 1018 440 1051; x_wconf 81' lang='lat' dir='ltr'><strong>Pleonasmus</strong></span> <span class='ocrx_word' id='word_1_112' title='bbox 458 1016 710 1051; x_wconf 80' lang='lat' dir='ltr'><strong>demonstrativi</strong></span> <span class='ocrx_word' id='word_1_113' title='bbox 724 1019 759 1049; x_wconf 91' lang='lat' dir='ltr'><strong>et</strong></span> <span class='ocrx_word' id='word_1_114' title='bbox 774 1017 817 1048; x_wconf 81' lang='lat' dir='ltr'><strong>sic</strong></span> <span class='ocrx_word' id='word_1_115' title='bbox 833 1015 1019 1059; x_wconf 87' lang='lat' dir='ltr'><strong>particulae</strong></span> <span class='ocrx_word' id='word_1_116' title='bbox 1044 1018 1122 1048; x_wconf 83' lang='lat' dir='ltr'><strong>ante</strong></span> <span class='ocrx_word' id='word_1_117' title='bbox 1146 1015 1335 1049; x_wconf 86' lang='lat' dir='ltr'><strong>uberiorem</strong></span> <span class='ocrx_word' id='word_1_118' title='bbox 1352 1017 1628 1054; x_wconf 82' lang='lat' dir='ltr'><strong>enunciationem.</strong></span> 
     </span>
     <span class='ocr_line' id='line_1_18' title="bbox 337 1072 725 1114; baseline -0.005 -7"><span class='ocrx_word' id='word_1_119' title='bbox 337 1074 373 1107; x_wconf 92' lang='lat' dir='ltr'><strong>C.</strong></span> <span class='ocrx_word' id='word_1_120' title='bbox 394 1074 448 1114; x_wconf 83' lang='lat'><strong>51,</strong></span> <span class='ocrx_word' id='word_1_121' title='bbox 468 1073 500 1107; x_wconf 87' lang='lat'><strong>7.</strong></span> <span class='ocrx_word' id='word_1_122' title='bbox 548 1074 572 1106; x_wconf 93' lang='grc' dir='ltr'><strong>Ι.</strong></span> <span class='ocrx_word' id='word_1_123' title='bbox 595 1073 649 1113; x_wconf 86' lang='grc'><strong>14,</strong></span> <span class='ocrx_word' id='word_1_124' title='bbox 671 1072 725 1106; x_wconf 90' lang='grc'><strong>12.</strong></span> 
     </span>
    </p>

    <p class='ocr_par' dir='ltr' id='par_1_16' title="bbox 245 1126 1176 1170">
     <span class='ocr_line' id='line_1_19' title="bbox 245 1126 1176 1170; baseline -0.001 -8"><span class='ocrx_word' id='word_1_125' title='bbox 245 1131 440 1163; x_wconf 76' lang='lat' dir='ltr'><strong>pleonasmus</strong></span> <span class='ocrx_word' id='word_1_126' title='bbox 457 1131 489 1162; x_wconf 91' lang='lat' dir='ltr'><strong>in</strong></span> <span class='ocrx_word' id='word_1_127' title='bbox 509 1130 654 1163; x_wconf 86' lang='lat' dir='ltr'><strong>dictione</strong></span> <span class='ocrx_word' id='word_1_128' title='bbox 670 1129 814 1161; x_wconf 78' lang='lat' dir='ltr'><strong>indicium</strong></span> <span class='ocrx_word' id='word_1_129' title='bbox 824 1130 1007 1170; x_wconf 79' lang='lat' dir='ltr'><strong>patefacere,</strong></span> <span class='ocrx_word' id='word_1_130' title='bbox 1023 1127 1049 1161; x_wconf 92' lang='lat' dir='ltr'><strong>I.</strong></span> <span class='ocrx_word' id='word_1_131' title='bbox 1069 1126 1125 1168; x_wconf 88' lang='lat'><strong>73,</strong></span> <span class='ocrx_word' id='word_1_132' title='bbox 1145 1127 1176 1161; x_wconf 87' lang='lat'><strong>1.</strong></span> 
     </span>
    </p>

    <p class='ocr_par' dir='ltr' id='par_1_17' title="bbox 243 1183 1087 1228">
     <span class='ocr_line' id='line_1_20' title="bbox 243 1183 1087 1228; baseline -0.001 -10"><span class='ocrx_word' id='word_1_133' title='bbox 243 1187 438 1219; x_wconf 78' lang='lat' dir='ltr'><strong>Pleonasmas</strong></span> <span class='ocrx_word' id='word_1_134' title='bbox 456 1187 610 1219; x_wconf 87' lang='lat' dir='ltr'><strong>dictionis</strong></span> <span class='ocrx_word' id='word_1_135' title='bbox 626 1186 781 1228; x_wconf 79' lang='lat' dir='ltr'><strong>praesidio</strong></span> <span class='ocrx_word' id='word_1_136' title='bbox 799 1186 917 1225; x_wconf 83' lang='lat' dir='ltr'><strong>adesse,</strong></span> <span class='ocrx_word' id='word_1_137' title='bbox 934 1183 960 1218; x_wconf 92' lang='grc' dir='ltr'><strong>Ι.</strong></span> <span class='ocrx_word' id='word_1_138' title='bbox 979 1184 1035 1225; x_wconf 89' lang='grc'><strong>85,</strong></span> <span class='ocrx_word' id='word_1_139' title='bbox 1053 1184 1087 1218; x_wconf 89' lang='grc'><strong>4.</strong></span> 
     </span>
    </p>

    <p class='ocr_par' dir='ltr' id='par_1_18' title="bbox 245 1241 1000 1286">
     <span class='ocr_line' id='line_1_21' title="bbox 245 1241 1000 1286; baseline -0.003 -11"><span class='ocrx_word' id='word_1_140' title='bbox 245 1243 422 1285; x_wconf 77' lang='lat' dir='ltr'><strong>Plerumque</strong></span> <span class='ocrx_word' id='word_1_141' title='bbox 439 1254 502 1286; x_wconf 88' lang='lat' dir='ltr'><strong>qua</strong></span> <span class='ocrx_word' id='word_1_142' title='bbox 517 1246 685 1275; x_wconf 85' lang='lat' dir='ltr'><strong>structura</strong></span> <span class='ocrx_word' id='word_1_143' title='bbox 703 1242 846 1281; x_wconf 87' lang='lat' dir='ltr'><strong>dicatur,</strong></span> <span class='ocrx_word' id='word_1_144' title='bbox 871 1241 896 1274; x_wconf 89' lang='grc' dir='ltr'><strong>Ι.</strong></span> <span class='ocrx_word' id='word_1_145' title='bbox 917 1241 949 1281; x_wconf 93' lang='grc'><strong>1,</strong></span> <span class='ocrx_word' id='word_1_146' title='bbox 968 1242 1000 1274; x_wconf 87' lang='lat'><strong>5.</strong></span> 
     </span>
    </p>

    <p class='ocr_par' dir='ltr' id='par_1_19' title="bbox 245 1295 1242 1341">
     <span class='ocr_line' id='line_1_22' title="bbox 245 1295 1242 1341; baseline -0.002 -10"><span class='ocrx_word' id='word_1_147' title='bbox 245 1299 407 1341; x_wconf 72' lang='lat' dir='ltr'><strong>plerusque</strong></span> <span class='ocrx_word' id='word_1_148' title='bbox 425 1300 573 1333; x_wconf 84' lang='lat' dir='ltr'><strong>ablativo</strong></span> <span class='ocrx_word' id='word_1_149' title='bbox 590 1299 654 1332; x_wconf 86' lang='lat' dir='ltr'><strong>loci</strong></span> <span class='ocrx_word' id='word_1_150' title='bbox 670 1300 703 1330; x_wconf 85' lang='lat' dir='ltr'><strong>in</strong></span> <span class='ocrx_word' id='word_1_151' title='bbox 718 1308 781 1330; x_wconf 93' lang='lat' dir='ltr'><strong>non</strong></span> <span class='ocrx_word' id='word_1_152' title='bbox 798 1298 901 1331; x_wconf 87' lang='lat' dir='ltr'><strong>habet</strong></span> <span class='ocrx_word' id='word_1_153' title='bbox 913 1297 1072 1338; x_wconf 87' lang='lat' dir='ltr'><strong>additum,</strong></span> <span class='ocrx_word' id='word_1_154' title='bbox 1096 1296 1121 1330; x_wconf 93' lang='grc' dir='ltr'><strong>Ι.</strong></span> <span class='ocrx_word' id='word_1_155' title='bbox 1142 1295 1196 1338; x_wconf 91' lang='grc'><strong>79,</strong></span> <span class='ocrx_word' id='word_1_156' title='bbox 1209 1297 1242 1332; x_wconf 85' lang='grc'><strong>2.</strong></span> 
     </span>
    </p>

    <p class='ocr_par' dir='ltr' id='par_1_20' title="bbox 248 1351 1627 1454">
     <span class='ocr_line' id='line_1_23' title="bbox 248 1351 1627 1399; baseline 0.001 -11"><span class='ocrx_word' id='word_1_157' title='bbox 248 1357 378 1389; x_wconf 80' lang='lat' dir='ltr'><strong>Pluralis</strong></span> <span class='ocrx_word' id='word_1_158' title='bbox 396 1367 415 1389; x_wconf 87' lang='lat' dir='ltr'><strong>a</strong></span> <span class='ocrx_word' id='word_1_159' title='bbox 433 1356 564 1389; x_wconf 84' lang='lat' dir='ltr'><strong>Latinis</strong></span> <span class='ocrx_word' id='word_1_160' title='bbox 580 1357 728 1399; x_wconf 91' lang='lat' dir='ltr'><strong>positus,</strong></span> <span class='ocrx_word' id='word_1_161' title='bbox 753 1354 810 1386; x_wconf 90' lang='lat' dir='ltr'><strong>ubi</strong></span> <span class='ocrx_word' id='word_1_162' title='bbox 836 1353 991 1387; x_wconf 84' lang='lat' dir='ltr'><strong>Germani</strong></span> <span class='ocrx_word' id='word_1_163' title='bbox 1020 1354 1226 1395; x_wconf 76' lang='lat' dir='ltr'><strong>singularem</strong></span> <span class='ocrx_word' id='word_1_164' title='bbox 1250 1354 1428 1395; x_wconf 86' lang='lat' dir='ltr'><strong>adhihent,</strong></span> <span class='ocrx_word' id='word_1_165' title='bbox 1457 1351 1498 1388; x_wconf 87' lang='lat' dir='ltr'><strong>C.</strong></span> <span class='ocrx_word' id='word_1_166' title='bbox 1517 1355 1578 1396; x_wconf 83' lang='grc'><strong>14,</strong></span> <span class='ocrx_word' id='word_1_167' title='bbox 1596 1357 1627 1388; x_wconf 89' lang='grc'><strong>5.</strong></span> 
     </span>
     <span class='ocr_line' id='line_1_24' title="bbox 336 1409 1295 1454; baseline -0.002 -8"><span class='ocrx_word' id='word_1_168' title='bbox 336 1413 391 1454; x_wconf 88' lang='lat'><strong>15,</strong></span> <span class='ocrx_word' id='word_1_169' title='bbox 410 1414 443 1446; x_wconf 92' lang='grc'><strong>4.</strong></span> <span class='ocrx_word' id='word_1_170' title='bbox 492 1410 549 1452; x_wconf 85' lang='grc'><strong>47,</strong></span> <span class='ocrx_word' id='word_1_171' title='bbox 567 1412 599 1445; x_wconf 88' lang='grc'><strong>3.</strong></span> <span class='ocrx_word' id='word_1_172' title='bbox 650 1410 705 1452; x_wconf 88' lang='grc'><strong>50,</strong></span> <span class='ocrx_word' id='word_1_173' title='bbox 725 1411 758 1444; x_wconf 87' lang='grc'><strong>3.</strong></span> <span class='ocrx_word' id='word_1_174' title='bbox 805 1410 831 1444; x_wconf 92' lang='grc' dir='ltr'><strong>Ι.</strong></span> <span class='ocrx_word' id='word_1_175' title='bbox 850 1410 908 1451; x_wconf 91' lang='grc'><strong>20,</strong></span> <span class='ocrx_word' id='word_1_176' title='bbox 926 1410 958 1443; x_wconf 91' lang='grc'><strong>8.</strong></span> <span class='ocrx_word' id='word_1_177' title='bbox 1008 1409 1063 1450; x_wconf 89' lang='grc'><strong>64,</strong></span> <span class='ocrx_word' id='word_1_178' title='bbox 1083 1409 1116 1444; x_wconf 89' lang='grc'><strong>6.</strong></span> <span class='ocrx_word' id='word_1_179' title='bbox 1166 1409 1244 1451; x_wconf 90' lang='grc'><strong>113,</strong></span> <span class='ocrx_word' id='word_1_180' title='bbox 1262 1410 1295 1444; x_wconf 94' lang='grc'><strong>3.</strong></span> 
     </span>
    </p>

    <p class='ocr_par' dir='ltr' id='par_1_21' title="bbox 247 1464 1066 1507">
     <span class='ocr_line' id='line_1_25' title="bbox 247 1464 1066 1507; baseline -0.002 -6"><span class='ocrx_word' id='word_1_181' title='bbox 247 1469 378 1501; x_wconf 79' lang='lat' dir='ltr'><strong>Pluralis</strong></span> <span class='ocrx_word' id='word_1_182' title='bbox 395 1470 562 1501; x_wconf 79' lang='lat' dir='ltr'><strong>maiestatis</strong></span> <span class='ocrx_word' id='word_1_183' title='bbox 588 1468 673 1501; x_wconf 85' lang='lat' dir='ltr'><strong>falso</strong></span> <span class='ocrx_word' id='word_1_184' title='bbox 690 1468 738 1500; x_wconf 88' lang='lat' dir='ltr'><strong>ita</strong></span> <span class='ocrx_word' id='word_1_185' title='bbox 756 1467 889 1507; x_wconf 82' lang='lat' dir='ltr'><strong>dicitur,</strong></span> <span class='ocrx_word' id='word_1_186' title='bbox 915 1466 939 1500; x_wconf 95' lang='grc' dir='ltr'><strong>Ι.</strong></span> <span class='ocrx_word' id='word_1_187' title='bbox 962 1464 1016 1506; x_wconf 92' lang='grc'><strong>17,</strong></span> <span class='ocrx_word' id='word_1_188' title='bbox 1035 1465 1066 1500; x_wconf 88' lang='grc'><strong>7.</strong></span> 
     </span>
    </p>

    <p class='ocr_par' dir='ltr' id='par_1_22' title="bbox 245 1521 1630 1621">
     <span class='ocr_line' id='line_1_26' title="bbox 245 1521 1630 1568; baseline 0 -11"><span class='ocrx_word' id='word_1_189' title='bbox 245 1526 374 1558; x_wconf 79' lang='lat' dir='ltr'><strong>Pluralis</strong></span> <span class='ocrx_word' id='word_1_190' title='bbox 391 1525 486 1558; x_wconf 85' lang='lat' dir='ltr'><strong>verbi</strong></span> <span class='ocrx_word' id='word_1_191' title='bbox 503 1529 578 1568; x_wconf 88' lang='lat' dir='ltr'><strong>post</strong></span> <span class='ocrx_word' id='word_1_192' title='bbox 593 1524 697 1558; x_wconf 75' lang='lat' dir='ltr'><strong>verba</strong></span> <span class='ocrx_word' id='word_1_193' title='bbox 715 1524 881 1564; x_wconf 80' lang='lat' dir='ltr'><strong>collectiva,</strong></span> <span class='ocrx_word' id='word_1_194' title='bbox 901 1522 936 1556; x_wconf 93' lang='lat' dir='ltr'><strong>C.</strong></span> <span class='ocrx_word' id='word_1_195' title='bbox 957 1522 1035 1564; x_wconf 83' lang='lat'><strong>6,2.</strong></span> <span class='ocrx_word' id='word_1_196' title='bbox 1085 1521 1118 1564; x_wconf 87' lang='grc'><strong>7,</strong></span> <span class='ocrx_word' id='word_1_197' title='bbox 1135 1523 1170 1556; x_wconf 89' lang='grc'><strong>4.</strong></span> <span class='ocrx_word' id='word_1_198' title='bbox 1217 1522 1274 1564; x_wconf 90' lang='grc'><strong>23,</strong></span> <span class='ocrx_word' id='word_1_199' title='bbox 1294 1522 1325 1556; x_wconf 88' lang='grc'><strong>6.</strong></span> <span class='ocrx_word' id='word_1_200' title='bbox 1374 1523 1400 1557; x_wconf 90' lang='grc' dir='ltr'><strong>Ι.</strong></span> <span class='ocrx_word' id='word_1_201' title='bbox 1420 1523 1474 1564; x_wconf 91' lang='grc'><strong>15,</strong></span> <span class='ocrx_word' id='word_1_202' title='bbox 1491 1524 1525 1559; x_wconf 91' lang='grc'><strong>2.</strong></span> <span class='ocrx_word' id='word_1_203' title='bbox 1575 1523 1630 1563; x_wconf 87' lang='grc'><strong>73,</strong></span> 
     </span>
     <span class='ocr_line' id='line_1_27' title="bbox 338 1581 527 1621; baseline -0.011 -6"><span class='ocrx_word' id='word_1_204' title='bbox 338 1583 370 1615; x_wconf 88' lang='lat'><strong>4.</strong></span> <span class='ocrx_word' id='word_1_205' title='bbox 420 1581 475 1621; x_wconf 88' lang='lat'><strong>95,</strong></span> <span class='ocrx_word' id='word_1_206' title='bbox 496 1581 527 1614; x_wconf 92' lang='lat'><strong>1.</strong></span> 
     </span>
    </p>

    <p class='ocr_par' dir='ltr' id='par_1_23' title="bbox 246 1633 1515 1681">
     <span class='ocr_line' id='line_1_28' title="bbox 246 1633 1515 1681; baseline 0 -11"><span class='ocrx_word' id='word_1_207' title='bbox 246 1638 376 1670; x_wconf 83' lang='lat' dir='ltr'><strong>Pluralis</strong></span> <span class='ocrx_word' id='word_1_208' title='bbox 392 1638 450 1670; x_wconf 93' lang='lat' dir='ltr'><strong>ubi</strong></span> <span class='ocrx_word' id='word_1_209' title='bbox 466 1641 540 1681; x_wconf 90' lang='lat' dir='ltr'><strong>post</strong></span> <span class='ocrx_word' id='word_1_210' title='bbox 555 1636 661 1669; x_wconf 84' lang='lat' dir='ltr'><strong>verba</strong></span> <span class='ocrx_word' id='word_1_211' title='bbox 678 1637 832 1668; x_wconf 75' lang='lat' dir='ltr'><strong>collectiva</strong></span> <span class='ocrx_word' id='word_1_212' title='bbox 848 1637 923 1679; x_wconf 91' lang='lat' dir='ltr'><strong>poni</strong></span> <span class='ocrx_word' id='word_1_213' title='bbox 937 1646 1000 1668; x_wconf 92' lang='lat' dir='ltr'><strong>non</strong></span> <span class='ocrx_word' id='word_1_214' title='bbox 1014 1636 1131 1680; x_wconf 86' lang='lat' dir='ltr'><strong>possit,</strong></span> <span class='ocrx_word' id='word_1_215' title='bbox 1151 1633 1193 1670; x_wconf 85' lang='lat' dir='ltr'><strong>G.</strong></span> <span class='ocrx_word' id='word_1_216' title='bbox 1207 1635 1263 1676; x_wconf 81' lang='lat'><strong>48,</strong></span> <span class='ocrx_word' id='word_1_217' title='bbox 1285 1636 1316 1669; x_wconf 93' lang='lat'><strong>1.</strong></span> <span class='ocrx_word' id='word_1_218' title='bbox 1364 1635 1389 1670; x_wconf 78' lang='grc' dir='ltr'><strong>Ι.</strong></span> <span class='ocrx_word' id='word_1_219' title='bbox 1409 1635 1463 1675; x_wconf 91' lang='grc'><strong>18,</strong></span> <span class='ocrx_word' id='word_1_220' title='bbox 1482 1635 1515 1670; x_wconf 88' lang='grc'><strong>3.</strong></span> 
     </span>
    </p>

    <p class='ocr_par' dir='ltr' id='par_1_24' title="bbox 245 1690 1553 1737">
     <span class='ocr_line' id='line_1_29' title="bbox 245 1690 1553 1737; baseline -0.002 -11"><span class='ocrx_word' id='word_1_221' title='bbox 245 1695 378 1726; x_wconf 84' lang='lat' dir='ltr'><strong>Pluralis</strong></span> <span class='ocrx_word' id='word_1_222' title='bbox 395 1704 453 1737; x_wconf 91' lang='lat' dir='ltr'><strong>per</strong></span> <span class='ocrx_word' id='word_1_223' title='bbox 466 1694 587 1733; x_wconf 74' lang='lat' dir='ltr'><strong>synesin.</strong></span> <span class='ocrx_word' id='word_1_224' title='bbox 603 1703 659 1735; x_wconf 90' lang='lat' dir='ltr'><strong>pro</strong></span> <span class='ocrx_word' id='word_1_225' title='bbox 677 1693 838 1733; x_wconf 74' lang='lat' dir='ltr'><strong>sinqalari,</strong></span> <span class='ocrx_word' id='word_1_226' title='bbox 856 1692 891 1725; x_wconf 91' lang='lat' dir='ltr'><strong>C.</strong></span> <span class='ocrx_word' id='word_1_227' title='bbox 911 1692 967 1731; x_wconf 85' lang='lat'><strong>39,</strong></span> <span class='ocrx_word' id='word_1_228' title='bbox 986 1693 1017 1725; x_wconf 87' lang='grc'><strong>3.</strong></span> <span class='ocrx_word' id='word_1_229' title='bbox 1067 1690 1092 1725; x_wconf 90' lang='grc' dir='ltr'><strong>Ι.</strong></span> <span class='ocrx_word' id='word_1_230' title='bbox 1115 1692 1169 1732; x_wconf 87' lang='grc'><strong>15,</strong></span> <span class='ocrx_word' id='word_1_231' title='bbox 1190 1692 1220 1725; x_wconf 92' lang='grc'><strong>1.</strong></span> <span class='ocrx_word' id='word_1_232' title='bbox 1267 1692 1324 1733; x_wconf 86' lang='grc'><strong>28,</strong></span> <span class='ocrx_word' id='word_1_233' title='bbox 1341 1692 1376 1727; x_wconf 90' lang='grc'><strong>2.</strong></span> <span class='ocrx_word' id='word_1_234' title='bbox 1427 1692 1504 1733; x_wconf 88' lang='grc'><strong>111,</strong></span> <span class='ocrx_word' id='word_1_235' title='bbox 1522 1691 1553 1726; x_wconf 90' lang='grc'><strong>1.</strong></span> 
     </span>
    </p>

    <p class='ocr_par' dir='ltr' id='par_1_25' title="bbox 246 1748 1628 1845">
     <span class='ocr_line' id='line_1_30' title="bbox 246 1748 1628 1792; baseline -0.001 -10"><span class='ocrx_word' id='word_1_236' title='bbox 246 1751 377 1783; x_wconf 80' lang='lat' dir='ltr'><strong>Pluralis</strong></span> <span class='ocrx_word' id='word_1_237' title='bbox 395 1760 458 1781; x_wconf 91' lang='lat' dir='ltr'><strong>non</strong></span> <span class='ocrx_word' id='word_1_238' title='bbox 476 1749 685 1790; x_wconf 85' lang='lat' dir='ltr'><strong>illegitimus,</strong></span> <span class='ocrx_word' id='word_1_239' title='bbox 704 1748 733 1780; x_wconf 91' lang='lat' dir='ltr'><strong>si</strong></span> <span class='ocrx_word' id='word_1_240' title='bbox 751 1748 888 1780; x_wconf 89' lang='lat' dir='ltr'><strong>verbum</strong></span> <span class='ocrx_word' id='word_1_241' title='bbox 905 1749 946 1780; x_wconf 86' lang='lat' dir='ltr'><strong>ad</strong></span> <span class='ocrx_word' id='word_1_242' title='bbox 964 1749 1027 1780; x_wconf 90' lang='lat' dir='ltr'><strong>duo</strong></span> <span class='ocrx_word' id='word_1_243' title='bbox 1042 1749 1172 1781; x_wconf 87' lang='lat' dir='ltr'><strong>nomina</strong></span> <span class='ocrx_word' id='word_1_244' title='bbox 1189 1759 1249 1792; x_wconf 89' lang='lat' dir='ltr'><strong>per</strong></span> <span class='ocrx_word' id='word_1_245' title='bbox 1264 1759 1329 1782; x_wconf 84' lang='lat' dir='ltr'><strong>cum</strong></span> <span class='ocrx_word' id='word_1_246' title='bbox 1346 1749 1459 1782; x_wconf 86' lang='lat' dir='ltr'><strong>iuncta</strong></span> <span class='ocrx_word' id='word_1_247' title='bbox 1473 1748 1628 1786; x_wconf 82' lang='lat' dir='ltr'><strong>refertur,</strong></span> 
     </span>
     <span class='ocr_line' id='line_1_31' title="bbox 339 1805 499 1845; baseline -0.013 -6"><span class='ocrx_word' id='word_1_248' title='bbox 339 1805 374 1839; x_wconf 91' lang='lat' dir='ltr'><strong>C.</strong></span> <span class='ocrx_word' id='word_1_249' title='bbox 394 1805 450 1845; x_wconf 86' lang='lat'><strong>43,</strong></span> <span class='ocrx_word' id='word_1_250' title='bbox 470 1805 499 1838; x_wconf 93' lang='lat'><strong>1.</strong></span> 
     </span>
    </p>

    <p class='ocr_par' dir='ltr' id='par_1_26' title="bbox 246 1859 1098 1903">
     <span class='ocr_line' id='line_1_32' title="bbox 246 1859 1098 1903; baseline -0.004 -9"><span class='ocrx_word' id='word_1_251' title='bbox 246 1863 377 1895; x_wconf 81' lang='lat' dir='ltr'><strong>Pluralis</strong></span> <span class='ocrx_word' id='word_1_252' title='bbox 395 1862 490 1894; x_wconf 85' lang='lat' dir='ltr'><strong>haec</strong></span> <span class='ocrx_word' id='word_1_253' title='bbox 508 1860 586 1903; x_wconf 89' lang='lat' dir='ltr'><strong>quid</strong></span> <span class='ocrx_word' id='word_1_254' title='bbox 604 1859 738 1892; x_wconf 83' lang='lat' dir='ltr'><strong>differat</strong></span> <span class='ocrx_word' id='word_1_255' title='bbox 754 1860 795 1892; x_wconf 85' lang='lat' dir='ltr'><strong>ab</strong></span> <span class='ocrx_word' id='word_1_256' title='bbox 813 1860 880 1899; x_wconf 83' lang='lat' dir='ltr'><strong>hoc,</strong></span> <span class='ocrx_word' id='word_1_257' title='bbox 908 1859 942 1892; x_wconf 93' lang='lat' dir='ltr'><strong>C.</strong></span> <span class='ocrx_word' id='word_1_258' title='bbox 971 1859 1025 1900; x_wconf 89' lang='lat'><strong>51,</strong></span> <span class='ocrx_word' id='word_1_259' title='bbox 1043 1859 1098 1893; x_wconf 87' lang='lat'><strong>35.</strong></span> 
     </span>
    </p>

    <p class='ocr_par' dir='ltr' id='par_1_27' title="bbox 247 1914 1354 1962">
     <span class='ocr_line' id='line_1_33' title="bbox 247 1914 1354 1962; baseline -0.003 -11"><span class='ocrx_word' id='word_1_260' title='bbox 247 1919 379 1951; x_wconf 82' lang='lat' dir='ltr'><strong>Pluralis</strong></span> <span class='ocrx_word' id='word_1_261' title='bbox 391 1928 450 1962; x_wconf 89' lang='lat' dir='ltr'><strong>per</strong></span> <span class='ocrx_word' id='word_1_262' title='bbox 467 1917 711 1950; x_wconf 80' lang='lat' dir='ltr'><strong>anacoluthiam</strong></span> <span class='ocrx_word' id='word_1_263' title='bbox 729 1917 771 1948; x_wconf 87' lang='lat' dir='ltr'><strong>ad</strong></span> <span class='ocrx_word' id='word_1_264' title='bbox 788 1915 992 1957; x_wconf 84' lang='lat' dir='ltr'><strong>singularem</strong></span> <span class='ocrx_word' id='word_1_265' title='bbox 1009 1915 1151 1956; x_wconf 76' lang='lat' dir='ltr'><strong>relatus,</strong></span> <span class='ocrx_word' id='word_1_266' title='bbox 1171 1914 1206 1948; x_wconf 92' lang='lat' dir='ltr'><strong>C.</strong></span> <span class='ocrx_word' id='word_1_267' title='bbox 1227 1915 1281 1955; x_wconf 86' lang='lat'><strong>51,</strong></span> <span class='ocrx_word' id='word_1_268' title='bbox 1301 1916 1354 1948; x_wconf 75' lang='lat'><strong>42.</strong></span> 
     </span>
    </p>

    <p class='ocr_par' dir='ltr' id='par_1_28' title="bbox 248 1970 864 2018">
     <span class='ocr_line' id='line_1_34' title="bbox 248 1970 864 2018; baseline -0.005 -11"><span class='ocrx_word' id='word_1_269' title='bbox 248 1976 316 2007; x_wconf 78' lang='lat' dir='ltr'><strong>Plus</strong></span> <span class='ocrx_word' id='word_1_270' title='bbox 331 1975 472 2018; x_wconf 85' lang='lat' dir='ltr'><strong>positum</strong></span> <span class='ocrx_word' id='word_1_271' title='bbox 489 1974 562 2006; x_wconf 81' lang='lat' dir='ltr'><strong>sine</strong></span> <span class='ocrx_word' id='word_1_272' title='bbox 580 1984 683 2015; x_wconf 80' lang='lat' dir='ltr'><strong>qnam,</strong></span> <span class='ocrx_word' id='word_1_273' title='bbox 702 1970 742 2006; x_wconf 90' lang='lat' dir='ltr'><strong>C.</strong></span> <span class='ocrx_word' id='word_1_274' title='bbox 759 1972 814 2012; x_wconf 88' lang='grc'><strong>56,</strong></span> <span class='ocrx_word' id='word_1_275' title='bbox 832 1972 864 2006; x_wconf 89' lang='grc'><strong>2.</strong></span> 
     </span>
    </p>

    <p class='ocr_par' dir='ltr' id='par_1_29' title="bbox 246 2027 1086 2074">
     <span class='ocr_line' id='line_1_35' title="bbox 246 2027 1086 2074; baseline -0.002 -10"><span class='ocrx_word' id='word_1_276' title='bbox 246 2032 350 2064; x_wconf 80' lang='lat' dir='ltr'><strong>Plures</strong></span> <span class='ocrx_word' id='word_1_277' title='bbox 368 2030 524 2074; x_wconf 88' lang='lat' dir='ltr'><strong>quomodo</strong></span> <span class='ocrx_word' id='word_1_278' title='bbox 541 2030 675 2063; x_wconf 78' lang='lat' dir='ltr'><strong>differat</strong></span> <span class='ocrx_word' id='word_1_279' title='bbox 690 2040 710 2062; x_wconf 86' lang='lat' dir='ltr'><strong>a</strong></span> <span class='ocrx_word' id='word_1_280' title='bbox 728 2029 908 2070; x_wconf 67' lang='lat' dir='ltr'><strong>complures</strong></span> <span class='ocrx_word' id='word_1_281' title='bbox 924 2027 959 2061; x_wconf 93' lang='lat' dir='ltr'><strong>C.</strong></span> <span class='ocrx_word' id='word_1_282' title='bbox 981 2028 1035 2068; x_wconf 89' lang='grc'><strong>19,</strong></span> <span class='ocrx_word' id='word_1_283' title='bbox 1053 2028 1086 2062; x_wconf 88' lang='grc'><strong>2.</strong></span> 
     </span>
    </p>

    <p class='ocr_par' dir='ltr' id='par_1_30' title="bbox 248 2084 1236 2129">
     <span class='ocr_line' id='line_1_36' title="bbox 248 2084 1236 2129; baseline 0 -10"><span class='ocrx_word' id='word_1_284' title='bbox 248 2088 573 2129; x_wconf 78' lang='lat' dir='ltr'><strong>Plusquampersectum</strong></span> <span class='ocrx_word' id='word_1_285' title='bbox 589 2086 646 2118; x_wconf 92' lang='lat' dir='ltr'><strong>ubi</strong></span> <span class='ocrx_word' id='word_1_286' title='bbox 665 2086 740 2129; x_wconf 89' lang='lat' dir='ltr'><strong>poni</strong></span> <span class='ocrx_word' id='word_1_287' title='bbox 758 2085 890 2124; x_wconf 78' lang='lat' dir='ltr'><strong>debeat,</strong></span> <span class='ocrx_word' id='word_1_288' title='bbox 920 2084 954 2117; x_wconf 94' lang='lat' dir='ltr'><strong>C.</strong></span> <span class='ocrx_word' id='word_1_289' title='bbox 977 2084 1030 2124; x_wconf 82' lang='lat'><strong>18,</strong></span> <span class='ocrx_word' id='word_1_290' title='bbox 1050 2084 1081 2117; x_wconf 88' lang='lat'><strong>3.</strong></span> <span class='ocrx_word' id='word_1_291' title='bbox 1131 2084 1186 2124; x_wconf 84' lang='grc'><strong>53,</strong></span> <span class='ocrx_word' id='word_1_292' title='bbox 1203 2085 1236 2119; x_wconf 96' lang='grc'><strong>2.</strong></span> 
     </span>
    </p>

    <p class='ocr_par' dir='ltr' id='par_1_31' title="bbox 247 2120 1627 2234">
     <span class='ocr_line' id='line_1_37' title="bbox 247 2120 1627 2185; baseline -0.002 -9"><span class='ocrx_word' id='word_1_293' title='bbox 247 2144 573 2185; x_wconf 74' lang='lat' dir='ltr'><strong>Plusquampmsectum</strong></span> <span class='ocrx_word' id='word_1_294' title='bbox 590 2143 731 2185; x_wconf 83' lang='lat' dir='ltr'><strong>positum</strong></span> <span class='ocrx_word' id='word_1_295' title='bbox 749 2146 905 2184; x_wconf 78' lang='lat' dir='ltr'><strong>respectu</strong></span> <span class='ocrx_word' id='word_1_296' title='bbox 921 2145 1059 2180; x_wconf 71' lang='lat' dir='ltr'><strong>menius,</strong></span> <span class='ocrx_word' id='word_1_297' title='bbox 1093 2141 1213 2174; x_wconf 87' lang='lat' dir='ltr'><strong>omisso</strong></span> <span class='ocrx_word' id='word_1_298' title='bbox 1245 2141 1388 2174; x_wconf 83' lang='lat' dir='ltr'><strong>membro</strong></span> <span class='ocrx_word' id='word_1_299' title='bbox 1416 2120 1572 2180; x_wconf 79' lang='lat' dir='ltr'><strong>relativo,</strong></span> <span class='ocrx_word' id='word_1_300' title='bbox 1592 2140 1627 2175; x_wconf 92' lang='lat' dir='ltr'><strong>C.</strong></span> 
     </span>
     <span class='ocr_line' id='line_1_38' title="bbox 337 2196 1115 2240; baseline -0.005 -6"><span class='ocrx_word' id='word_1_301' title='bbox 337 2197 959 2240; x_wconf 86' lang='grc' dir='ltr'><strong>24,.150,4.Ι.57,ὓ.64,.4</strong></span> <span class='ocrx_word' id='word_1_302' title='bbox 1009 2196 1115 2236; x_wconf 89' lang='grc'><strong>88,.3</strong></span> 
     </span>
    </p>

    <p class='ocr_par' dir='ltr' id='par_1_32' title="bbox 248 2249 1630 2349">
     <span class='ocr_line' id='line_1_39' title="bbox 248 2249 1630 2297; baseline -0.001 -10"><span class='ocrx_word' id='word_1_303' title='bbox 248 2256 574 2297; x_wconf 78' lang='lat' dir='ltr'><strong>Plusquamperseclmn</strong></span> <span class='ocrx_word' id='word_1_304' title='bbox 591 2265 655 2297; x_wconf 91' lang='lat' dir='ltr'><strong>qua</strong></span> <span class='ocrx_word' id='word_1_305' title='bbox 672 2254 802 2286; x_wconf 85' lang='lat' dir='ltr'><strong>ratione</strong></span> <span class='ocrx_word' id='word_1_306' title='bbox 818 2254 884 2285; x_wconf 88' lang='lat' dir='ltr'><strong>vim</strong></span> <span class='ocrx_word' id='word_1_307' title='bbox 900 2254 1064 2294; x_wconf 69' lang='lat' dir='ltr'><strong>imperfecti</strong></span> <span class='ocrx_word' id='word_1_308' title='bbox 1081 2253 1204 2286; x_wconf 79' lang='lat' dir='ltr'><strong>habere</strong></span> <span class='ocrx_word' id='word_1_309' title='bbox 1222 2253 1337 2296; x_wconf 81' lang='lat' dir='ltr'><strong>possit,</strong></span> <span class='ocrx_word' id='word_1_310' title='bbox 1357 2249 1397 2286; x_wconf 88' lang='lat' dir='ltr'><strong>C.</strong></span> <span class='ocrx_word' id='word_1_311' title='bbox 1418 2251 1473 2294; x_wconf 89' lang='grc'><strong>37,</strong></span> <span class='ocrx_word' id='word_1_312' title='bbox 1493 2253 1524 2288; x_wconf 82' lang='lat'><strong>1.</strong></span> <span class='ocrx_word' id='word_1_313' title='bbox 1574 2252 1630 2294; x_wconf 90' lang='grc'><strong>50,</strong></span> 
     </span>
     <span class='ocr_line' id='line_1_40' title="bbox 344 2309 708 2349; baseline -0.005 -5"><span class='ocrx_word' id='word_1_314' title='bbox 344 2311 375 2344; x_wconf 93' lang='grc'><strong>1.</strong></span> <span class='ocrx_word' id='word_1_315' title='bbox 424 2311 449 2344; x_wconf 91' lang='lat'><strong>1.</strong></span> <span class='ocrx_word' id='word_1_316' title='bbox 468 2312 501 2349; x_wconf 87' lang='grc'><strong>4,</strong></span> <span class='ocrx_word' id='word_1_317' title='bbox 520 2310 551 2343; x_wconf 94' lang='grc'><strong>7.</strong></span> <span class='ocrx_word' id='word_1_318' title='bbox 602 2310 657 2349; x_wconf 91' lang='grc'><strong>39,</strong></span> <span class='ocrx_word' id='word_1_319' title='bbox 675 2309 708 2344; x_wconf 84' lang='grc'><strong>2.</strong></span> 
     </span>
    </p>

    <p class='ocr_par' dir='ltr' id='par_1_33' title="bbox 247 2364 1626 2463">
     <span class='ocr_line' id='line_1_41' title="bbox 247 2364 1626 2409; baseline -0.002 -10"><span class='ocrx_word' id='word_1_320' title='bbox 247 2368 576 2409; x_wconf 76' lang='lat' dir='ltr'><strong>Plusquamperfectum</strong></span> <span class='ocrx_word' id='word_1_321' title='bbox 594 2367 626 2398; x_wconf 91' lang='lat' dir='ltr'><strong>in</strong></span> <span class='ocrx_word' id='word_1_322' title='bbox 645 2365 879 2398; x_wconf 81' lang='lat' dir='ltr'><strong>enunciatione</strong></span> <span class='ocrx_word' id='word_1_323' title='bbox 896 2365 1042 2398; x_wconf 77' lang='lat' dir='ltr'><strong>relativa</strong></span> <span class='ocrx_word' id='word_1_324' title='bbox 1060 2365 1218 2408; x_wconf 82' lang='lat' dir='ltr'><strong>quomodo</strong></span> <span class='ocrx_word' id='word_1_325' title='bbox 1244 2364 1378 2399; x_wconf 75' lang='lat' dir='ltr'><strong>differat</strong></span> <span class='ocrx_word' id='word_1_326' title='bbox 1401 2375 1420 2398; x_wconf 86' lang='lat' dir='ltr'><strong>a</strong></span> <span class='ocrx_word' id='word_1_327' title='bbox 1435 2367 1580 2407; x_wconf 75' lang='lat' dir='ltr'><strong>perfecto,</strong></span> <span class='ocrx_word' id='word_1_328' title='bbox 1601 2364 1626 2398; x_wconf 89' lang='grc' dir='ltr'><strong>Ι.</strong></span> 
     </span>
     <span class='ocr_line' id='line_1_42' title="bbox 338 2423 468 2463; baseline 0 -6"><span class='ocrx_word' id='word_1_329' title='bbox 338 2423 394 2463; x_wconf 87' lang='grc'><strong>85,</strong></span> <span class='ocrx_word' id='word_1_330' title='bbox 415 2424 468 2457; x_wconf 88' lang='grc'><strong>32.</strong></span> 
     </span>
    </p>

    <p class='ocr_par' dir='ltr' id='par_1_34' title="bbox 248 2476 1628 2575">
     <span class='ocr_line' id='line_1_43' title="bbox 248 2476 1628 2521; baseline -0.001 -10"><span class='ocrx_word' id='word_1_331' title='bbox 248 2480 572 2521; x_wconf 78' lang='lat' dir='ltr'><strong>Plusquamperseclum</strong></span> <span class='ocrx_word' id='word_1_332' title='bbox 593 2482 788 2521; x_wconf 82' lang='lat' dir='ltr'><strong>usurpatum</strong></span> <span class='ocrx_word' id='word_1_333' title='bbox 813 2478 845 2509; x_wconf 92' lang='lat' dir='ltr'><strong>in</strong></span> <span class='ocrx_word' id='word_1_334' title='bbox 875 2487 985 2508; x_wconf 79' lang='lat' dir='ltr'><strong>caussa</strong></span> <span class='ocrx_word' id='word_1_335' title='bbox 1003 2477 1146 2510; x_wconf 85' lang='lat' dir='ltr'><strong>alicuius</strong></span> <span class='ocrx_word' id='word_1_336' title='bbox 1163 2478 1213 2510; x_wconf 89' lang='lat' dir='ltr'><strong>rei</strong></span> <span class='ocrx_word' id='word_1_337' title='bbox 1241 2478 1380 2510; x_wconf 72' lang='lat' dir='ltr'><strong>absoluta</strong></span> <span class='ocrx_word' id='word_1_338' title='bbox 1396 2476 1628 2520; x_wconf 71' lang='lat' dir='ltr'><strong>significanda,</strong></span> 
     </span>
     <span class='ocr_line' id='line_1_44' title="bbox 337 2535 490 2575; baseline 0 -7"><span class='ocrx_word' id='word_1_339' title='bbox 337 2535 362 2568; x_wconf 91' lang='grc' dir='ltr'><strong>Ι.</strong></span> <span class='ocrx_word' id='word_1_340' title='bbox 383 2535 438 2575; x_wconf 86' lang='grc'><strong>50,</strong></span> <span class='ocrx_word' id='word_1_341' title='bbox 457 2535 490 2568; x_wconf 88' lang='grc'><strong>6.</strong></span> 
     </span>
    </p>

    <p class='ocr_par' dir='ltr' id='par_1_35' title="bbox 250 2589 1401 2633">
     <span class='ocr_line' id='line_1_45' title="bbox 250 2589 1401 2633; baseline 0.001 -11"><span class='ocrx_word' id='word_1_342' title='bbox 250 2592 575 2633; x_wconf 71' lang='lat' dir='ltr'><strong>Plusquamperseclum</strong></span> <span class='ocrx_word' id='word_1_343' title='bbox 592 2591 766 2623; x_wconf 85' lang='lat' dir='ltr'><strong>verborum</strong></span> <span class='ocrx_word' id='word_1_344' title='bbox 791 2590 950 2621; x_wconf 76' lang='lat' dir='ltr'><strong>consillum</strong></span> <span class='ocrx_word' id='word_1_345' title='bbox 965 2589 1235 2630; x_wconf 79' lang='lat' dir='ltr'><strong>significantium,</strong></span> <span class='ocrx_word' id='word_1_346' title='bbox 1253 2589 1278 2624; x_wconf 92' lang='grc' dir='ltr'><strong>Ι.</strong></span> <span class='ocrx_word' id='word_1_347' title='bbox 1300 2589 1355 2627; x_wconf 78' lang='grc'><strong>74,</strong></span> <span class='ocrx_word' id='word_1_348' title='bbox 1371 2589 1401 2623; x_wconf 87' lang='lat'><strong>1.</strong></span> 
     </span>
    </p>

    <p class='ocr_par' dir='ltr' id='par_1_36' title="bbox 251 2644 1221 2688">
     <span class='ocr_line' id='line_1_46' title="bbox 251 2644 1221 2688; baseline 0.001 -10"><span class='ocrx_word' id='word_1_349' title='bbox 251 2648 573 2688; x_wconf 77' lang='lat' dir='ltr'><strong>Plusquarnperseclmn</strong></span> <span class='ocrx_word' id='word_1_350' title='bbox 592 2656 663 2679; x_wconf 85' lang='lat' dir='ltr'><strong>cum</strong></span> <span class='ocrx_word' id='word_1_351' title='bbox 683 2648 853 2687; x_wconf 76' lang='lat' dir='ltr'><strong>imperfecto</strong></span> <span class='ocrx_word' id='word_1_352' title='bbox 871 2646 1044 2683; x_wconf 74' lang='lat' dir='ltr'><strong>sociatum,</strong></span> <span class='ocrx_word' id='word_1_353' title='bbox 1070 2644 1093 2678; x_wconf 88' lang='grc' dir='ltr'><strong>Ι.</strong></span> <span class='ocrx_word' id='word_1_354' title='bbox 1115 2645 1170 2682; x_wconf 84' lang='grc'><strong>91.</strong></span> <span class='ocrx_word' id='word_1_355' title='bbox 1192 2646 1221 2679; x_wconf 84' lang='grc'><strong>1.</strong></span> 
     </span>
    </p>
   </div>
  </div>
 </body>
</html>
