1630 3034
472 177 839 221 IUGURTHA.
900 180 1021 222 CAP.
1052 180 1179 223 XXI.
1274 183 1279 187 '
1423 186 1505 228 133

121 292 317 337 ho'stiur'n
361 293 596 346 invadunt3
656 294 946 338 semisomnos
991 298 1176 354 partim,
1226 296 1333 341 alios
1379 314 1502 343 arma

121 391 330 434 sumentis
371 390 529 450 fugant
568 390 874 448 funduntque3
918 391 1152 435 Adherbal
1199 408 1299 437 cum
1345 396 1501 453 paucis

120 487 338 544 equitibus
387 480 554 530 Cirtam
598 486 824 555 profugit,
872 493 916 529 et
960 488 1004 530 ni
1049 489 1283 533 multitudo
1319 496 1509 550 togato-,

116 597 216 625 rum
263 582 440 640 fuisset,
500 597 614 640 quae
671 583 889 626 Numidas
944 583 1211 641 insequentis
1267 587 1496 630 moenibus

113 677 367 737 prohibuit,
414 693 504 721 uno
542 678 614 721 die
648 678 761 722 inter
798 679 909 723 duos
945 695 1074 739 reges
1111 686 1323 739 coeptum
1361 688 1494 740 atque

113 780 335 833 patratum
385 774 554 818 bellum
610 774 742 822 foret.
821 775 962 835 Igitur
1010 775 1230 836 Iugurtha
1274 779 1529 837 oppidum3

110 933 178 975 VI,
211 933 291 969 356.
327 934 384 969 vix
417 935 586 968 lumine
622 940 792 980 quarto
824 937 983 979 prosperi
1014 936 1179 977 Italiam3
1211 948 1292 971 nam
1324 937 1400 981 quis
1424 949 1492 972 non

93 983 204 1027 'videt
228 999 346 1038 poetas
370 1007 433 1038 pro
456 995 596 1029 licentia
620 1007 683 1028 sua
707 998 820 1030 lumen
845 997 936 1029 nuda
967 999 1129 1041 temporis
1153 998 1407 1042 significatione
1430 1009 1493 1042 po-

107 1055 241 1088 suisse?
266 1058 455 1100 —sugaut
472 1056 706 1100 funduntque.
739 1058 843 1089 Hunc
866 1057 1052 1091 verborum
1077 1058 1232 1091 ordinem
1257 1059 1417 1092 Dukerus
1447 1059 1492 1092 ad

107 1115 203 1149 Flor.
223 1117 280 1155 111,
300 1115 334 1159 4,
360 1116 393 1150 4.
417 1116 579 1148 observat
598 1123 718 1149 contra
743 1121 876 1149 morem
902 1117 1057 1150 omnium
1085 1118 1290 1160 scriptorum
1316 1130 1400 1160 esse,
1432 1118 1491 1161 qui

100 1178 237 1220 fugare
268 1179 494 1218 postponant,
530 1179 564 1208 et
597 1175 646 1208 ita
680 1187 761 1209 sane
792 1181 843 1209 est
866 1177 943 1220 lug.
969 1177 1094 1214 Lvnl,
1119 1178 1151 1210 3.
1179 1178 1224 1211 cf.
1249 1179 1421 1211 Drakenb.
1446 1179 1490 1212 ad

106 1236 184 1269 Liv.
209 1236 405 1276 xxxvm,
431 1235 495 1275 53,
520 1234 555 1269 2.
578 1235 644 1268 Sed
671 1236 815 1268 eundem
841 1240 944 1278 atque
975 1236 1158 1270 Sallustius
1190 1238 1346 1270 ordinem
1382 1238 1490 1272 habet

105 1296 210 1329 etiam
243 1296 362 1330 venei.
397 1295 451 1338 ll,
485 1294 553 1335 46,
589 1295 623 1327 -1,
660 1295 721 1328 ubi
753 1307 785 1327 v.
817 1296 1003 1329 Ruhnken.
1037 1298 1080 1330 cf.
1115 1297 1219 1330 etiam
1244 1298 1418 1331 Drakenb.
1444 1299 1489 1331 ad

104 1357 180 1391 Liv.
205 1357 259 1398 II,
284 1356 326 1398 6,
350 1356 406 1389 11.
434 1373 478 1381 —
507 1356 635 1400 Togatt'
658 1359 736 1389 sunt
758 1357 848 1389 cives
870 1357 1040 1408 Rorqamk
1078 1357 1122 1390 cf.
1151 1357 1319 1391 Matthias
1343 1358 1387 1390 ad
1415 1357 1487 1391 Cic.

103 1428 137 1460 p.
170 1418 275 1450 Rosc.
305 1417 382 1449 Am.
416 1427 445 1450 c.
477 1415 546 1456 46,
581 1414 661 1449 135.
693 1415 830 1449 Ernesti
861 1416 895 1449 in
919 1416 1018 1450 Clav.
1046 1417 1116 1449 Cic.
1141 1418 1177 1450 h.
1202 1428 1235 1450 v.
1261 1417 1417 1460 Herzog.
1442 1417 1486 1450 ad

103 1479 203 1511 Caes.
221 1478 263 1510 B.
291 1477 332 1510 G.
359 1477 457 1516 1‘111,
482 1476 539 1510 2⁴.
565 1477 639 1510 Hos
662 1476 821 1509 homines
845 1475 931 1509 Sall.
949 1476 1041 1510 infra
1064 1489 1093 1510 c.
1119 1478 1249 1519 xxvi,
1276 1478 1307 1510 1.
1334 1478 1484 1519 Italicos,

101 1541 137 1570 et
168 1537 254 1572 ibid.
285 1540 317 1579 §.
350 1536 383 1570 3.
421 1538 657 1581 negotiatores
692 1540 813 1578 vocat,
853 1547 1005 1579 quocum
1037 1537 1198 1570 convenit
1233 1538 1323 1581 quod
1359 1548 1417 1570 eos
1451 1550 1482 1571 c.

101 1599 249 1639 XLVII,
281 1598 314 1632 1.
348 1597 383 1630 in
416 1598 578 1641 pluribus
603 1596 744 1630 Africae
777 1596 911 1639 oppidis
943 1597 1089 1630 incolere
1119 1603 1152 1630 et
1185 1597 1335 1630 mercari
1359 1597 1483 1631 solitos

99 1657 197 1691 dicit.
233 1668 266 1691 v.
297 1657 405 1691 etiam
440 1657 483 1690 ad
520 1658 595 1691 cat.
631 1657 714 1698 XL,
737 1657 773 1692 2.
800 1676 834 1680 -
862 1656 950 1690 Ante
972 1659 1146 1691 moenibus
1171 1658 1304 1700 aliquot
1328 1657 1424 1689 codd.
1459 1669 1483 1690 a

97 1718 386 1762 praepositionem
416 1719 587 1760 inserunt,
620 1728 688 1762 qua
724 1728 792 1749 non
823 1727 908 1759 opus
944 1722 1019 1758 est3
1052 1718 1098 1751 cf.
1132 1718 1206 1750 Cat.
1239 1717 1412 1759 xxvm,
1445 1717 1479 1751 3.

96 1780 197 1822 Quae
220 1784 337 1813 autem
360 1780 504 1823 perfecti
527 1779 702 1824 prohibuit
725 1777 815 1810 ratio
840 1777 884 1810 sit
906 1777 1056 1810 diximus
1078 1778 1121 1810 ad
1147 1778 1221 1811 Cat.
1246 1778 1366 1818 xvu,
1389 1777 1411 1810 2
1435 1797 1481 1803 —

101 1841 175 1873 Uno
200 1841 256 1874 die
280 1845 437 1883 coeptum
461 1845 565 1884 atque
586 1844 765 1884 patrarum
792 1839 915 1870 bellum
930 1841 1049 1880 soret,
1085 1837 1208 1871 iisdem
1233 1849 1342 1881 paene
1366 1837 1481 1871 verbis

95 1900 226 1945 legitur
256 1901 348 1944 apud
388 1901 502 1935 Tacit.
535 1901 618 1941 ΧΠ,
659 1898 722 1941 16,
766 1898 800 1931 2.
835 1910 875 1930 ac
910 1899 947 1930 πί
979 1899 1147 1941 proelium
1179 1888 1245 1930 nox
1277 1899 1479 1939 diremisset,

95 1966 216 2004 coepta
245 1966 455 2004 patrataque
489 1960 702 2005 expugnatio
733 1959 877 1991 eundem
912 1957 1006 1990 intra
1038 1958 1127 1990 diem
1158 1959 1265 1999 soret.
1303 1958 1479 2001 Frequens

95 2020 203 2053 dictio
234 2024 285 2054 est
313 2026 458 2064 patrare
493 2021 637 2059 bellum,·
671 2030 704 2051 v.
737 2018 830 2050 infra
863 2029 892 2051 c.
929 2017 1076 2057 LXXV,
1107 2017 1141 2049 2.
1175 2018 1408 2058 Lxxxvm,
1441 2016 1475 2050 4.

96 2081 208 2120 XCII,
241 2079 274 2112 1.
313 2081 401 2114 Tac.
434 2080 519 2114 Anu.
553 2080 603 2120 Il,
636 2078 702 2120 26,
733 2077 766 2110 2.
802 2076 892 2109 nist.
925 2077 993 2116 III,
1027 2076 1096 2117 6⁴1,
1121 2080 1206 2110 extr.
1231 2077 1407 2111 Drakenb.
1432 2077 1477 2110 ad

94 2138 172 2174 Liv.
196 2140 301 2181 XLII,
324 2139 381 2181 30,
406 2139 463 2172 11.
495 2127 743 2172 Nihilominus
757 2136 901 2179 Quintil.
926 2137 1015 2176 vm,
1038 2136 1072 2177 3,
1097 2135 1154 2170 44.
1185 2137 1368 2169 nonnullos
1391 2136 1477 2170 suifi-

94 2212 132 2234 se
162 2204 300 2240 narrat,
334 2199 458 2243 quibus
492 2203 526 2231 et
559 2199 649 2231 haec
682 2197 811 2237 verba,
846 2200 879 2228 et
911 2196 1113 2229 ductare
1147 2197 1332 2230 exercitum
1365 2196 1476 2241 (quod

93 2261 260 2304 exemplis
282 2259 533 2294 illustravimus
556 2259 599 2292 ad
626 2259 698 2291 Cat.
724 2256 793 2297 XI,
819 2256 872 2299 5.)
897 2255 930 2288 in
955 2257 1141 2289 obscenum
1166 2257 1381 2290 intellectum
1415 2257 1477 2290 de-

93 2320 249 2364 torqueri
284 2331 383 2364 posse
417 2319 627 2351 viderentur.
682 2318 789 2351 'Nobis
821 2317 864 2349 de
899 2316 991 2358 turpi
1025 2328 1061 2349 re
1084 2328 1150 2350 non
1177 2317 1261 2350 libet
1288 2328 1474 2360 quaerero3

93 2392 174 2414 vere
198 2380 290 2413 enim
314 2378 551 2424 Quintilianus
574 2381 686 2410 censet
717 2378 808 2410 hanc
837 2374 1075 2419 κακεμφάτου
1108 2378 1248 2421 culpam
1283 2377 1474 2421 legentium

92 2441 209 2484 potius
253 2451 326 2473 esse
368 2450 471 2482 quam
510 2438 746 2472 scribentium.
810 2437 971 2471 ceterum
1016 2437 1244 2471 Doederlinus
1278 2437 1473 2482 Synonym.

90 2501 167 2535 Lat.
203 2500 277 2535 Vol.
311 2500 380 2540 IV,
414 2511 447 2542 p.
478 2498 557 2532 367.
585 2499 700 2542 §.11.
723 2503 868 2542 patrare
893 2501 985 2531 recte
1007 2502 1121 2531 censet
1154 2497 1290 2531 nonnisi
1321 2497 1474 2540 antiqui-

92 2560 173 2594 tatis
194 2560 345 2604 quodam
370 2560 486 2593 colore
509 2570 530 2592 a
550 2560 714 2603 perficere
737 2558 889 2600 differre,
914 2561 949 2591 et
972 2557 1175 2601 plerumque
1198 2558 1234 2592 in
1249 2557 1474 2603 gravioribus

91 2621 194 2654 rebus
217 2620 298 2654 dici.

183 2681 214 2722 §-
245 2679 280 2714 3.
326 2680 436 2713 vineis
468 2678 684 2723 turribusque
719 2684 753 2713 et
785 2677 970 2720 machinis]
1010 2678 1063 2711 De
1096 2677 1205 2711 vineis
1237 2677 1283 2711 cf.
1316 2676 1409 2710 infra
1442 2688 1473 2710 c.

95 2738 274 2781 XXXVII,
298 2739 330 2773 4.
354 2740 515 2782 LXXVI,
539 2739 572 2773 3.
598 2739 712 2781 xcu,
738 2737 771 2773 Β.
797 2738 918 2783 Veget.
943 2737 1009 2779 lv,
1040 2737 1095 2772 15.
1121 2738 1219 2771 Voss.
1243 2737 1286 2770 ud
1311 2736 1408 2770 Caes.
1430 2735 1473 2769 B.
