1630 3034
395 172 749 217 IUGURTHA.
807 172 931 215 CAP.
960 172 1209 215 LXXXIV.
1392 174 1473 215 441

103 287 235 332 eundi
264 288 506 349 plerosque
552 290 781 334 invaserat.
839 285 952 332 Sese
987 289 1173 346 quisque
1201 287 1374 347 praeda
1407 288 1515 332 lo-4

102 386 327 445 cupl‘etem
380 387 504 442 fore,
568 386 782 430 victorem
838 384 1022 429 domum
1071 384 1338 442 rediturum,
1392 384 1478 428 alia

102 571 439 615 rationewcontineri
471 586 567 618 rem,
598 586 688 621 quae
721 577 895 615 exstet,
928 585 1008 607 cum
1041 573 1179 617 aliquo,
1212 577 1252 608 at
1284 584 1361 609 eam
1385 573 1480 616 velit,

101 633 194 677 quod
216 634 408 678 simplicius
432 640 466 670 et
488 635 666 670 communi
689 635 796 668 modo
820 635 1042 669 enunciatum
1061 635 1152 668 idem
1175 638 1228 668 est
1251 638 1372 678 atque:
1396 635 1479 668 ali-

103 696 207 739 quis
233 697 385 741 aliquam
409 708 481 730 rem
504 697 616 731 vult.
664 695 970 740 Quemadmodum
995 695 1104 740 igitur
1127 695 1279 729 habendi
1302 695 1395 729 notio
1419 706 1481 729 no-

101 755 258 790 tissimae
287 761 480 791 structurae
508 756 594 790 mihi
628 761 678 790 est
708 755 843 800 aliquid
873 766 916 788 eo
940 755 1083 799 nititur,
1107 755 1200 799 quod
1225 768 1296 790 esse
1319 755 1390 789 vim
1414 756 1481 789 ha-

104 817 161 851 bet
184 819 253 852 τοῦ
286 814 446 862 ὑπάρχ
459 831 525 853 ειν
559 816 798 862 (germanice:
831 827 867 850 es
892 816 1025 851 existirt
1048 820 1177 859 etwas,
1197 816 1244 850 ist
1267 816 1481 858 vox-handen,

104 879 141 911 in
170 866 296 924 Besszug
326 882 395 922 auf
417 879 527 921 mich,
561 878 715 911 insol'ern
747 876 806 910 ich
840 888 877 910 es
908 877 1040 911 besitze
1063 892 1109 909 =
1132 877 1190 912 ich
1217 878 1310 912 habe
1332 877 1410 921 es),
1432 876 1483 911 ita

103 938 225 972 eodem
257 951 399 983 prorsus
429 939 533 972 modo
568 937 684 983 prodit
713 938 902 972 voluntatis
932 938 1028 972 notio
1061 950 1102 971 ex
1125 939 1277 972 formula
1301 944 1351 973 est
1374 938 1483 972 mihi

105 1000 238 1044 aliquid
270 1000 455 1034 volenti
490 999 551 1042 (es
584 998 718 1034 existirt
750 1003 883 1039 etwaS,
925 998 1031 1032 findet
1063 1001 1164 1041 statt,
1196 999 1233 1032 in
1264 999 1387 1044 Bezug
1419 1000 1489 1042 auf

104 1057 213 1103 mich,
244 1061 307 1095 der
329 1062 384 1095 ich
409 1073 444 1095 es
480 1061 552 1093 will
578 1074 627 1091 =
651 1060 711 1094 ich
744 1059 817 1094 will
840 1059 908 1103 es).
953 1059 1078 1094 Nostro
1109 1062 1226 1093 autem
1249 1060 1327 1094 loco
1350 1059 1486 1094 dativos

103 1121 197 1165 plebi
226 1123 357 1157 volenti
385 1133 452 1156 non
476 1121 624 1166 pendere
656 1133 699 1155 ex
719 1121 933 1166 putabatur,
966 1120 1025 1154 sed
1050 1131 1091 1153 ex
1115 1119 1244 1154 omisso
1270 1132 1340 1155 esse
1366 1121 1484 1163 verbo,

104 1180 163 1214 vix
187 1185 238 1218 est
259 1183 352 1226 quod
385 1186 576 1217 moneatur.
624 1182 758 1217 Eodem
782 1182 887 1216 modo
910 1183 948 1214 ut
979 1180 1124 1221 Latina,
1156 1184 1190 1215 et
1223 1181 1361 1214 Graeca
1383 1184 1485 1224 exp'e-

104 1240 236 1286 dienda⁴
251 1248 331 1278 sunt
357 1243 497 1287 omnia,
532 1243 640 1277 etiam
663 1254 727 1285 ea,
750 1242 811 1276 ubi
834 1241 980 1275 verbum
1003 1242 1194 1285 γίγνεσθαι
1216 1252 1279 1284 pro
1302 1239 1398 1277 εἶναι
1420 1242 1487 1276 ha-

103 1303 216 1338 betur.
261 1304 292 1338 A
315 1316 397 1339 vero
424 1304 535 1350 igitur
557 1304 734 1338 aberravit
757 1304 812 1337 vir
842 1313 1001 1337 summus
1026 1302 1070 1336 G.
1096 1302 1145 1336 H.
1168 1301 1398 1345 Schaeferus,
1424 1301 1487 1345 qui

104 1364 149 1398 ad
181 1365 288 1409 Greg.
323 1366 404 1400 Cor.
435 1378 470 1410 p.
495 1365 591 1405 377„
628 1365 767 1399 laudato
798 1365 876 1398 loco
907 1361 1114 1397 Philostrati
1149 1362 1216 1397 Vit.
1241 1362 1351 1406 Soph.
1374 1363 1402 1404 1,
1426 1363 1484 1396 21.

105 1426 141 1470 §.
165 1425 201 1462 7.
237 1422 332 1462 ὅθεν
357 1423 542 1471 ἀσμένῳ
576 1425 622 1461 οἱ
653 1424 837 1470 ἐγένετο
862 1420 886 1470 ἦ
912 1420 1106 1466 ἀποδημία
1128 1423 1198 1458 τοῦ
1223 1419 1375 1467 ἀνδρός,
1399 1423 1488 1457 haec

106 1490 266 1521 annotat:
305 1487 388 1521 hinc
418 1490 511 1521 certe
546 1486 614 1520 hoc
647 1487 777 1529 discas,
804 1485 896 1530 quod
919 1483 1048 1518 Lexica
1070 1494 1139 1518 non
1166 1483 1305 1526 docent,
1330 1481 1488 1528 ἅσμενος

105 1546 306 1592 significare
327 1547 434 1582 etiam
456 1547 643 1589 iucundus,
667 1547 807 1587 suavis,
831 1542 936 1590 ἡδύς.

198 1613 232 1643 et
274 1608 435 1653 Marius]
471 1609 518 1643 Et
556 1608 790 1653 particulam,
829 1617 919 1650 quae
949 1606 1044 1640 deest
1076 1605 1113 1640 in
1149 1604 1226 1640 Vin.
1250 1605 1284 1640 2.
1315 1605 1422 1641 Acad.
1455 1609 1490 1640 et

106 1669 247 1705 Fabric.
271 1669 304 1703 2.
338 1669 528 1705 omiserunt
549 1668 729 1714 Bipontini
751 1671 785 1702 et
808 1666 1026 1709 Muellerus,
1058 1670 1169 1701 totum
1191 1667 1308 1700 locum
1330 1666 1380 1700 sic
1403 1666 1490 1701 scri-

108 1729 245 1763 bentes:
277 1731 383 1775 quia,
421 1742 564 1776 neque
598 1730 734 1775 plebe
777 1727 1001 1762 militiam
1044 1729 1251 1768 volente,
1293 1729 1491 1772 putaba-

109 1793 180 1824 tur
227 1790 399 1826 Marius
434 1797 496 1827 aut
530 1791 609 1825 belli
641 1801 762 1834 usum,
807 1794 871 1823 aut
902 1787 1022 1823 studia
1052 1788 1150 1832 volgi
1185 1788 1384 1822 amissurus.
1440 1789 1492 1822 De

108 1851 283 1895 prioribus
305 1852 390 1887 satis
413 1852 564 1895 dictum3
601 1852 661 1886 sed
684 1855 799 1886 cetera
822 1849 893 1884 illis
916 1848 1024 1883 etiam
1047 1848 1167 1892 peiora
1189 1851 1279 1882 sunt.
1324 1849 1415 1883 Nam
1438 1848 1492 1882 in-

108 1915 188 1955 epte
210 1924 268 1947 eos
293 1924 402 1958 neque
424 1924 487 1957 pro
510 1926 577 1947 non
600 1911 751 1956 positum
776 1920 914 1944 censere
932 1908 1050 1953 arguit
1072 1919 1140 1942 non
1162 1908 1275 1941 solum
1298 1908 1396 1942 locus
1412 1919 1494 1952 par-

112 1972 242 2006 ticulae
257 1998 268 2014 ,
292 1974 352 2007 sed
375 1974 482 2007 etiam
506 1971 729 2017 participium
753 1971 910 2010 volente3
936 1972 1011 2002 tum
1032 1968 1227 2012 putabatur
1249 1979 1292 2002 eo
1317 1969 1396 2003 loco
1420 1969 1493 2003 col-

110 2033 266 2066 locatum
292 2037 363 2076 est,
387 2045 490 2077 quem
511 2034 609 2066 nullo
631 2031 736 2065 modo
759 2029 892 2074 patitur
919 2029 1064 2064 Latinae
1085 2025 1229 2074 linguae
1252 2028 1363 2070 rati03
1396 2029 1493 2062 deni—

112 2103 179 2137 que
209 2104 300 2137 quae
336 2093 385 2128 ita
415 2093 530 2138 prodit
557 2092 749 2133 sententia,
779 2093 900 2134 aperte
936 2093 1112 2135 repugnat
1138 2089 1370 2133 sequentibus.
1417 2090 1494 2124 Non

114 2155 330 2189 detrectabat
353 2154 446 2188 enim
474 2154 571 2199 plebs
594 2153 781 2195 militiam,
812 2152 872 2186 sed
896 2152 1045 2185 Senatus
1069 2150 1297 2195 sperabat
1321 2150 1494 2186 detrecta-

113 2220 241 2251 taram.
290 2215 342 2249 Ne
365 2217 497 2258 multa,
520 2226 628 2260 neque
650 2233 691 2239 —
719 2219 753 2248 et
776 2212 843 2247 sibi
869 2211 1087 2256 respondent,
1112 2209 1161 2244 ita
1186 2214 1315 2252 tamen,
1338 2215 1377 2245 ut
1400 2211 1496 2246 aiens

113 2277 310 2311 membrum
341 2277 446 2311 simul
481 2275 734 2311 consectarium
769 2286 844 2308 esse
865 2284 908 2307 ex
939 2273 1088 2316 negante
1121 2269 1360 2315 significetur,
1392 2282 1496 2315 quem

114 2347 254 2370 sensum
277 2337 479 2381 germanice
502 2337 552 2371 sic
574 2336 718 2371 reddas:
741 2334 822 2369 weil
844 2345 926 2368 man
950 2333 1018 2375 aas
1037 2332 1098 2364 der
1113 2331 1211 2366 einen
1232 2332 1324 2366 Seite
1340 2332 1497 2377 glaubte‚

116 2398 194 2432 dass
225 2399 287 2432 das
321 2399 410 2432 Volk
444 2398 523 2431 dem
557 2395 818 2442 Kriegsdienste
851 2393 1043 2441 abgeneigt
1077 2392 1146 2433 sei,
1180 2393 1249 2425 und
1273 2393 1352 2426 dass
1376 2393 1496 2426 dess-

118 2458 222 2492 halb
256 2460 324 2502 auf
351 2459 413 2492 der
435 2459 590 2492 anderen
616 2458 708 2491 Seite
732 2455 866 2490 Marius
889 2454 1061 2489 entwedcr
1090 2452 1148 2486 die
1169 2452 1389 2487 Hfilfsmittel
1415 2463 1497 2487 zum

116 2518 250 2564 Kriege
264 2545 275 2561 ,
298 2519 382 2554 oder
404 2518 460 2552 die
485 2519 597 2551 Gunst
621 2518 680 2551 des
702 2517 829 2550 Volkes
856 2515 1027 2550 verlieren
1051 2513 1178 2548 werde.
1202 2533 1247 2539 —-
1274 2515 1368 2548 Belli
1390 2525 1497 2548 usas

117 2579 292 2624 significat
321 2591 363 2614 ea
398 2590 486 2623 quae
519 2578 605 2611 bello
639 2578 747 2611 usui
787 2581 912 2619 sunt,
946 2580 984 2610 ut
1008 2575 1162 2618 loquitur
1189 2575 1266 2609 Cat.
1289 2575 1436 2615 xxxll,
1461 2573 1495 2609 l.

119 2641 196 2685 lug.
222 2640 344 2683 um,
367 2640 402 2674 3.
448 2639 500 2673 lta
535 2638 682 2673 Tacitus
714 2638 801 2672 Ann.
831 2637 889 2678 lv,
921 2636 987 2678 30,
1009 2636 1042 2670 2.
1075 2636 1168 2670 vitae
1201 2646 1314 2670 usus
1338 2634 1421 2669 dicit
1443 2645 1495 2676 ea,

121 2701 240 2745 quibus
273 2701 320 2735 ad
353 2700 537 2734 vivendum
570 2704 621 2733 est
652 2710 749 2744 opus.
797 2699 878 2732 Hoc
909 2698 988 2733 loco
1012 2699 1129 2732 autem
1151 2696 1421 2742 supplementum
1444 2693 1496 2728 in—

120 2759 232 2804 telugi
253 2761 388 2795 clarum
411 2760 544 2796 est.=ct'.
568 2771 600 2797 c.
624 2759 819 2802 LXXXIX,
842 2758 876 2794 6.
