1630 3034
193 196 289 225 xxiv
624 181 1184 224 PRAEFATIO.

193 317 279 362 per
313 300 390 346 ubi
443 298 556 344 nihil
591 305 821 345 enotatum
858 304 925 345 est
972 314 1079 346 cum
1114 299 1208 346 eius
1244 299 1442 346 editione
1481 308 1595 346 eon-

193 382 364 442 spirare
397 381 542 427 videri
575 387 766 439 queant,
808 379 1037 425 interdum
1072 380 1331 441 suspicabar
1364 395 1457 424 non
1486 382 1595 427 satis

194 467 405 508 accurate
443 476 547 505 eum
580 463 866 507 membranas
902 450 1169 517 excussisse,
1205 468 1342 519 atque
1378 461 1597 507 lectiones

192 543 295 587 satis
330 544 471 586 bonas
506 543 581 586 vel
616 542 935 586 memorabiles
969 541 1233 601 neglexisse.
1315 541 1412 586 Sed
1449 542 1596 589 eolla—

192 624 257 667 tio
294 623 398 669 cod.
434 623 595 667 Dresd.
633 629 679 677 et
713 623 850 666 Misn.
887 638 914 666 a
949 621 1184 680 Schulzio,
1206 622 1263 666 V.
1297 621 1395 681 lll.,
1432 623 1596 667 eximia

196 720 302 750 cum
339 706 447 749 cu'ra
489 704 635 759 facta,
678 704 739 747 ita
780 710 830 748 ut
873 719 931 748 ne
976 703 1158 750 minima
1203 702 1389 762 quidem
1425 701 1596 748 discre-

192 785 352 845 pantia
399 783 702 840 desideretur,
747 800 823 830 me
866 784 1047 840 docuit,
1093 782 1418 838 Gerlachium,
1453 797 1596 842 quum

196 866 439 910 maximam
472 869 652 925 partem
687 864 851 909 similes
886 865 1055 909 horum
1098 863 1239 908 libros
1274 869 1430 908 nactus
1468 869 1596 918 esset,

197 945 387 992 consilio
423 945 484 988 ita
517 944 754 989 instituisse
789 945 1054 992 conferendi
1087 944 1339 1005 negotium,
1373 949 1424 989 ut
1459 943 1598 989 omis-

195 1027 253 1071 sis
283 1024 614 1070 diversitatibus
650 1041 768 1084 quae
797 1033 903 1087 post
930 1032 1000 1070 tot
1036 1025 1228 1070 collatos
1264 1025 1404 1069 libros
1424 1024 1597 1067 nullam

194 1106 432 1150 utilitatem
467 1105 691 1150 haberent
733 1113 777 1151 et
820 1108 864 1151 in
899 1107 1073 1151 levibus
1114 1111 1289 1150 tantum
1324 1105 1460 1149 rebus
1495 1119 1598 1148 ver-

194 1194 421 1241 sarentur,
465 1187 666 1245 potiores
709 1187 852 1231 modo
899 1186 1117 1232 lectiones
1161 1191 1360 1240 notaret,
1407 1199 1598 1243 quarum

193 1268 353 1327 paullo
397 1267 542 1311 maior
585 1274 708 1312 certe
751 1282 853 1312 usus
907 1268 952 1311 in
1000 1265 1320 1312 constituendis
1372 1265 1600 1324 scriptoris

193 1348 341 1392 verbis
376 1353 503 1392 esset.
564 1347 705 1403 Quod
742 1363 1017 1406 quamquam
1055 1362 1144 1391 non
1180 1347 1318 1406 plane
1353 1345 1600 1405 vituperari

193 1433 368 1489 potest,
405 1434 555 1472 tamen
591 1429 670 1472 ubi
705 1428 873 1473 selecta
908 1434 1084 1471 tantum
1128 1428 1375 1486 scripturae
1410 1427 1598 1472 varietas

195 1515 261 1553 est
295 1507 546 1568 proposita,
581 1509 655 1553 vix
689 1509 788 1554 fieri
821 1514 971 1569 potest
1004 1508 1112 1566 quin
1149 1507 1202 1552 ea
1237 1514 1411 1552 utentes
1457 1508 1597 1552 inter—

194 1589 307 1633 ‹lum
351 1588 592 1642 haereant,
638 1594 683 1633 et
729 1590 776 1634 in
830 1589 1059 1648 quandam
1112 1588 1441 1633 dubitationem
1485 1587 1599 1632 inci-

195 1669 317 1713 dant.
391 1669 706 1724 Quamobrem
741 1671 815 1727 iis,
852 1671 931 1728 qui
966 1669 1109 1714 varias
1141 1669 1360 1713 lectiones
1396 1669 1597 1729 diligen—

195 1756 262 1795 ter
309 1751 563 1795 examinare
608 1750 780 1807 solent,
826 1751 954 1795 haud
987 1751 1215 1810 ingratum
1250 1750 1351 1794 fore
1389 1743 1596 1803 arbitror,

195 1832 232 1875 si
255 1832 586 1876 accuratissima
620 1831 724 1876 eod.
745 1831 907 1877 Dresd.
937 1837 982 1876 et
1002 1830 1137 1880 Misn.
1175 1829 1363 1874 collatio
1385 1829 1446 1873 ad
1467 1844 1597 1875 com-

196 1927 379 1956 munem
414 1926 545 1956 usum
582 1914 844 1974 evulgetur;
879 1912 928 1956 id
964 1917 1113 1956 autem
1140 1910 1243 1965 fiet,
1279 1925 1420 1968 quum
1460 1910 1597 1954 abso-

184 1991 294 2035 „luto
330 1992 474 2035 altero
509 1993 756 2051 volumine,
791 1995 918 2053 quod
941 1991 1214 2054 Iugurtham
1250 1998 1294 2036 et
1318 1991 1598 2051 Fragmenta

197 2088 302 2117 011111
348 2073 568 2118 indicibus
608 2076 880 2131 continebit,
927 2075 988 2118 ad
1032 2074 1215 2119 tertium
1263 2071 1596 2118 conficiendum

182 2169 288 2197 -11011
324 2153 521 2199 defuerit
556 2157 710 2206 otium.
777 2157 858 2202 :Eo
892 2157 1027 2212 enim,
1061 2153 1189 2213 quod
1225 2153 1352 2212 quasi
1386 2168 1473 2213 pro
1510 2167 1593 2211 ap—

197 2233 394 2293 pendice
437 2237 510 2279 vel
556 2244 734 2282 nostrae
778 2236 854 2281 vel
897 2235 1141 2282 cuiuslibet
1187 2234 1394 2280 editionis
1439 2233 1597 2277 haberi

197 2314 362 2369 velim,
404 2316 641 2361 consilium
676 2323 743 2362 est.
778 2332 955 2371 omueS,
1003 2320 1229 2374 quotquot
1264 2315 1394 2358 variis
1431 2313 1597 2357 editio-

197 2395 327 2438 nibus
364 2396 581 2441 libellisve
617 2404 882 2449 notuerunt,
926 2397 1069 2441 varias
1104 2396 1345 2454 scripturas
1380 2395 1597 2439 collectas

198 2476 538 2534 commodoque
574 2479 736 2523 ordine
770 2478 1011 2537 ‹lis-positas
1047 2476 1287 2529 exhibere,
1332 2491 1480 2533 neque
1515 2491 1594 2520 ve—

197 2571 315 2611 reor,
352 2573 408 2601 ne
444 2559 541 2615 quis
578 2566 682 2617 post
717 2558 952 2603 Gerlacliii
998 2573 1153 2615 curam
1198 2557 1345 2601 eidem
1394 2558 1459 2601 rei
1509 2556 1595 2599 im-

200 2654 386 2697 pensam
432 2638 525 2684 1100
573 2655 734 2697 parum
779 2639 887 2682 utile
939 2654 994 2683 ac
1039 2624 1421 2698 suiiervacancum
1459 2637 1593 2682 (licat.

200 2720 316 2763 Nam
354 2726 403 2764 ut
438 2727 640 2771 taceam,
679 2721 815 2763 ltalos
852 2721 1036 2766 codices
1072 2719 1393 2765 difficillimum
1431 2725 1476 2763 01
1509 2719 1596 2764 inl*
