1630 3034
412 96 586 137 RERUM
615 97 676 136 AC
708 95 979 137 VERBORUM
1340 93 1361 134 1
1374 94 1384 134 Ι

21 208 199 249 Adaequare
232 208 366 249 aliquam
397 218 461 241 rem¹
493 218 556 251 quo
587 218 688 242 sensu
721 209 854 244 dietum.
887 208 910 241 Ι.
931 209 963 247 4,
990 208 1020 240 6.

20 265 137 297 Addere
167 264 240 297 sine
273 264 385 298 dativo
417 265 537 297 obiecti
572 265 705 305 dictum,
739 264 773 297 C.
795 264 898 303 58,1.
948 264 971 296 Ι.
1006 262 1060 303 47,
1079 264 1111 297 2.

20 320 138 352 Addere
167 321 200 351 in
230 321 406 352 sententiam
437 325 472 353 et
499 322 531 352 in
562 322 707 353 sententia
732 330 794 362 quo
819 321 1006 353 discrimine
1029 320 1161 357 dictum,
1198 318 1232 352 C.
1262 319 1316 352 51,
1335 319 1388 351 21.

20 376 138 422 Acili-ere
162 376 281 416 aliquid
312 377 417 407 aliculi
446 377 490 408 rei
522 377 543 408 i.
578 386 608 419 q.
644 387 779 418 augere,
813 377 837 408 Ι.
875 375 928 415 75,
946 373 977 409 9.

19 432 174 465 Adducere
207 436 242 464 et
274 433 420 464 abducere
452 432 601 472 confusa,
637 432 672 465 C.
708 432 813 472 57,1.
863 432 886 465 Ι.
922 432 955 471 8,
973 432 1004 463 2.

18 488 98 528 Adeo
132 488 343 531 explicatum,
378 487 413 520 C.
448 488 502 524 37,
528 489 559 522 2.
609 488 664 527 49,
683 489 715 521 4.
764 488 787 521 Ι.
811 487 885 527 110,
905 489 933 521 4.

19 544 151 585 Adeptus
175 545 308 587 passivo
333 554 446 582 sensu,
474 543 508 576 C.
538 543 569 583 7,
585 544 615 577 3.

6 599 126 632 Adesse
150 599 271 632 dictum
295 600 335 632 de
360 600 603 633 lacessentibus
628 600 782 642 aliquem,
809 599 843 632 C.
872 600 926 639 52,
948 600 999 632 18.
1050 600 1072 633 Ι.
1100 601 1154 638 50,
1174 602 1204 633 4.

17 656 128 688 Adesse
152 656 190 687 de
217 656 409 688 iuvantibus
435 657 578 698 aliquem
603 647 736 695 (lictum,
761 655 785 688 Ι.
815 655 868 694 14,
889 656 941 688 13.
992 656 1046 694 93,
1066 657 1097 688 4.
1150 656 1225 692 103,
1241 655 1272 687 7.

17 711 168 744 Adlecliva
193 712 333 754 duplicis
359 712 482 744 foi-mae
510 713 543 744 in
566 723 602 744 us
627 716 660 744 et
683 714 721 751 is,
749 710 783 744 C.
813 712 867 751 59,
887 713 918 744 5.
966 712 990 744 Ι.
1021 712 1051 749 1,
1073 712 1102 744 1.
1153 711 1208 750 66,
1226 712 1257 745 3.

18 768 170 801 Adit-clim
202 768 235 799 in
267 769 384 800 —be‘lis
419 768 477 800 ubi
527 769 665 807 desunt,
722 768 928 811 participium
969 769 1107 811 perfecti
1150 777 1238 810 pass.
1282 777 1393 800 eorum

107 824 179 856 loco
211 825 353 867 ponitur,
385 823 410 856 Ι.
439 823 545 862 76,1.

18 881 167 913 Adiectioa
191 880 225 912 in
248 891 365 912 —osus
392 890 487 922 quam
511 881 578 912 vim
602 880 757 918 habeant,
782 879 806 912 Ι.
834 879 888 919 66,
906 880 939 914 2.

16 937 168 970 Adiectiva
192 937 225 969 in
249 938 341 969 —ius
366 947 386 969 a
423 937 606 969 nominibus
643 937 782 980 propriis
817 936 916 969 ducta
948 936 1004 968 ubi
1039 936 1184 977 legitime
1216 940 1391 979 ponantur.

104 992 129 1025 Ι.
157 992 212 1031 40,
231 993 261 1025 4.

16 1050 164 1081 Adia-vtica
191 1049 343 1081 verbalia
369 1050 399 1080 in
426 1050 590 1080 —btmdus
616 1058 678 1091 quo
702 1059 803 1081 sensu
828 1053 999 1092 usurpata,
1025 1047 1049 1080 1.
1077 1048 1132 1087 38,
1154 1048 1184 1080 1.

17 1106 160 1138 Adiectiri
183 1109 217 1137 et
241 1104 403 1143 adverbii,
430 1104 487 1136 ubi
510 1109 685 1147 utrumque
710 1105 785 1147 poni
809 1109 929 1147 potest,
958 1104 1145 1143 discrimen,
1171 1103 1196 1135 I.
1225 1103 1279 1138 31,
1301 1103 1332 1134 2.

19 1162 169 1194 Adiectim
194 1161 385 1193 indefinitae
419 1162 594 1203 potestatis
627 1161 809 1201 genitivum
833 1164 965 1201 regunt,
993 1159 1027 1192 C.
1056 1158 1087 1199 7,
1107 1159 1137 1192 6.

16 1217 172 1250 Adiectira
197 1217 358 1249 nonnulla
382 1217 474 1249 modo
501 1217 631 1256 activo,
664 1217 757 1248 modo
783 1217 918 1259 passivo
942 1226 1043 1248 sensu
1066 1217 1192 1258 posita.
1228 1215 1261 1247 C.
1301 1214 1333 1254 7,
1360 1216 1390 1247 5.
1435 1244 1439 1247 .

110 1272 164 1313 10,
183 1274 213 1305 5.
265 1273 320 1311 15,
339 1274 370 1305 4.
415 1272 476 1309 439,
491 1272 523 1305 2.
574 1272 598 1305 l.
627 1272 680 1309 18,
700 1273 730 1305 6.
781 1273 835 1309 49,
856 1275 886 1305 5.

16 1329 235 1362 Adieclivorum
259 1334 379 1362 neutra
412 1339 484 1360 cum
519 1330 759 1371 praepositione
794 1330 907 1361 iuncta
939 1339 996 1372 pro
1029 1328 1197 1361 adverbiis
1230 1332 1319 1366 sunt,
1356 1326 1390 1359 C.

104 1385 184 1424 8‚1.
233 1385 288 1425 41,
309 1385 338 1418 1.
388 1384 413 1418 Ι.
441 1386 472 1424 5,
491 1384 522 1417 3.
574 1385 627 1423 14,
649 1385 700 1418 11.
749 1385 805 1424 29,
826 1387 855 1418 5.

17 1442 233 1473 Adiectivorum
258 1451 339 1474 usus
366 1442 398 1473 in
425 1442 668 1473 constructione
694 1441 915 1474 ablativorum
940 1441 1072 1480 absoll„
1109 1439 1143 1473 C.
1173 1439 1226 1480 11,
1245 1440 1276 1472 4.

15 1498 195 1530 adiecta-um
220 1498 261 1529 ad
286 1498 382 1540 plura
406 1498 618 1530 substantiva
643 1497 768 1530 diversi
795 1499 926 1539 generis
953 1498 1142 1541 pertinens,
1174 1506 1236 1539 quo
1271 1504 1393 1537 genere

105 1555 181 1597 poni
207 1554 336 1593 debeat,
369 1553 403 1586 C.
433 1553 486 1593 10,
504 1554 538 1587 2.

16 1622 196 1654 Adieclivum
221 1621 326 1654 semel
350 1622 489 1665 positum
523 1622 584 1653 alio
618 1631 740 1654 numero
766 1621 806 1653 ad
833 1621 897 1653 alia
925 1620 1136 1653 substantiva
1161 1619 1392 1662 supplendum.

106 1678 130 1711 I.
159 1678 213 1717 19,
234 1678 263 1710 1.

15 1736 195 1767 Adiectimcm
218 1744 276 1777 pro
302 1734 460 1766 adverbio
494 1735 647 1777 positum,
683 1733 718 1766 C.
753 1732 808 1772 26,
828 1733 858 1764 5.
909 1731 1031 1770 5229.
1081 1731 1104 1764 Ι.
1130 1731 1186 1770 21,
1207 1731 1235 1763 1.
1287 1730 1341 1769 38,
1364 1730 1390 1762 1.

105 1790 211 1830 49,1.
262 1789 366 1829 84,1.
416 1790 471 1822 88.
490 1792 520 1823 5.
572 1790 700 1829 101,1.

17 1848 199 1879 Adieceivum
223 1856 295 1879 culn
320 1846 478 1878 adverbio
504 1847 536 1878 in
560 1846 730 1879 bimembri
756 1844 904 1876 oratione
930 1843 1150 1881 coniunctum,
1178 1842 1203 1875 Ι.
1231 1842 1286 1880 31,
1304 1842 1336 1875 2.

16 1905 231 1936 Adieclivorum
255 1907 373 1935 neutra
397 1902 541 1944 pluralia
566 1912 638 1934 cum
663 1901 810 1942 genitivo
835 1894 1001 1940 singulari
1028 1898 1229 1931 substantivi
1249 1898 1388 1936 sociata,

107 1957 143 1991 C.
172 1958 226 1997 59,
244 1958 276 1992 2.
326 1957 350 1990 Ι.
379 1958 432 1994 48,
453 1957 482 1990 3.

15 2027 233 2059 Adieclivorum
256 2029 375 2058 neutra
401 2025 610 2057 substantive
635 2027 807 2066 usurpata,
833 2022 858 2056 Ι.
879 2023 933 2062 68,
953 2023 982 2055 3.

17 2084 167 2115 Adiectura
191 2082 313 2125 plurali
347 2091 481 2113 numero
515 2081 619 2123 posita
653 2079 896 2111 substantivum
928 2079 1076 2119 genitivo
1110 2078 1298 2110 adiunctum
1333 2079 1392 2110 ha-

106 2139 196 2177 bent,
225 2138 259 2171 C.
288 2138 342 2174 53,
370 2140 400 2171 5.

18 2207 168 2238 ,adiectis-a
193 2215 263 2237 cum
291 2205 481 2248 praedicato
508 2203 736 2245 coniungenda
757 2202 918 2235 interdum
943 2203 982 2234 ad
1002 2202 1185 2234 subiectum
1205 2202 1391 2234 trahuntur.

109 2260 143 2294 C.
172 2261 226 2296 53,
253 2261 282 2293 6.
333 2261 356 2293 Ι.
385 2261 438 2292 5‘2.
459 2261 488 2291 5.
540 2260 594 2294 63,
622 2258 651 2291 7.

18 2330 230 2361 Adiectivornm
260 2332 377 2360 neutra
402 2328 433 2359 in
459 2327 689 2359 adverbiorum
714 2336 779 2358 vnn
804 2326 968 2364 abierunt,
994 2326 1017 2357 Ι.
1045 2327 1124 2360 5,*1.

18 2387 167 2418 Adiectim
195 2395 266 2417 cum
292 2383 490 2427 pronominis
518 2393 602 2425 poss.
632 2387 767 2414 neutro.
804 2382 860 2414 ubi
885 2382 1093 2414 substantive
1120 2382 1268 2423 ponitur.
1310 2392 1386 2413 eon-

109 2441 232 2474 iuncta.
259 2440 282 2472 Ι.
314 2439 363 2472 10.
383 2439 413 2470 ⁶2.

19 2509 198 2540 Adieclivnm
222 2518 277 2550 pro
303 2507 450 2547 genitivo
477 2507 614 2538 nominis
640 2506 816 2539 obiectivo,
844 2506 865 2537 1.
896 2505 949 2543 41,
969 2506 999 2537 2.

19 2565 169 2596 Adiecliva
202 2568 306 2604 aplus.
349 2567 490 2603 par-anu.
537 2562 622 2595 alia.
675 2571 737 2603 qua
779 2562 905 2593 ratione
944 2562 1140 2594 infinitivum
1181 2566 1318 2600 regant.
1367 2561 1389 2591 Ι.

112 2619 165 2655 46,
193 2620 221 2650 5.
