1630 3034
449 146 817 190 IUGURTHA.
879 145 1000 188 CAP.
1032 146 1134 188 XV.
1427 150 1483 190 95

86 264 245 328 p‘auci,
279 265 441 324 quibus
476 263 645 308 bonum
683 269 728 307 et
758 277 952 322 aequum
989 262 1148 307 divitiis
1186 263 1328 306 carius
1365 270 1474 321 erat,

87 361 445 417 subveniundum
492 359 743 404 Adherbali
783 364 831 403 et
863 359 1137 418 Hiempsalis
1173 365 1364 404 mortem
1401 375 1474 403 se-

86 476 190 504 vere
225 457 536 503 vindicandam
571 454 838 509 censebant3
873 454 954 499 sed
986 471 1041 500 ex
1072 457 1277 501 omnibus
1312 462 1510 504 maim-4

87 573 159 601 me
194 555 408 602 Aemilius
445 554 654 611 Scaurus,
689 552 828 596 homo
861 553 1035 608 nobilis,
1070 553 1276 613 impiger,
1311 553 1475 596 factio-

87 669 182 711 sus,
229 651 384 695 avidus
419 650 669 710 potentiae,
717 649 924 705 honoris,
962 646 1238 708 divitiarum,
1275 655 1475 693 ceterum

85 750 189 793 vitia
219 764 298 792 sua
332 747 492 792 callide
528 746 769 790 occultans.
841 745 883 790 Is
927 752 1171 805 postquam
1202 746 1324 790 videt
1352 747 1506 806 regis5

83 911 141 944 lae
177 908 380 953 propriam,
411 917 501 951 quae
526 905 678 940 cernitur
713 905 748 939 in
779 904 996 949 oppositione
1028 917 1145 939 rerum
1170 906 1389 941 diversarum
1415 908 1472 941 vel

74 968 357 1009 contrariarum,
382 967 518 1001 monuit
540 967 700 1000 Handius
724 967 766 999 de
790 966 939 999 Particc.
964 967 1041 1001 Lat.
1065 967 1110 1000 T.
1133 967 1161 1002 Ι.
1185 980 1220 1011 p.
1240 967 1321 1003 418.
1344 987 1387 993 —
1406 968 1476 1001 Ro-

81 1041 163 1063 num
187 1029 212 1063 i.
237 1040 266 1064 e.
292 1029 471 1062 honestum
495 1029 703 1061 observante
727 1027 845 1060 Cortio
868 1028 991 1060 eodem
1024 1028 1129 1061 modo
1153 1039 1234 1061 cum
1258 1040 1368 1072 aequo
1393 1039 1476 1062 con-

81 1090 239 1123 iunctum
264 1094 316 1122 est
341 1088 434 1131 apud
468 1087 553 1121 Ter.
577 1087 706 1121 Heaut.
734 1088 790 1128 lv,
815 1087 856 1130 1,
890 1087 948 1120 29.
980 1088 1062 1131 qnid
1087 1099 1162 1121 cum
1186 1089 1256 1121 illis
1280 1099 1390 1132 agas,
1415 1089 1474 1133 qui

80 1162 189 1194 neque
212 1151 266 1183 ins
288 1160 398 1192 neque
423 1148 584 1180 bonum
609 1153 651 1182 et
676 1159 866 1192 aequom
893 1147 1032 1181 sciunt?
1057 1148 1104 1182 id.
1128 1148 1276 1191 Adelph.
1303 1149 1345 1192 Y,
1369 1149 1403 1192 9,
1415 1149 1474 1183 30.

80 1211 176 1244 Flor.
201 1210 263 1250 111,
289 1207 345 1249 14,
368 1208 459 1242 3.—-
476 1209 568 1241 Erat
592 1212 670 1252 post
694 1208 809 1241 carius
834 1207 972 1241 Cortius
997 1208 1102 1241 tacite
1126 1209 1265 1250 omisit3
1293 1221 1334 1243 ex
1359 1210 1474 1244 omni-

79 1270 145 1304 bus
169 1269 269 1303 codd.
294 1280 382 1302 unus
408 1268 517 1302 Vatic.
542 1268 577 1302 3.
604 1279 673 1300 non
697 1268 816 1308 habet,
839 1278 942 1311 quem
967 1269 1180 1302 Gerlachius
1203 1268 1237 1301 in
1264 1269 1473 1303 Commentt.

78 1343 112 1375 p.
136 1330 218 1364 239.
251 1339 433 1373 perperam
466 1328 680 1372 sequendum
704 1332 837 1371 censet,
871 1339 1087 1372 quamquam
1111 1328 1145 1362 in
1170 1333 1265 1362 textu
1288 1330 1474 1374 vulgatam

79 1391 235 1426 retinuit.
262 1408 306 1416 —
331 1391 416 1424 Post
440 1390 623 1423 censebant
647 1389 786 1423 Cortius
811 1393 845 1423 et
870 1389 1034 1422 Gerlach.
1060 1389 1282 1422 incommode
1305 1394 1473 1433 punctum

78 1454 288 1496 posuerunt,
323 1461 392 1484 non
427 1450 610 1484 sentientes
639 1449 818 1493 sequentia
841 1449 942 1492 quasi
974 1448 1180 1493 epexegesin
1203 1449 1360 1493 priorum
1384 1463 1470 1486 esse.

76 1513 130 1546 De
159 1512 208 1547 M.
234 1511 381 1544 Aemilio
412 1512 566 1551 Scauro,
600 1510 750 1543 Senatus
782 1509 939 1553 principe
978 1509 1042 1553 (v.
1078 1509 1172 1543 infra
1203 1522 1232 1543 c.
1258 1511 1368 1553 XXV,
1394 1511 1472 1554 4.),

78 1573 191 1607 multa
214 1572 388 1605 habentur
414 1571 590 1605 Ciceronis
614 1570 966 1605 honorificentissima
989 1570 1208 1612 testimonia,
1234 1571 1279 1604 ab
1302 1571 1472 1615 interpre-

76 1634 169 1668 tibus
193 1633 265 1666 iam
289 1632 452 1673 laudata,
486 1632 582 1665 velut
615 1643 647 1674 p.
671 1630 807 1667 Fontei.
831 1631 876 1673 7,
900 1631 957 1664 Η.
991 1642 1026 1674 p.
1051 1631 1144 1664 Mur.
1169 1631 1204 1673 7,
1229 1631 1287 1666 16.
1311 1644 1348 1676 p.
1373 1633 1471 1668 Sext.

75 1694 132 1734 47,
156 1694 238 1728 101.
270 1693 372 1727 Brut.
396 1692 454 1734 29,
479 1692 562 1727 111.
597 1692 639 1725 de
664 1690 735 1724 Off.
762 1691 791 1732 1,
821 1690 879 1732 22,
903 1689 961 1724 76.
986 1690 1048 1723 ubi
1071 1702 1104 1724 v.
1130 1692 1303 1737 Heusing.
1329 1697 1364 1727 et
1388 1695 1469 1729 Car.

74 1755 192 1790 Beier.
226 1755 321 1788 Adde
344 1755 543 1796 Rupertum
567 1752 613 1786 ad
638 1749 760 1784 Taciti
783 1750 870 1783 Ann-
895 1751 967 1792 111,
991 1750 1050 1792 66,
1073 1751 1165 1787 med.
1190 1757 1225 1788 et
1248 1753 1470 1789 Freinshem.

73 1814 110 1849 in
135 1815 357 1858 Supplemm.
389 1813 467 1849 Liv.
493 1813 555 1846 lib.
580 1812 698 1854 LXII,
723 1821 799 1860 sqq.
847 1810 1064 1845 Divitiarum
1096 1812 1259 1855 cupidine
1293 1814 1468 1849 interdum

72 1877 258 1919 abreptum
285 1874 392 1908 fuisse
415 1877 553 1918 praeter
576 1871 783 1907 Sallustium
811 1883 840 1905 c.
860 1872 989 1913 XXIX,
1013 1872 1047 1906 2.
1070 1873 1166 1907 haud
1190 1876 1335 1909 obscure
1357 1876 1469 1921 signi-

74 1936 159 1970 ficat
182 1935 256 1979 ipse
280 1935 404 1968 Cicero
429 1935 472 1968 de
504 1934 603 1968 Orat.
627 1933 681 1974 11,
705 1932 771 1975 70,
797 1931 877 1966 283.
903 1951 948 1957 —
972 1933 1042 1967 Pro
1065 1935 1170 1975 solet,
1194 1936 1286 1978 quod
1311 1937 1469 1970 absolute

73 1997 208 2030 dictum
232 1995 487 2039 explicavimus
511 1995 554 2029 ad
574 1995 650 2028 Cat.
672 1994 802 2034 XXIX,
826 1993 874 2034 2,
898 1993 1056 2026 nonnulli
1076 1994 1174 2030 codd.
1198 1995 1329 2029 habent
1346 1997 1469 2039 fieri

74 2058 171 2090 solet.
196 2075 241 2082 —-
272 2055 440 2090 Animum
470 2066 492 2088 a
523 2053 712 2088 temeraria
745 2052 962 2087 coniectandi
989 2054 1136 2088 libidine
1158 2065 1226 2088 nen
1249 2056 1417 2090 continuit
1438 2057 1465 2090 1.

73 2117 133 2150 Fr.
159 2115 381 2157 Gronovius,
416 2115 637 2150 scribendum
668 2124 809 2147 censens
838 2125 889 2147 ne
921 2115 1097 2158 polluti
1132 2115 1274 2150 licentia
1296 2116 1466 2151 invidiam

74 2175 411 2215 accenderent,
435 2174 526 2218 quod
550 2185 662 2217 neque
685 2178 826 2218 propter
849 2176 1060 2209 structuram
1083 2176 1318 2211 necessarium
1341 2181 1404 2220 est,
1430 2181 1466 2213 et

72 2236 277 2270 sententiam
310 2236 423 2269 multo
453 2234 660 2269 deteriorem
691 2234 816 2268 reddit.
864 2234 943 2268 Non
976 2234 1069 2269 enim
1101 2236 1146 2270 ad
1177 2247 1296 2271 omnes
1318 2239 1466 2282 pecunia

72 2296 168 2341 regis
195 2299 378 2340 corruptos
399 2296 488 2330 haec
512 2298 688 2339 spectant,
720 2294 781 2328 sed
804 2293 850 2328 ad
880 2305 991 2329 unum
1014 2295 1208 2341 Scaurum,
1233 2297 1293 2341 qui
1318 2300 1468 2334 vereba«

71 2361 129 2391 tur
151 2368 195 2390 ne
217 2355 253 2389 in
288 2355 536 2401 gravissimam
558 2355 729 2389 invidiam
751 2354 944 2389 incurreret
977 2355 1164 2399 (invidiam
1186 2359 1391 2395 accenderet
1413 2372 1461 2394 sc.

70 2417 153 2460 sibi)
179 2415 209 2451 si
239 2417 435 2460 polluta
468 2416 610 2451 licentia
633 2418 755 2460 ageret
777 2415 802 2449 i.
826 2427 857 2450 e.
891 2427 996 2460 supra
1019 2418 1162 2452 modum
1185 2419 1288 2462 aequi
1311 2420 1461 2454 honesti-

71 2488 139 2521 que
173 2476 357 2521 negligens
389 2480 492 2510 esset.
539 2475 697 2511 Pollutas
728 2476 842 2518 enim,
884 2488 954 2520 quo
986 2478 1126 2522 proprie
1154 2478 1374 2524 significatur
1404 2491 1460 2514 res

70 2538 217 2572 maculis
248 2537 506 2578 contaminata,
536 2537 705 2571 translate
735 2538 779 2571 de
812 2537 930 2578 omui,
962 2539 1054 2581 quod
1083 2539 1227 2573 foedum
1250 2543 1284 2574 et
1309 2540 1457 2574 detesta-

71 2599 142 2632 bile
165 2599 297 2632 factum
321 2601 394 2638 est,
426 2600 634 2641 usurpatur-3
659 2598 719 2632 sed
743 2595 861 2632 tamen
885 2597 1050 2632 audacius
1072 2597 1262 2633 Sallustius
1284 2598 1322 2632 id
1345 2599 1458 2642 ipsum

67 2660 239 2703 pollutum
273 2658 380 2699 dicit,
421 2669 492 2702 quo
532 2658 674 2702 proprie
712 2658 922 2692 homines
961 2659 1018 2692 vel
1049 2658 1276 2693 hominum
1314 2659 1458 2693 animi

67 2719 192 2763 polluti
214 2718 396 2759 dicuntur-3
431 2718 633 2762 polluuntur
656 2717 748 2752 enim
772 2728 862 2760 quae
882 2721 1005 2761 suapte
1026 2722 1150 2754 natura
1174 2730 1281 2762 pura,
1318 2718 1455 2763 integra
