1630 3034
458 177 817 221 IUGURTHA.
880 175 1017 221 eAP.
1049 176 1177 222 LIX
1403 167 1488 218 31⁷

103 313 239 359 super
287 296 451 362 vallum
489 294 911 356 praecipitarentur,
954 293 1027 340 alii
1063 294 1106 339 in
1149 292 1360 354 angustiis
1400 291 1485 352 ipsi

102 396 184 440 sibi
228 398 525 455 properantes
580 391 838 439 officerent,
891 390 1036 434 multis
1081 389 1249 434 amissis
1294 390 1359 434 in'
1384 390 1486 433 loca

102 492 268 537 munita
292 506 390 535 sese
418 488 603 547 recepit.
672 485 883 529 Metellus
918 486 1085 529 infecto
1121 485 1318 547 negotio,
1354 491 1524 545 post-7

102 604 237 647 quam
267 602 356 631 nox
391 585 568 641 aderat,
610 583 656 626 in
693 587 835 626 castra
871 597 973 626 cum
1009 583 1203 626 exercitu
1233 583 1481 626 revortitur.

236 683 357 729 LIX.
428 682 571 741 Igitur
612 684 797 739 postero
843 677 938 735 die,
984 679 1244 738 priusquam
1292 678 1351 722 ad
1398 694 1484 738 op-

99 779 398 841 pugnandum
440 776 732 838 egrederetur
754 809 765 831 ‚
823 775 1065 833 equitatum
1116 790 1295 819 omnem
1341 777 1385 819 in
1429 792 1484 819 ea

97 884 254 937 parte,
299 891 388 934 qua
423 874 542 934 regis
579 873 794 917 adventus
829 878 951 928 erat,
1002 887 1088 931 pro
1125 873 1276 916 eastris
1312 873 1484 933 agitare

98 974 249 1028 iubet,
304 978 458 1032 portas
515 977 560 1014 et
610 984 832 1029 proxuma
875 969 978 1012 loca
1022 969 1206 1013 tribunis
1255 969 1483 1030 dispertit,

99 1070 262 1114 deinde
292 1069 392 1128 ipse
427 1067 578 1127 pergit
615 1066 675 1109 ad
705 1065 946 1126 oppidum,
985 1070 1133 1124 atque,
1169 1072 1219 1109 ut
1253 1067 1484 1125 superiore

99 1165 196 1224 die,
240 1179 419 1209 murum
459 1162 736 1224 aggreditur.
817 1162 997 1206 Interim
1041 1162 1260 1223 Iugurtha
1305 1177 1360 1206 ex
1404 1168 1522 1207 oc—2

96 1307 261 1347 promptu
283 1306 360 1343 est;
394 1313 506 1346 neque
537 1306 654 1336 tamen
678 1302 867 1345 probamus
883 1327 892 1343 ‚
928 1301 1019 1345 quod
1043 1300 1181 1335 eortius
1203 1302 1324 1335 statim
1349 1300 1399 1334 sic
1423 1311 1484 1334 ex-

96 1363 221 1406 plicat:
254 1363 489 1406 „simulatque
521 1363 712 1406 equitatum
745 1363 907 1403 miserat,
939 1362 1046 1395 mittit
1076 1363 1181 1395 etiam
1213 1362 1251 1394 C.
1281 1361 1447 1395 Marium.
1460 1363 1484 1380 ‘⁸

95 1423 251 1458 Tantum
283 1422 377 1456 enim
407 1423 526 1464 abest,
558 1427 597 1456 ut
629 1422 750 1456 missio
781 1422 953 1465 equitatus
983 1426 1018 1455 et
1042 1422 1150 1455 Marii
1176 1423 1294 1456 eodem
1318 1422 1484 1466 temporis

94 1488 221 1528 puncto
245 1483 339 1517 facta
362 1483 552 1524 indicetur,
586 1487 625 1517 ut
651 1483 784 1517 Murius
806 1484 905 1527 prius
929 1494 1034 1526 quum
1057 1483 1191 1525 equites
1221 1482 1385 1516 dimissus
1408 1494 1483 1515 esse
1512 1521 1515 1523 Α

94 1545 269 1588 putandus
292 1544 356 1583 sit,
380 1555 490 1587 quum
515 1543 701 1578 Sallustius
725 1544 930 1589 gradatione
955 1544 989 1576 in
1014 1544 1187 1577 narrando
1210 1548 1350 1584 utatur,
1375 1543 1481 1576 verbo

92 1616 237 1649 propere
260 1604 447 1638 subiiciens
468 1616 510 1637 ac
533 1605 663 1647 statim,
690 1604 712 1638 i.
739 1616 768 1638 e.
794 1615 834 1638 ac
858 1604 1025 1647 protinus.
1071 1604 1184 1649 lgitur
1207 1603 1341 1646 equites
1364 1603 1484 1636 abiere

90 1676 264 1710 propere,
306 1664 330 1698 i.
360 1677 390 1698 e.
430 1677 538 1709 quum
573 1665 726 1708 primum
766 1676 827 1708 per
864 1676 1020 1710 pugnam
1052 1665 1129 1698 fieri
1164 1664 1305 1709 potuit,
1347 1662 1484 1697 Marius

91 1728 210 1759 autem
243 1726 383 1767 statim,
416 1726 439 1760 i.
474 1737 505 1759 e.
539 1737 583 1759 ne
614 1725 762 1759 minima
795 1725 935 1768 quidem
962 1737 1062 1759 mora
1091 1724 1314 1767 interposita,
1354 1724 1483 1767 quippe

91 1786 127 1819 in
151 1798 220 1830 quo
244 1787 399 1820 maxima
424 1798 499 1830 spes
522 1786 647 1820 auxilii
681 1791 716 1820 et
747 1786 868 1820 salutis
892 1791 982 1820 esset
1006 1786 1082 1820 sita.
1106 1805 1151 1810 —
1176 1786 1319 1829 Recepit
1342 1788 1483 1818 tuentur

91 1847 174 1881 Bas.
194 1848 225 1881 1.
250 1848 356 1881 Fabr.
377 1847 408 1881 l.
433 1846 467 1880 2.
492 1846 589 1881 Leid.
614 1847 653 1883 L.
685 1859 766 1880 cum
797 1858 923 1881 novem
953 1846 1052 1889 aliis,
1087 1845 1165 1879 Vin.
1191 1845 1224 1878 1.
1260 1846 1363 1879 Rem.
1388 1844 1421 1877 1.
1445 1844 1482 1878 2.

91 1908 162 1941 Inc.
186 1907 220 1941 2.
246 1908 390 1941 Eccartl.
417 1908 534 1941 Guelf.
563 1908 596 1940 1.
621 1907 656 1940 2.
682 1907 715 1942 4.
741 1908 775 1942 9.
800 1908 944 1941 Goerlit.
971 1907 1075 1941 Misn.
1101 1906 1217 1940 Berol.
1243 1905 1276 1939 1.
1299 1905 1334 1939 2.
1384 1904 1482 1938 Reli-

90 1967 149 2001 cui
172 1969 303 2002 habent
325 1969 466 2012 recipit,
495 1968 590 2002 haud
613 1967 718 2001 dubie
743 1972 884 2011 propter
909 1978 1051 2010 sequens
1074 1965 1274 2001 revortitur.

183 2029 272 2063 le.
297 2031 329 2070 ς.
354 2029 386 2061 1.
434 2040 503 2072 qua
528 2028 622 2071 regis
655 2029 824 2062 adventus
857 2028 956 2072 erat]
993 2027 1070 2060 Vin.
1096 2026 1129 2060 1.
1162 2038 1232 2070 qua
1262 2026 1368 2070 regi
1399 2025 1481 2058 adv.

93 2092 195 2129 erat,
220 2089 322 2131 plane
346 2092 384 2122 ut
408 2089 482 2121 Cat.
509 2088 612 2130 mn,
636 2087 670 2121 3.
696 2099 765 2131 qua
799 2088 880 2121 illi
905 2088 1083 2122 descensus
1109 2093 1206 2126 crau
1238 2086 1295 2119 sed
1321 2086 1408 2119 nihil
1432 2090 1484 2119 est

92 2149 313 2182 mutandum.
341 2168 380 2173 —
406 2149 460 2181 De
483 2147 627 2191 propria
648 2148 781 2181 ratione
803 2152 998 2182 structurae
1019 2157 1104 2190 pro
1139 2147 1320 2179 castris
1342 2147 1483 2190 agitare

92 2208 213 2241 multis
246 2207 323 2252 agit·
355 2208 592 2241 Hoffmannus
623 2207 660 2240 in
695 2208 808 2242 lahnii
842 2208 978 2242 Annali.
1010 2207 1100 2241 Phil.
1133 2211 1168 2239 et
1195 2205 1352 2250 Paedag.
1379 2205 1483 2240 1828.

92 2268 168 2301 vot.
194 2268 237 2301 ΙΙ.
263 2268 362 2304 Fasc.
386 2269 413 2304 Ι.
437 2280 470 2311 p,
491 2267 562 2309 29„
592 2278 655 2312 pro
687 2268 738 2302 ita
773 2269 903 2302 dictum
935 2279 1098 2308 censens,
1132 2270 1170 2300 ut
1199 2277 1268 2299 non
1303 2266 1398 2299 locus
1422 2266 1482 2299 de-

92 2329 267 2374 signetur,
301 2329 360 2362 ubi
393 2329 525 2372 aliquid
557 2327 622 2369 sit,
653 2328 713 2362 sed
737 2329 850 2371 potius
873 2327 1039 2368 directio,
1074 2337 1143 2369 qua
1164 2326 1246 2370 quid
1271 2327 1308 2360 in
1331 2319 1481 2370 aliffuem

92 2391 203 2424 locum
228 2394 405 2431 vertatur,
439 2390 521 2423 coll.
547 2389 645 2423 Caes.
669 2389 712 2423 B.
741 2389 783 2422 G.
810 2389 850 2430 1,
880 2387 946 2429 48,
970 2387 1003 2421 3.
1054 2387 1107 2420 Ex
1132 2398 1170 2421 eo
1196 2387 1252 2420 die
1275 2387 1348 2420 dies
1372 2387 1480 2419 conti-

90 2462 177 2484 nuos
201 2451 351 2494 quinque
377 2451 510 2484 Caesar
529 2461 611 2493 pro
647 2450 823 2484 castris
854 2460 937 2482 suus
960 2448 1076 2491 copias
1097 2447 1276 2491 produxit,
1314 2452 1348 2481 et
1371 2447 1479 2480 aciem

90 2512 296 2545 instructam
320 2511 452 2544 habuit.
500 2510 568 2543 Sed
590 2509 620 2544 si
644 2520 734 2552 quae
757 2508 955 2542 directionis
979 2507 1073 2541 notio
1097 2507 1131 2541 in
1153 2507 1228 2541 istis
1243 2507 1358 2540 verbis
1379 2506 1478 2546 inest,

92 2582 134 2605 ea
160 2570 195 2604 in
217 2571 392 2614 produxit,
417 2583 484 2604 non
510 2571 545 2604 iu
568 2571 604 2604 vi
628 2569 892 2613 praepositionis
916 2567 1079 2602 cernitur.
1127 2568 1247 2612 Quare
1269 2578 1332 2611 pro
1356 2568 1480 2600 castris

92 2643 136 2665 ne
158 2632 307 2676 pendere
330 2631 471 2675 quidem
495 2635 591 2664 arcte
622 2641 663 2663 ex
696 2631 858 2674 produxit
892 2639 1092 2670 censemus,
1125 2628 1183 2661 sed
1217 2627 1252 2660 in
1285 2627 1342 2660 his
1364 2627 1480 2659 verbis

94 2690 284 2726 coniunctis
306 2702 468 2725 mancam
491 2691 665 2734 quandam
687 2694 721 2723 et
744 2690 780 2724 in
804 2689 944 2722 brevius
969 2691 1181 2722 contractam
1204 2693 1398 2722 structurae
1421 2698 1480 2720 rn-

93 2750 223 2785 tionem
255 2751 504 2796 agnoscimus;
539 2761 618 2785 nam
649 2760 755 2793 quum
791 2760 854 2793 pro
889 2748 1043 2791 quietum
1076 2752 1227 2790 statum,
1259 2748 1294 2781 in
1326 2759 1395 2791 quo
1427 2758 1480 2780 res
