1630 3034
196 184 282 226 582
559 176 605 219 C.
635 175 959 220 SALLUSTI
1005 175 1229 221 CRISPI

200 297 259 343 ad
302 293 476 341 Sullam
504 293 780 348 „nunciatum
823 293 980 352 mittit,
1027 298 1236 355 paratum
1279 308 1380 340 sese
1422 283 1588 356 facere,

201 409 318 455 quae
351 392 551 454 populus
595 391 827 437 Romanus
871 391 1032 446 vellet3
1078 391 1305 451 colloquio
1346 392 1480 453 diem,
1520 395 1591 440 lo-

200 521 323 557 volunt
345 519 421 555 sibi.
474 518 546 554 Sed
569 517 684 563 quivis
716 518 822 553 facile
853 518 949 555 videt
988 518 1040 554 ita
1072 529 1112 553 re
1142 528 1228 554 vera
1257 518 1349 554 nihil
1384 520 1482 555 aliud
1511 520 1593 564 dici,

201 593 307 628 quam
331 582 424 627 quod
446 579 519 615 iam
544 580 740 615 continetur
769 579 888 614 verbis
922 580 1048 615 Mani-o
1080 592 1182 615 carus
1204 587 1444 627 acceptusque.
1491 582 1596 618 Patet

203 648 341 686 autem,
372 645 554 688 praeterea
584 640 693 675 aliam
725 640 884 685 sequenti
921 641 1164 677 enunciatione
1195 653 1356 677 caussam
1382 655 1405 678 a
1428 643 1596 678 Sallustio

208 706 353 751 afferri,
388 716 453 739 cur
485 703 649 738 Bocchus
672 703 851 737 Dabarem
877 703 1031 737 maxime
1055 704 1100 739 ad
1123 704 1259 739 Sullam
1292 704 1499 740 mittendum
1531 717 1597 750 pu-

203 767 345 803 taverit.
389 765 463 800 Ista
486 776 569 800 vero
593 775 716 799 caussa
737 767 814 799 erat
842 765 996 799 Dabaris
1021 764 1058 799 in
1082 766 1262 800 Romanos
1285 766 1376 800 fidus
1397 766 1535 801 animus
1557 777 1599 800 ac

204 826 378 862 Romanis
400 825 483 870 ipsis
505 826 673 870 probatus
687 853 696 869 ,
718 837 752 860 v.
778 826 879 868 CIX,
902 825 959 867 4.,
991 826 1083 859 unde
1115 838 1194 870 spes
1225 830 1301 860 erat
1322 828 1489 870 Boccho,
1510 828 1601 870 fore,

206 892 246 923 ut
268 899 331 933 per
355 889 464 923 talem
495 887 662 922 nuncium
693 887 835 921 facilius
865 898 956 931 quae
986 888 1093 922 vellet
1123 892 1400 932 consequeretur.
1448 889 1526 924 Non
1549 892 1601 923 est

205 950 329 996 igitur,
353 962 416 984 cur
438 961 460 984 a
482 950 631 995 vulgata
654 948 862 985 discedatur.
881 967 925 974 —-
949 948 1029 983 Alio
1053 949 1158 986 modo
1182 950 1340 994 peccavit
1364 950 1517 994 Cottius,
1540 950 1602 995 qui

207 1005 280 1048 esse
301 1012 461 1053 verbum,
486 1011 577 1054 quod
602 1010 638 1045 in
661 1011 737 1046 solo
761 1011 887 1045 Franc.
911 1011 1025 1052 deest,
1049 1010 1191 1045 delevit.
1216 1030 1263 1036 -
1285 1013 1376 1046 Ante
1400 1022 1522 1046 omnes
1545 1015 1603 1046 te·-

207 1077 292 1109 nent
315 1071 469 1114 Gruteri,
486 1071 670 1107 Gerlachii
687 1077 721 1106 et
744 1071 854 1106 nostri
878 1071 982 1114 libri3
1005 1071 1144 1106 Cortius
1165 1083 1208 1106 ex
1230 1072 1302 1107 suis
1325 1071 1467 1116 scripsit
1484 1077 1602 1116 antea,

211 1135 257 1169 cf.
285 1135 329 1169 ad
353 1146 384 1169 c.
409 1134 472 1176 xl,
494 1133 529 1168 3.
553 1154 601 1161 —
627 1134 777 1178 Tempus
800 1134 837 1168 h.
861 1134 886 1168 l.
911 1145 981 1168 non
1003 1133 1054 1180 ita
1077 1133 1196 1168 differt
1218 1134 1264 1168 ab
1288 1134 1356 1175 die,
1379 1136 1432 1183 ut*
1442 1133 1547 1168 Catil.
1572 1145 1603 1167 c.

208 1195 266 1238 LI,
291 1196 362 1239 25„
385 1208 490 1241 quem
515 1196 633 1229 locum
658 1194 799 1229 Cortius
824 1206 893 1228 non
916 1195 1000 1229 satis
1023 1200 1104 1240 apte
1126 1195 1283 1230 contulit.
1322 1190 1376 1230 lbi
1399 1195 1492 1228 enim
1515 1199 1604 1229 tem-

208 1268 276 1303 pus
298 1257 424 1294 latiore
447 1268 549 1291 sensu
571 1268 680 1301 quam
705 1257 778 1291 dies
802 1260 879 1290 erat
909 1255 1196 1301 intelligendum3
1229 1260 1350 1291 nostro
1372 1260 1491 1290 autem
1514 1256 1604 1298 loco,

212 1317 275 1353 ubi
298 1319 372 1353 dies
395 1318 604 1363 praecessit,
628 1316 843 1364 angustioris
866 1317 1017 1351 notionis
1041 1330 1115 1352 esse
1137 1318 1294 1360 videtur,
1319 1317 1492 1362 siquidem
1516 1329 1608 1351 com-

213 1380 320 1414 moda
343 1380 415 1415 diei
438 1381 525 1415 hora
547 1379 780 1424 significatur,
811 1390 901 1423 quae
925 1379 995 1413 diei
1019 1381 1262 1414 tantummodo
1281 1391 1363 1424 pars
1385 1382 1448 1414 est.
1468 1370 1522 1404 —3
1534 1379 1607 1413 Pro

214 1440 408 1486 detegeret,
432 1441 525 1486 quod
550 1445 603 1474 est
624 1439 661 1474 in
685 1439 763 1474 Vin.
788 1441 823 1475 1.
848 1441 958 1475 Fabr.
981 1441 1014 1475 1.
1041 1441 1161 1475 Guelt'.
1185 1439 1220 1476 3.
1243 1439 1278 1474 9.
1303 1441 1423 1474 Berol.
1449 1440 1484 1474 2.
1507 1440 1606 1474 Flor.

214 1502 248 1536 1.
273 1506 308 1536 et
331 1501 442 1536 Paris.
468 1514 512 1544 c.‚
538 1502 678 1552 Cottius
700 1501 817 1546 inepte
839 1501 978 1546 scripsit
999 1502 1226 1547 dilegerct5
1248 1500 1373 1535 relicui
1394 1501 1526 1536 habent
1550 1502 1610 1536 de-

215 1562 354 1607 ligeret.
380 1581 424 1588 —-
455 1563 653 1597 Verborum
686 1564 843 1598 consulta
877 1576 950 1598 sese
978 1564 1094 1598 omnia
1117 1575 1195 1597 cum
1217 1564 1277 1598 illo
1300 1563 1442 1609 integr-u
1467 1563 1610 1605 habere,

215 1633 356 1656 sensum
378 1622 528 1658 editores
550 1624 600 1658 sic
623 1623 851 1659 constituunt:
880 1625 1030 1668 Omnia,
1058 1625 1102 1658 de
1126 1624 1252 1669 quibus
1276 1624 1342 1668 ipsi
1366 1624 1610 1658 consulendum

217 1693 261 1718 ac
286 1683 554 1717 deliberandum
585 1689 672 1718 esset
705 1695 786 1718 cum
820 1684 942 1729 Sulla,
975 1685 1118 1730 integra
1144 1697 1220 1720 csse
1253 1690 1290 1719 et
1319 1685 1464 1728 intacta,
1486 1684 1511 1719 i.
1535 1696 1567 1720 e.
1590 1695 1613 1720 a

216 1744 391 1789 Iugurtha
414 1748 477 1779 aut
500 1743 574 1778 eius
597 1745 716 1790 legato
741 1757 808 1780 non
833 1750 1009 1789 corrupta.
1060 1747 1160 1790 Quae
1187 1745 1375 1790 explicatio
1398 1757 1612 1791 quamquam

218 1804 255 1838 in
288 1803 493 1839 universum
525 1805 611 1839 ferri
648 1810 778 1850 potest,
821 1809 938 1841 tamen
970 1808 1129 1842 consulta
1168 1818 1238 1840 non
1270 1810 1382 1850 potest
1411 1807 1612 1851 significare

219 1866 450 1906 consulenda5
465 1877 576 1910 neque
592 1866 782 1910 quidquam
799 1868 924 1908 obstat,
949 1868 1136 1911 quominus
1152 1872 1291 1902 servata
1306 1868 1470 1902 vocabuli
1488 1872 1613 1903 natum

220 1925 466 1971 intelligantur
489 1927 608 1971 priora
631 1929 776 1963 consilia
800 1930 889 1964 iuter
913 1930 1095 1964 Bocchum
1119 1933 1154 1963 ct.
1177 1928 1317 1963 Sullam
1343 1928 1491 1974 agitata.
1514 1929 1615 1973 Quae

222 1997 330 2030 quum
355 1987 497 2032 integra
522 1999 594 2023 esse
617 1990 774 2025 affirmat
797 1992 985 2033 Bocchus,
1019 1992 1088 2025 hoc
1121 1990 1222 2024 dicit:
1253 1989 1343 2023 nihil
1366 2001 1501 2032 eorum,
1525 2001 1615 2034 quac

222 2052 304 2083 ante
327 2047 451 2082 Sullae
474 2049 688 2093 promiserit,
718 2063 741 2086 a
763 2063 800 2086 se
824 2057 1012 2096 mutatum,
1036 2062 1149 2096 neque
1173 2051 1289 2095 ipsum
1313 2061 1335 2086 a
1357 2050 1528 2086 sententia
1551 2062 1614 2086 sua

222 2121 284 2155 per
306 2110 516 2153 Iugurtham
539 2121 614 2144 esse
638 2111 828 2149 demotum.

319 2169 373 2205 Ne
410 2171 605 2214 Iugurthae
635 2173 795 2217 legatum
825 2175 1107 2220 pertimesceret]
1154 2172 1320 2216 Plerique
1350 2171 1449 2206 codd.
1484 2182 1548 2216 pro
1572 2183 1615 2206 ne

224 2233 341 2265 tenent
364 2242 450 2272 neu,
482 2231 573 2274 quod
597 2232 743 2268 minime
774 2235 917 2269 tolerari
949 2239 1083 2279 potest;
1116 2245 1198 2269 nam
1222 2245 1330 2277 quum
1353 2234 1451 2268 nulla
1475 2244 1617 2277 prorsus

226 2292 360 2325 consilii
392 2292 603 2337 significatio
636 2294 671 2328 in
705 2295 865 2339 proxime
899 2296 1182 2331 antem-dentibus
1206 2295 1435 2335 contincatur,
1459 2293 1617 2339 ineptum

227 2356 296 2393 est,
321 2352 529 2397 particulam
561 2366 711 2398 ponere,
741 2367 813 2401 qua
843 2356 1058 2391 continuatio
1083 2356 1216 2390 consilii
1239 2357 1460 2397 declaratur-3
1483 2356 1529 2388 ct'.
1555 2365 1617 2389 an—

228 2416 350 2448 notato
373 2414 416 2448 ad
441 2414 517 2448 Cat.
544 2415 702 2461 xxxlv,
727 2418 763 2452 2.
786 2420 821 2452 et
845 2417 888 2451 ud
912 2418 990 2462 lug.
1018 2418 1110 2460 vm,
1133 2418 1169 2452 2.
1194 2430 1226 2461 p.
1254 2415 1310 2451 45.
1357 2416 1435 2451 Non
1458 2415 1617 2450 dubitavi

230 2474 342 2519 igitur
378 2488 419 2510 uc
452 2476 625 2520 recipere,
657 2478 750 2522 quod
781 2480 893 2512 exstat
925 2479 960 2512 iu
987 2479 1103 2512 Berol.
1131 2478 1164 2511 1.
1187 2479 1221 2512 2.
1249 2480 1368 2513 Goerl.
1392 2477 1502 2512 Paris.
1529 2489 1559 2511 c.
1584 2482 1617 2511 ct

231 2536 378 2570 tortasse
411 2538 520 2571 etiam
555 2538 588 2571 in
623 2539 783 2582 pluribus
815 2539 1007 2583 scriptum,
1033 2540 1091 2573 scd
1118 2541 1162 2573 ab
1186 2539 1378 2573 editoribus
1402 2550 1470 2572 non
1494 2541 1615 2572 enota—

232 2601 307 2630 tum
331 2606 392 2631 cst.
420 2618 461 2622 ——
487 2598 649 2633 Ceterum
673 2600 852 2643 sequentia
875 2602 986 2635 verbu
1010 2612 1094 2634 sana
1118 2611 1193 2634 esse
1216 2599 1275 2634 vix
1300 2600 1456 2634 adducor
1480 2604 1518 2635 ut
1541 2613 1616 2634 cre—

234 2658 314 2691 dam
329 2683 339 2699 ,
362 2663 460 2693 tantu
484 2663 535 2693 eet
559 2661 768 2702 sentcntiae,
793 2672 883 2704 (luae
906 2661 1109 2704 requiritur,
1133 2673 1212 2694 cum
1236 2661 1354 2694 verbis
1375 2661 1616 2704 discrepantia.

234 2717 325 2753 Nam
349 2731 455 2763 quum
482 2721 715 2755 necessarium
740 2723 804 2762 sit,
828 2733 970 2757 consens
999 2734 1021 2760 a
1052 2723 1193 2756 Boccho
1216 2722 1404 2766 explicari,
1435 2733 1497 2755 rur
1521 2723 1617 2767 lega—

237 2783 291 2813 tus
315 2780 527 2824 Iugurthae,
555 2782 731 2826 colloquio
755 2784 1001 2822 interfuturus.
1027 2785 1148 2818 Sullac
1172 2795 1238 2819 non
1263 2787 1350 2818 essct
1374 2783 1616 2827 pertimescen-
