1630 3034
143 217 230 257 4⁰⁰
517 208 564 251 C.
594 208 923 252 SALLUSTI
955 209 1175 254 CRISPI

146 327 273 372 sicuti
307 324 514 385 plerique
553 326 599 368 in
635 340 750 369 nova
780 325 1021 381 deditione,
1058 327 1211 371 officia
1244 326 1538 372 intenderant.

109 423 362 473 9Ceterum
406 423 564 467 milites
607 423 826 482 religione
869 423 1021 482 pluvia
1062 424 1205 484 magis
1249 424 1350 480 usi,
1397 438 1542 482 eaque

144 537 214 564 res
247 520 435 564 multum
470 519 624 563 animis
662 534 819 563 eorum
855 519 1050 572 addidit3
1087 535 1191 563 nam
1225 520 1310 564 rati
1340 535 1437 564 sese
1474 519 1540 564 dis

142 617 466 661 immortalibus
496 631 629 660 curae
655 631 767 660 esse.
838 616 1016 660 Deinde
1047 623 1234 676 postero
1264 617 1350 673 die,
1387 599 1542 660 contra

79 728 131 767 10
146 715 399 775 opinionem
432 713 693 773 Iugurthae,
731 712 790 756 ad
827 712 1023 756 Thalam
1062 714 1342 773 perveniunt.
1389 712 1542 774 Oppi-

144 812 278 865 dani,
315 811 390 869 qui
426 825 474 854 se
510 810 714 854 locorum
746 810 985 870 asperitate
1018 810 1208 854 munitos
1242 810 1541 864 crediderant,

143 984 203 1018 sed
243 985 363 1028 aperte
401 981 622 1027 significatur
662 981 792 1016 deditio
824 993 959 1026 nupera
992 994 1104 1027 neque
1135 983 1243 1029 longo
1275 988 1432 1027 tempore
1460 988 1541 1017 ante

142 1047 248 1080 facta.
298 1044 388 1078 Nam
412 1056 481 1087 quo
503 1044 644 1089 longius
666 1049 804 1087 tempus
827 1055 848 1076 a
872 1043 1046 1078 deditione
1069 1044 1188 1088 aliqua
1211 1045 1370 1088 elapsum
1397 1049 1467 1085 est,
1496 1054 1540 1077 eo

141 1105 360 1142 remissiores
391 1116 433 1139 ac
464 1103 737 1148 negligentiores
773 1104 932 1148 plerique
962 1104 1051 1138 fiunt
1081 1104 1115 1137 in
1149 1103 1278 1138 officiis
1311 1103 1538 1148 praestandis,

141 1169 184 1203 ad
210 1178 299 1211 quae
322 1176 404 1199 cum
431 1165 499 1199 fide
523 1166 683 1199 obeunda
717 1165 831 1209 primo
868 1169 1005 1199 tantum
1039 1170 1195 1209 tempore
1227 1165 1380 1209 prompti
1405 1165 1540 1208 purati-

139 1241 209 1273 que
232 1239 306 1262 esse
329 1227 452 1261 solent.
499 1226 690 1260 Sallustius
713 1225 824 1271 igitur
855 1225 993 1260 incuria
1016 1227 1169 1270 quadam
1204 1231 1418 1260 constantem
1441 1225 1541 1260 vocis

139 1300 249 1322 novus
284 1299 386 1321 usum
421 1287 615 1332 neglexisse
647 1287 806 1327 videtur,
838 1286 904 1319 nisi
931 1286 1022 1321 forte
1055 1288 1146 1321 hanc
1168 1287 1419 1331 interpretandi
1442 1287 1538 1320 viam

139 1352 262 1392 ineas,
294 1354 332 1383 ut
364 1348 460 1382 dicas
492 1348 700 1382 deditionem
730 1347 767 1380 h.
802 1347 826 1382 l.
861 1358 948 1381 esse*
961 1353 1090 1382 statum
1116 1348 1336 1389 deditorum,
1373 1349 1536 1391 quicum

138 1416 232 1446 statu
265 1416 349 1445 ante
384 1409 593 1443 deditionem
625 1414 850 1452 comparatus
876 1419 986 1442 novus
1016 1408 1071 1443 sit.
1119 1408 1234 1454 Igitur
1264 1409 1323 1443 hic
1347 1409 1537 1443 verborum

138 1484 258 1506 sensus
292 1473 399 1505 foret:
436 1469 538 1503 sicuti
572 1469 729 1513 plerique
757 1473 794 1504 in
818 1481 904 1503 novo
939 1475 1036 1504 statu
1058 1481 1122 1514 per
1145 1470 1354 1504 deditionem
1379 1476 1466 1507 orto.
1491 1488 1536 1495 -

141 1533 269 1576 Officia
304 1532 619 1566 intenderant
653 1537 721 1565 est:
754 1530 881 1564 officiis
916 1530 1045 1565 intenta
1070 1543 1156 1565 cura
1190 1536 1225 1565 et
1248 1530 1394 1575 prolixis
1414 1530 1539 1565 studiis

137 1594 391 1628 satisfecerant.
438 1592 529 1626 Nam
563 1592 742 1626 intendere
766 1591 902 1635 aliquid
927 1591 1103 1636 significat
1127 1603 1278 1637 augere,
1311 1603 1454 1634 acuere,
1479 1592 1537 1627 in-

139 1655 271 1694 citare‚·
295 1653 340 1687 cf.
366 1653 483 1687 Tacit.
506 1652 598 1686 nist.
625 1653 650 1694 1,
682 1651 738 1694 12,
762 1656 850 1685 extr.
898 1652 1080 1686 Inliiantes
1107 1654 1300 1687 amicorum
1325 1653 1537 1697 cupiditates

138 1717 217 1760 ipsa
253 1715 387 1748 Galbae
411 1715 576 1757 facilitas
609 1713 906 1746 intendebat.
941 1712 986 1748 id.
1011 1714 1046 1753 l,
1071 1712 1130 1754 2⁴,
1155 1713 1245 1747 med.
1293 1714 1536 1759 Largitionem

137 1776 228 1811 Otho
249 1775 417 1820 praemiis
441 1774 728 1809 intendebat.
753 1775 799 1807 cf.
825 1773 1042 1822 Boetticheri
1067 1774 1148 1807 Lex.
1170 1774 1259 1808 Tac.
1283 1774 1320 1817 h.
1342 1785 1375 1807 V.
1401 1785 1434 1817 p.
1451 1773 1533 1808 282.

229 1840 263 1880 §.
287 1836 322 1870 9.
345 1842 380 1869 et
404 1836 460 1869 10.
487 1835 668 1880 religione]
697 1836 735 1869 ln
764 1835 883 1879 paucis
907 1834 1006 1868 codd.
1033 1834 1079 1868 ab
1104 1833 1413 1878 interpolatoribus
1440 1835 1535 1868 male

134 1909 199 1943 pro
222 1897 279 1930 vel
304 1908 344 1930 ex
369 1895 526 1930 additum
550 1900 620 1936 est3
646 1895 719 1927 vim
743 1894 892 1928 ablativi
916 1894 1128 1928 ostendimus
1153 1895 1197 1929 ad
1223 1894 1327 1929 Catil.
1351 1895 1483 1937 XXXl,
1498 1895 1534 1929 3.

136 1959 300 1992 Ceterum
324 1957 529 2002 religionem
554 1957 590 1990 h.
614 1956 638 1991 l.
660 1954 861 2000 significare
884 1955 1052 1998 pietatem
1076 1956 1223 1989 deorum
1247 1956 1403 1990 auctoris
1426 1956 1534 1999 ipsius

137 2018 254 2052 verbis
276 2017 504 2061 sequentibus
527 2018 600 2052 rati
624 2028 698 2050 sese
723 2023 789 2050 etc.
819 2015 1029 2050 declaratur.
1053 2035 1099 2041 -
1125 2017 1194 2050 Pro
1218 2017 1357 2051 addidit
1381 2016 1535 2052 Weisiun

134 2079 274 2123 scripsit
307 2079 520 2121 addiderat,
557 2085 597 2113 ut
628 2085 681 2113 est
715 2079 751 2112 in
783 2077 882 2114 Leid.
916 2079 957 2112 E.
991 2079 1030 2112 F.
1090 2078 1212 2122 Inepte
1244 2077 1337 2111 idem
1372 2082 1532 2112 annotat:

134 2141 565 2185 ‚‚plusquamperfectum,
605 2144 643 2174 ut
676 2150 800 2183 saepe,
830 2149 893 2183 pro
928 2139 1086 2183 perfecto
1121 2143 1183 2173 aut
1216 2138 1533 2182 imperfecto.“-

140 2203 292 2236 Multum
323 2202 519 2236 addidit
550 2200 682 2234 dictum
707 2206 757 2234 est
781 2204 819 2234 ut
843 2212 873 2233 c.
901 2200 1015 2242 Man,
1040 2199 1072 2233 1.
1125 2200 1362 2234 Gracchorum
1385 2200 1533 2235 maiores

134 2264 327 2297 multum
359 2263 569 2306 reipublicae
602 2261 899 2295 addiderant.
933 2261 980 2294 cf.
1014 2260 1178 2301 hxxm,
1210 2260 1244 2294 4.
1281 2261 1401 2302 xciv,
1428 2260 1464 2295 2.
1484 2280 1531 2287 —

135 2325 303 2358 Locorum
328 2325 500 2367 asperitas
523 2335 591 2358 non
614 2323 843 2367 intelligenda
876 2326 930 2356 est
953 2322 996 2355 de
1019 2321 1127 2364 urbe,
1158 2326 1290 2355 natura
1315 2326 1350 2356 et
1371 2322 1531 2366 operibus

135 2386 202 2428 (cr.
228 2385 273 2419 ad
306 2397 336 2419 c.
362 2385 474 2426 nvn,
500 2385 550 2428 1.)
584 2385 717 2426 firma‚·
752 2383 812 2416 sed
846 2383 923 2416 loca
955 2387 1035 2416 sunt
1063 2381 1225 2427 regiones
1260 2381 1357 2416 circa
1391 2382 1529 2425 urbem,

134 2457 286 2490 quarum
318 2447 488 2490 asperitas
518 2445 701 2479 constabat
736 2442 902 2478 vastitate
932 2448 968 2477 et
990 2454 1103 2487 aquae
1126 2435 1274 2487 penuria
1294 2442 1408 2486 spatio
1431 2442 1530 2487 qnin-

133 2507 304 2552 quaginta
328 2506 502 2547 minium,
536 2506 584 2540 cf.
617 2516 724 2549 supra
760 2506 792 2546 §-
817 2505 851 2538 2.
900 2504 1032 2538 Eadem
1065 2508 1189 2537 auctor
1219 2504 1326 2538 refert
1352 2504 1394 2538 de
1417 2504 1530 2548 Capsa

133 2570 221 2604 urbe
254 2580 281 2601 c.
309 2568 508 2608 hxxxlx,
532 2566 565 2600 4.
616 2567 804 2609 Capsenses
837 2565 963 2598 muniti
994 2564 1181 2598 advorsum
1210 2564 1318 2599 hostis
1340 2577 1407 2598 non
1429 2576 1527 2598 moe-

134 2631 235 2666 nibus
259 2630 358 2662 modo
392 2634 424 2663 et
459 2628 566 2661 armis
601 2631 707 2671 atque
729 2627 834 2669 viris,
867 2638 986 2660 oerum
1011 2626 1117 2659 etiam
1142 2625 1249 2658 multo
1274 2625 1389 2669 magis
1411 2625 1526 2658 loeo-

134 2703 230 2726 rum
273 2690 554 2734 asperitate.
612 2689 706 2722 Nam
738 2693 878 2731 praeter
917 2686 1043 2731 oppido
1075 2686 1268 2730 propinqua
1307 2686 1382 2718 alia
1408 2686 1525 2720 omnia

134 2757 292 2789 vasta,
335 2751 539 2790 inculta,
575 2749 766 2794 egentia
807 2758 973 2792 aquae,
1006 2748 1185 2789 infesta
1219 2747 1523 2789 serpentibus.

133 2812 254 2857 Quare
277 2811 424 2844 munitos
448 2817 499 2845 eut
523 2816 614 2844 tutos
630 2835 639 2852 ,
674 2821 731 2847 eo,
765 2808 857 2851 qnod
891 2807 1066 2842 neminem
1097 2807 1141 2842 ud
1165 2818 1203 2841 se
1226 2808 1391 2841 accedere
1417 2817 1522 2842 ausu·
