1630 3034
214 189 299 230 564
585 181 629 224 C.
660 179 983 223 SALLUSTI
1013 179 1232 222 CRISP1
1268 195 1270 198 ¹

216 301 353 359 iubet,
390 301 495 344 item
527 298 581 342 L.
614 297 867 341 Bellienum
894 302 1165 357 praetorem,
1197 303 1432 358 praeterea
1462 282 1601 342 omnis

217 397 416 455 undique
451 395 657 440 senatorii
694 394 884 450 ordinis,
928 395 1191 453 quibuscum
1235 394 1448 438 mandata
1480 394 1604 438 Boc—

216 530 325 565 vitate
355 530 442 565 satis
471 532 634 564 accurate
673 529 880 565 narraverit.
940 528 1021 564 Alia
1051 540 1107 563 res
1135 533 1198 573 est,
1222 529 1252 563 si
1275 529 1382 564 turris
1404 529 1524 575 regiae
1547 540 1608 562 ex-

216 591 409 636 pugnatio,
432 592 531 625 nulla
562 591 770 625 difficultate
800 589 992 636 insigniore
1015 578 1205 634 impedita,
1229 602 1271 625 ex
1299 591 1407 626 Marii
1430 592 1608 625 voluntate

217 652 395 696 processit.
455 653 508 686 lta
531 652 623 686 enim
648 652 732 686 satis
759 652 826 686 fuit
849 652 965 686 dicere
985 657 1168 696 postquam
1192 654 1400 696 consecto
1423 651 1608 697 negotio

216 713 331 755 redit,
368 724 605 758 agnoscesque
639 712 822 758 ingenium
854 725 895 748 ac
927 724 1061 747 morem
1094 712 1276 756 Sallustii,
1301 713 1363 755 qui
1385 713 1490 747 rebus
1513 711 1610 746 haud

217 773 508 808 memorabilibus
536 786 605 808 non
635 774 864 816 immoratur,
897 786 967 808 uno
993 775 1100 808 verbo
1125 785 1229 817 saepe
1252 774 1444 808 defunctus.
1494 774 1612 817 Quare

216 835 344 879 infecto
368 836 595 870 librariorum
620 836 717 871 malo
741 835 895 870 acumini
917 835 1037 869 deberi
1065 846 1199 869 censeo.
1224 853 1269 861 -
1307 836 1380 878 Quo
1405 836 1511 879 longe
1532 828 1626 877 plu-²

170 922 177 926 s
216 895 298 929 rimi
315 896 397 930 libri
413 900 572 939 tuentur3
597 896 702 942 pauci
721 898 812 942 quod
828 897 970 938 habeut,
987 896 1111 931 scribis
1134 895 1351 931 attractionis
1374 907 1477 930 usum
1502 895 1609 940 igno-

216 957 396 999 rantibus,
430 957 526 991 cuius
560 968 602 991 ea
632 957 724 991 ratio
758 962 830 1000 est,
864 962 902 993 ut
924 958 1113 992 relativum
1137 969 1206 991 non
1229 957 1425 991 accusativo
1449 959 1610 1000 ponatur,

151 1043 156 1050 .
217 1029 322 1062 quem
348 1018 463 1062 poscit
485 1019 656 1060 verbum,
693 1019 752 1052 sed
786 1018 919 1063 pariter
950 1031 1031 1053 cum
1058 1018 1210 1060 nomine,
1245 1019 1288 1052 ad
1321 1018 1414 1062 qnod
1447 1018 1610 1057 refertur,

219 1080 489 1114 ablativo‘casu
521 1080 736 1114 enuncietur.
766 1079 811 1115 cf.
836 1079 980 1114 Terent.
1004 1081 1132 1113 Heaut.
1159 1080 1187 1121 1,
1213 1079 1246 1121 1,
1267 1077 1324 1112 35.
1370 1079 1449 1113 Hac
1473 1078 1612 1123 quidem

219 1152 348 1182 causa,
384 1152 470 1185 qua
495 1142 567 1176 dixi
591 1143 666 1177 tibi.
714 1140 863 1175 Bentlei.
892 1144 926 1175 et
952 1139 1137 1175 Heindorf.
1163 1141 1208 1174 ad
1232 1142 1319 1175 Hor.
1342 1140 1417 1176 Sat.
1443 1140 1472 1182 Ι,
1496 1139 1530 1182 6,
1555 1137 1612 1174 15.

196 1190 206 1195 “
221 1201 377 1235 Notante
400 1202 644 1247 iudice‚·quo
678 1202 780 1244 nosti,
803 1202 940 1246 populo.
988 1202 1098 1236 Plura
1120 1202 1163 1236 de
1186 1213 1229 1236 ea
1251 1213 1290 1236 re
1313 1201 1474 1235 dixerunt
1498 1201 1611 1234 Κωθ-

217 1272 322 1306 gerus
345 1261 381 1295 in
406 1262 496 1296 libro
522 1265 564 1297 de
592 1263 809 1298 Attractione
831 1263 919 1307 ling.
942 1263 1004 1297 lat.
1027 1263 1059 1307 ἕ.
1083 1263 1153 1297 105
1175 1275 1248 1307 sqq.
1270 1275 1303 1313 p.
1326 1263 1397 1297 257
1420 1274 1494 1307 sqq.
1519 1264 1613 1306 Aug.

218 1323 450 1358 Grotcfeudus
474 1324 509 1358 in
535 1325 695 1359 Gramm.
721 1325 798 1359 Lat.
822 1324 928 1367 ampl.
953 1325 986 1366 §-
1011 1323 1091 1357 518.
1114 1336 1148 1368 p.
1175 1323 1256 1359 423.
1281 1324 1421 1367 Walch²
1439 1323 1610 1358 Emendd.

217 1383 319 1418 Livv.
344 1396 377 1428 p.
404 1384 450 1419 80
475 1397 525 1429 sq.
574 1387 737 1420 Ceterum
761 1397 827 1430 quo
862 1386 1060 1420 intenderat
1084 1386 1188 1419 multi
1211 1385 1416 1430 interpretes
1439 1385 1534 1420 mule
1557 1394 1613 1417 re·-

220 1446 337 1480 t'erunt
361 1447 406 1480 ad
430 1447 538 1481 verba
566 1447 698 1482 Cirtam
721 1447 834 1489 redit3
870 1457 952 1480 nam
982 1445 1066 1490 quid
1098 1458 1184 1491 opus
1212 1450 1290 1481 erat
1328 1446 1467 1481 disertis
1495 1443 1614 1479 verbis

218 1517 366 1541 narrare
390 1507 546 1542 Marium
570 1507 612 1541 de
639 1508 755 1542 reditu
780 1507 986 1552 cogitasse,
1012 1507 1072 1550 qui
1103 1509 1211 1542 nollet
1234 1508 1363 1543 diutius
1388 1518 1409 1542 a
1431 1507 1528 1542 Cirta
1549 1506 1614 1540 ab·

219 1568 319 1602 esse?
353 1570 541 1603 Praeterea.
574 1580 682 1612 quum
714 1569 1101 1613 plusquamperfectum
1135 1570 1180 1603 ad
1212 1581 1288 1604 rem
1322 1568 1435 1603 reditu
1459 1566 1613 1612 priorem

217 1632 368 1673 spectet,
406 1629 641 1664 clarissimum
676 1633 727 1663 est
759 1630 868 1663 verba
900 1642 964 1674 quo
998 1631 1195 1665 intenderat
1229 1631 1402 1675 pertinere
1434 1628 1479 1663 ad
1511 1638 1613 1662 voces

219 1691 360 1736 negotio
385 1694 558 1735 confecto,
591 1702 637 1724 sc.
665 1689 771 1724 turris
795 1690 1059 1735 expugnandae.
1110 1693 1358 1727 Intendere
1380 1691 1532 1735 aliquid,
1557 1688 1613 1723 vel

218 1752 378 1786 absolute
414 1753 593 1786 intendere
621 1754 675 1785 est
705 1752 917 1795 propositum
952 1751 1100 1794 habere,
1138 1754 1239 1794 velle,
1274 1754 1473 1793 decernere,
1499 1750 1546 1785 οἱ.
1578 1761 1609 1783 c.

217 1813 328 1854 XXV,
362 1812 418 1848 1³.
451 1814 530 1855 CH,
565 1814 601 1847 1.
631 1816 666 1847 et
690 1823 779 1856 quae
804 1810 955 1846 diximus
979 1813 1023 1846 ad
1051 1825 1080 1847 c.
1108 1812 1262 1854 Lxxm
1287 1813 1320 1846 1.
1347 1811 1610 1846 Drakenborch.

217 1873 262 1907 ad
283 1872 358 1907 Liv.
384 1874 526 1915 XXXV,
549 1874 607 1916 11,
632 1874 688 1908 13.
721 1873 907 1906 Ruhnken.
943 1874 988 1907 nd
1017 1873 1159 1908 Terent.
1184 1874 1290 1907 Andr.
1315 1874 1359 1915 n,
1383 1873 1418 1914 2,
1442 1872 1476 1906 6.
1525 1872 1612 1906 Ver-

218 1934 345 1967 borum
372 1935 530 1968 ordinem
556 1934 786 1976 cei—laubias,
819 1935 976 1979 aliquam
1008 1935 1181 1968 librorum
1214 1939 1348 1978 partem
1375 1937 1530 1976 secutus,
1561 1933 1612 1967 sic

218 1995 396 2030 exhibuit:
433 1997 559 2040 insecto
592 1997 757 2042 negotio,
799 2008 863 2040 quo
901 1996 1111 2030 intenderat.
1158 1995 1273 2038 Quem
1303 2005 1365 2028 nos
1389 1994 1546 2031 dedimus
1569 2005 1612 2027 ex

219 2057 393 2092 Cottianis
409 2059 508 2092 codd.
529 2058 690 2093 omnibus
712 2056 956 2100 nonnullisque
980 2058 1068 2091 Itan.
1096 2055 1287 2098 Gerlachii,
1313 2055 1429 2090 verior
1452 2055 1611 2095 videtum

218 2118 349 2163 quippe
373 2119 454 2154 talis
477 2123 552 2162 est,
588 2131 691 2165 quem
717 2118 855 2153 librarii
880 2117 1021 2154 facilius
1045 2118 1080 2152 in
1103 2118 1253 2153 alterum
1277 2120 1472 2159 mutarent,
1502 2125 1610 2160 quam

217 2183 354 2214 contra.

311 2241 448 2275 Sullam
474 2241 526 2275 ab
564 2242 696 2276 Utica
729 2241 869 2286 venire]
902 2242 954 2276 Ab
992 2241 1113 2283 Utica,
1145 2240 1237 2291 quod
1269 2240 1304 2274 in
1336 2239 1498 2273 omnibus
1532 2237 1610 2272 cdd.

218 2303 323 2344 deest,
349 2302 454 2346 primi
479 2302 686 2347 rect-pimus,
714 2314 751 2336 re
776 2303 852 2346 ipsa
877 2307 910 2337 ct
935 2303 1031 2336 codd.
1054 2301 1262 2337 auctoritate
1285 2300 1477 2345 flagitante.
1520 2298 1610 2333 Nam

218 2363 267 2397 itu
292 2368 403 2398 exstat
431 2364 464 2396 in
489 2364 587 2396 codd.
605 2363 786 2398 Castilion.
810 2364 944 2397 duobus
962 2365 1126 2407 I'opnme,
1152 2363 1313 2396 omnibus
1340 2362 1466 2396 Palatt.
1488 2363 1611 2394 octavo

218 2428 374 2467 excepto,
400 2424 561 2458 Arondel.
587 2425 676 2468 ch.
704 2424 778 2457 Vin.
807 2426 838 2457 1.
863 2426 896 2458 2.
925 2425 1031 2469 Ber-g.
1056 2424 1173 2457 Strui'.
1192 2423 1315 2456 Fruuc.
1336 2422 1443 2456 Acud.
1468 2420 1609 2455 Fabric.

219 2483 255 2517 2.
280 2485 399 2518 Gueli'.
425 2485 459 2518 4.
486 2485 521 2518 (i.
546 2485 580 2520 9.
606 2485 660 2518 10.
687 2485 740 2518 ll.
767 2485 823 2518 12.
856 2485 952 2519 Leid.
986 2486 1029 2519 K.
1061 2485 1133 2517 Erl.
1159 2484 1241 2517 Bas.
1266 2483 1300 2516 4.
1326 2483 1413 2516 Tur.
1443 2481 1477 2517 1.
1503 2482 1609 2515 Bern.

218 2544 253 2578 3.
286 2545 393 2581 Misn.
429 2546 571 2587 Gom-L,
603 2546 723 2579 multis
755 2546 868 2587 itast,
902 2546 1094 2591 eodemque
1124 2543 1219 2577 ducit
1251 2547 1412 2587 corrupta
1435 2541 1609 2586 scriptura

217 2605 321 2639 Rem.
358 2607 390 2640 l.
422 2606 456 2639 2.
490 2607 571 2642 Seu.
605 2607 638 2640 1.
675 2607 815 2640 Fabric.
851 2606 884 2639 1.
919 2607 969 2639 ab
1001 2612 1135 2641 tucca
1161 2605 1288 2638 venire.
1337 2605 1383 2639 At
1406 2604 1441 2638 in
1466 2603 1546 2638 sen.
1572 2603 1627 2639 2..

218 2665 344 2701 lleuss.
370 2667 463 2700 vrnt.
493 2667 526 2700 1.
550 2667 582 2700 2.
607 2667 725 2700 Berol.
749 2667 780 2700 1.
806 2665 839 2699 2.
872 2667 1044 2709 scriptum
1070 2670 1121 2699 est
1153 2666 1201 2699 ad
1237 2667 1394 2708 Uticam,
1428 2675 1497 2708 quo
1527 2675 1605 2698 sen-

217 2725 325 2759 tentia
348 2737 414 2758 non
438 2726 552 2760 minus
573 2726 690 2771 inepta
713 2727 878 2767 efficitur,
901 2739 1008 2770 quam
1033 2731 1228 2761 ceterorum
1253 2726 1423 2760 librorum
1449 2725 1606 2766 lectione,

215 2784 276 2828 qui
301 2785 415 2819 verbis
439 2787 483 2820 ab
512 2787 613 2822 Utica
636 2791 766 2824 carent.
811 2787 980 2832 Capitalis
1001 2791 1053 2822 est
1084 2787 1179 2822 enim
1210 2798 1309 2821 error
1333 2785 1477 2820 Gruteri
1501 2789 1606 2829 atque
