1630 3034
496 146 853 192 IUGURTHA.
913 149 1036 193 CAP.
1066 149 1160 191 XL.
1437 152 1523 193 233

141 282 267 311 mero
313 272 548 312 crearetur.
618 265 712 311 Sed
755 266 955 324 quaestio
1000 266 1191 310 exercita
1225 264 1384 325 aspere
1419 267 1554 311 vio-5

142 364 399 422 lenterque,
447 379 502 408 ex
548 378 728 407 rumore
773 369 818 406 et
854 362 1050 406 lubidine
1085 362 1258 421 plebis3
1303 368 1353 406 ut
1387 377 1523 423 saepe

144 460 442 517 nobilitatem,
486 461 547 503 sic
594 475 648 503 ea
692 464 957 520 tempestate
1001 459 1183 519 plebem
1228 474 1283 504 ex
1318 459 1520 504 secundis

143 557 275 600 rebus
309 557 539 601 insolentia
574 563 771 616 ceperat.

143 677 446 711 Drakenborcbins
469 676 625 711 laudavit
645 678 686 719 V,
700 677 735 719 5,
748 678 814 719 Ji.
840 677 920 711 coll.
939 677 1038 711 Serv.
1062 677 1107 711 ad
1127 676 1228 721 Virg.
1250 676 1334 712 Aen.
1348 677 1426 721 XII,
1440 676 1523 712 589.

142 752 187 763 ‘-—
211 739 404 772 Etiamtum
428 738 676 781 explicavimus
700 738 744 772 ad
771 738 846 772 Cat.
869 737 917 779 11,
943 738 976 771 1.
999 758 1044 763 —
1069 739 1254 772 Mamili
1279 739 1461 783 rogatione
1485 743 1523 772 ut

139 799 369 832 scriberemus
392 799 552 833 codicum
575 798 805 842 discrepantia
828 809 890 832 nos
914 799 1106 842 permovit,
1140 810 1228 842 quae
1252 799 1367 843 magis
1390 800 1433 833 ad
1459 812 1522 844 ge-

139 859 302 902 nitivum,
325 871 431 902 quam
455 861 499 894 ad
523 860 687 895 adiectivi
710 861 862 894 formam
885 859 1012 893 ducere
1035 860 1181 895 videtur.
1216 860 1305 894 Nam
1331 861 1421 903 quod
1446 873 1522 904 per—

141 919 244 953 multi
266 920 348 954 libri
371 922 503 955 habent
530 922 742 955 Mamiliana
764 931 863 965 roga,
888 921 1179 963 quemadmodum
1203 921 1309 954 etiam
1334 926 1414 955 ante
1436 923 1523 956 Cor-

142 980 229 1014 tium
253 981 288 1015 in
312 987 407 1015 textu
431 983 520 1024 fuit,
544 982 748 1016 Latinorum
769 981 847 1015 usui
871 992 1009 1024 prorsus
1033 985 1223 1026 repugnat,
1246 982 1305 1025 qui
1330 982 1366 1016 in
1390 985 1524 1029 legibus

141 1041 362 1087 designandis
394 1042 573 1076 adiectivis
604 1043 639 1076 in
670 1044 724 1076 ius
755 1047 891 1076 tantum
924 1043 1127 1075 exeuntibus
1158 1047 1314 1079 utuntur.
1360 1044 1524 1079 Mamilia

142 1102 263 1147 igitur,
286 1108 325 1137 ut
348 1103 483 1137 Curtius
507 1115 547 1137 ex
569 1104 643 1137 solo
668 1103 746 1137 Sen.
770 1103 802 1136 1.
825 1102 972 1145 scripsit,
1001 1113 1069 1135 non
1090 1101 1344 1138 sollicitandum
1367 1107 1468 1149 foret,
1493 1108 1523 1142 si

141 1163 277 1196 maiore
303 1165 401 1197 codd.
426 1164 632 1198 auctoritate
654 1166 833 1198 niteretur.
879 1163 946 1196 Sed
972 1174 1078 1205 quum
1098 1163 1240 1206 plurimi
1267 1165 1350 1199 libri
1373 1167 1524 1203 habeant

147 1223 319 1265 ΜαπιίΙίἰ,
352 1224 415 1258 alii
440 1226 578 1258 Manilii
610 1227 667 1259 vel
691 1227 826 1267 Mallii,
863 1230 957 1269 patet
980 1224 1068 1256 haec
1091 1234 1156 1257 non
1180 1236 1221 1257 ex
1246 1226 1404 1270 legitima
1427 1230 1523 1263 adie-

142 1284 229 1318 ctivi
254 1286 367 1318 forma
394 1285 553 1319 Mamilia
577 1291 652 1320 orta
675 1298 768 1327 esse,
807 1287 866 1320 sed
896 1297 937 1318 ex
960 1284 1116 1328 genitivo
1138 1285 1276 1320 Mamili
1297 1288 1447 1325 fluxisse.
1477 1310 1522 1316 —

141 1346 194 1378 De
218 1346 466 1390 quaesitoribus
490 1346 627 1380 Cottius
650 1348 737 1380 haec
760 1348 833 1380 fere
856 1345 1053 1380 annotavit:
1088 1350 1272 1389 antequam
1297 1348 1396 1383 Sulla
1419 1362 1523 1394 quae-

141 1406 270 1440 stiones
296 1411 477 1450 pcrpetuas
502 1407 723 1441 constitueret
756 1408 864 1451 (quae
892 1411 1007 1440 tamen
1031 1407 1218 1450 aliquando
1243 1409 1340 1452 prius
1363 1410 1398 1444 in
1423 1423 1525 1447 usum

143 1478 286 1508 venere,
323 1468 362 1501 L.
387 1468 512 1501 Pisone
543 1480 573 1502 a.
601 1479 637 1503 u.
662 1468 741 1502 604.
781 1479 812 1502 a.
838 1468 921 1501 Chr.
954 1480 986 1502 n.
1012 1468 1090 1502 140.
1124 1469 1239 1513 legem
1263 1471 1305 1504 de
1327 1474 1526 1515 repetundis

143 1528 292 1572 ferente)
318 1527 351 1561 in
377 1527 599 1572 gravioribus
622 1528 836 1570 criminibus,
862 1529 903 1561 de
928 1528 1053 1572 quibus
1073 1529 1170 1563 nulla
1192 1530 1257 1573 lex,
1282 1536 1343 1565 aut
1356 1544 1424 1565 non
1439 1534 1525 1568 satis

143 1588 302 1622 distincte
327 1593 415 1622 esset
438 1589 527 1628 lata,
552 1587 682 1622 iudicia
705 1589 980 1624 extraordinaria
1003 1590 1292 1634 decernebantur,
1318 1592 1444 1635 quibus
1465 1594 1524 1638 qui

142 1654 326 1693 praeerant
349 1650 559 1693 quaesitores
582 1651 755 1693 appellati.
779 1662 814 1685 v,
840 1651 984 1684 Abram.
1009 1655 1043 1684 et
1067 1652 1196 1687 Graev,
1219 1652 1262 1685 ad
1287 1652 1360 1688 Cic.
1384 1665 1418 1696 p.
1444 1654 1524 1690 Mil.

142 1722 170 1744 c.
196 1710 228 1745 5.
265 1712 491 1745 Ilottomann.
526 1711 570 1744 ad
595 1711 664 1746 Cic.
691 1711 726 1744 in
746 1711 854 1746 Vatic.
889 1723 919 1746 c.
946 1711 1012 1754 11,
1037 1712 1093 1745 25.
1127 1712 1193 1745 His
1216 1712 1304 1745 adde
1326 1713 1523 1747 Ernestium

142 1772 178 1806 in
209 1773 310 1806 Clav.
341 1772 413 1807 Cic.
444 1782 478 1805 v.
508 1773 674 1815 quaestio.
708 1771 872 1805 Heinecc.
896 1772 1033 1814 Antiqq.
1058 1773 1128 1806 lur.
1153 1773 1256 1806 Rom.
1282 1773 1348 1815 IV,
1375 1774 1439 1816 18,
1466 1775 1523 1812 12.

142 1845 176 1876 p.
199 1832 269 1866 752
280 1844 329 1875 sq.
353 1833 405 1865 ed.
432 1832 609 1866 Haubold.
633 1832 767 1866 Mtsch.
792 1833 930 1876 Antiqq.
957 1834 1099 1867 Romm.
1124 1834 1201 1866 vol.
1224 1834 1267 1866 11.
1303 1846 1335 1878 p.
1362 1835 1464 1870 1078.
1490 1840 1525 1870 et

142 1892 315 1936 imprimis
339 1905 372 1936 p.
391 1892 481 1925 1348
497 1904 570 1936 sqq.
607 1893 768 1926 Ceterum
794 1894 908 1927 obiter
931 1895 1121 1928 notandum
1145 1895 1189 1927 ab
1213 1894 1363 1938 antiquis
1387 1897 1524 1939 quaesi-

143 1959 233 1988 tores
256 1953 362 1987 etiam
387 1959 583 1997 quaestores
606 1964 679 1986 esse
702 1959 863 1995 vocatos3
886 1965 919 1987 v.
939 1955 1082 1988 Festum
1105 1966 1139 1987 v.
1160 1955 1296 1988 Parrici
1317 1961 1523 1999 quaestores,

144 2025 176 2057 p.
197 2014 277 2048 121.
305 2015 357 2047 ed.
383 2014 606 2048 Lindemann.
630 2018 665 2047 ct
689 2015 787 2048 Varr.
811 2015 852 2047 de
876 2015 916 2048 L.
937 2015 976 2048 L.
999 2016 1056 2055 lv,
1081 2015 1136 2048 l-l.
1162 2014 1228 2047 Sed
1253 2016 1343 2057 quod
1366 2017 1523 2050 nonnulli

145 2075 242 2108 codd.
267 2075 304 2107 h.
329 2075 353 2108 I.
377 2073 425 2107 ita
449 2074 614 2117 scriptum
640 2075 821 2116 exhibent,
845 2075 977 2108 nullam
1001 2075 1037 2114 jn
1061 2086 1102 2108 ea
1125 2086 1163 2108 re
1187 2075 1289 2108 fidem
1314 2081 1499 2110 merentur.

238 2137 269 2176 ἓ.
294 2134 327 2168 5.
375 2135 528 2178 quaestio
561 2134 723 2177 exercita]
758 2135 852 2168 Male
884 2135 968 2168 olim
991 2135 1157 2169 edebatur
1180 2137 1398 2179 quaestione,
1432 2139 1522 2180 quod

144 2195 318 2228 nonnullis
341 2195 440 2228 libris
463 2195 638 2228 firmatum
658 2195 841 2236 Muellero,
866 2195 896 2229 si
918 2196 1022 2229 modo
1046 2196 1147 2229 colon
1172 2201 1250 2239 post
1269 2198 1379 2240 plebis
1401 2209 1522 2232 vocem

144 2259 310 2299 ponatur-3
344 2266 480 2288 sensnm
505 2267 526 2289 a
548 2255 764 2290 nominativo
789 2268 854 2289 non
881 2256 1054 2289 diversum
1079 2257 1210 2289 habere
1233 2257 1390 2300 videtur3
1423 2260 1523 2302 quasi

146 2327 228 2349 vero
252 2316 489 2348 membrorum
513 2316 649 2350 ratione
670 2328 812 2360 prorsus
845 2316 1032 2350 immutata
1061 2328 1177 2350 sensus
1209 2321 1312 2360 atque
1340 2318 1522 2353 universus

145 2376 310 2410 orationis
333 2376 429 2409 color
451 2376 543 2409 idem
567 2388 640 2409 esse
662 2377 778 2419 possit.
826 2362 892 2410 Sed
918 2377 1049 2409 frustra
1082 2388 1160 2409 cum
1191 2377 1247 2410 liis
1276 2389 1430 2423 pugnes,
1462 2380 1522 2423 qui

146 2442 218 2470 tam
241 2437 334 2469 leves
357 2440 499 2478 tamque
522 2436 662 2469 hebetes
684 2442 761 2471 sunt
784 2436 818 2470 in
841 2437 991 2480 antiquis
1015 2437 1137 2469 litteris
1161 2439 1358 2472 tractandis.
1379 2456 1422 2464 —
1452 2440 1521 2474 Pro

147 2499 299 2532 exercita
323 2502 403 2530 ante
427 2497 584 2529 Cortium
609 2497 788 2541 legebatur
813 2499 1028 2538 exercitata,
1061 2497 1152 2540 quod
1179 2499 1386 2533 Gerlachius
1409 2499 1444 2533 in
1468 2500 1521 2533 ed.

144 2558 228 2592 mai.
251 2559 345 2591 male
368 2558 528 2601 repetiit,
553 2558 685 2591 ratione
708 2560 915 2600 quaenulla
939 2564 1011 2602 est,
1035 2570 1135 2600 usus,
1160 2559 1275 2604 magis
1298 2559 1334 2592 id
1357 2560 1519 2594 Sallusti-

146 2629 232 2652 anae
255 2617 404 2651 orationi
428 2619 620 2652 convenire.
667 2618 735 2652 Sed
758 2623 998 2662 praeterquam
1016 2620 1106 2663 quod
1122 2631 1239 2654 sensus
1257 2622 1406 2654 exercita
1423 2632 1517 2655 com-

146 2679 295 2719 mendat,
320 2689 353 2711 v.
377 2678 421 2712 ad
447 2691 475 2711 c.
502 2679 627 2721 LXXI,
653 2679 686 2712 1.
709 2683 743 2712 et
766 2679 809 2712 ad
834 2679 936 2712 Catil.
954 2681 1013 2718 XI,
1038 2681 1084 2722 1.‚
1110 2681 1267 2714 codicum
1293 2692 1430 2724 quoque
1454 2692 1516 2714 au-

148 2739 291 2774 ctoritas
312 2740 455 2785 eandem
483 2752 558 2773 rem
583 2740 719 2779 suadet;
740 2741 928 2775 exercitata
950 2741 1041 2774 enim
1064 2745 1173 2776 exstat
1187 2741 1232 2779 lin
1246 2741 1366 2776 Viml.
1384 2741 1517 2775 viat-3.
