<?xml version="1.0" encoding="UTF-8"?>
<!DOCTYPE html PUBLIC "-//W3C//DTD XHTML 1.0 Transitional//EN"
    "http://www.w3.org/TR/xhtml1/DTD/xhtml1-transitional.dtd">
<html xmlns="http://www.w3.org/1999/xhtml" xml:lang="en" lang="en">
 <head>
  <title>
</title>
<meta http-equiv="Content-Type" content="text/html;charset=utf-8" />
  <meta name='ocr-system' content='tesseract 3.04.00' />
  <meta name='ocr-capabilities' content='ocr_page ocr_carea ocr_par ocr_line ocrx_word'/>
</head>
<body>
  <div class='ocr_page' id='page_1' title='image "./operaquaesupeappx01salluoft_0430.png"; bbox 0 0 1630 3034; ppageno 0'>
   <div class='ocr_carea' id='block_1_1' title="bbox 114 161 1138 208">
    <p class='ocr_par' dir='ltr' id='par_1_1' title="bbox 114 161 1138 208">
     <span class='ocr_line' id='line_1_1' title="bbox 114 161 1138 208; baseline -0.002 0"><span class='ocrx_word' id='word_1_1' title='bbox 114 167 172 208; x_wconf 75' lang='lat'>54</span> <span class='ocrx_word' id='word_1_2' title='bbox 484 163 529 205; x_wconf 85' lang='lat' dir='ltr'>G.</span> <span class='ocrx_word' id='word_1_3' title='bbox 561 162 884 206; x_wconf 89' lang='lat' dir='ltr'>SALLUSTI</span> <span class='ocrx_word' id='word_1_4' title='bbox 914 161 1138 206; x_wconf 89' lang='lat' dir='ltr'>CRISPI</span> 
     </span>
    </p>
   </div>
   <div class='ocr_carea' id='block_1_2' title="bbox 83 277 1508 822">
    <p class='ocr_par' dir='ltr' id='par_1_2' title="bbox 83 277 1508 822">
     <span class='ocr_line' id='line_1_2' title="bbox 116 277 1504 339; baseline 0.002 -17"><span class='ocrx_word' id='word_1_5' title='bbox 116 293 205 336; x_wconf 88' lang='lat' dir='ltr'>que</span> <span class='ocrx_word' id='word_1_6' title='bbox 236 277 367 321; x_wconf 83' lang='lat' dir='ltr'>armis</span> <span class='ocrx_word' id='word_1_7' title='bbox 410 294 577 339; x_wconf 82' lang='lat' dir='ltr'>cogere</span> <span class='ocrx_word' id='word_1_8' title='bbox 624 293 773 337; x_wconf 88' lang='lat' dir='ltr'>neque</span> <span class='ocrx_word' id='word_1_9' title='bbox 811 294 918 322; x_wconf 86' lang='lat' dir='ltr'>auro</span> <span class='ocrx_word' id='word_1_10' title='bbox 957 294 1120 338; x_wconf 86' lang='lat' dir='ltr'>parare</span> <span class='ocrx_word' id='word_1_11' title='bbox 1152 294 1319 338; x_wconf 86' lang='lat' dir='ltr'>queas;</span> <span class='ocrx_word' id='word_1_12' title='bbox 1352 280 1504 325; x_wconf 88' lang='lat' dir='ltr'>officio</span> 
     </span>
     <span class='ocr_line' id='line_1_3' title="bbox 84 374 1507 434; baseline 0.002 -16"><span class='ocrx_word' id='word_1_13' title='bbox 84 376 167 418; x_wconf 81' lang='lat' dir='ltr'>5et</span> <span class='ocrx_word' id='word_1_14' title='bbox 201 374 293 418; x_wconf 83' lang='lat' dir='ltr'>fide</span> <span class='ocrx_word' id='word_1_15' title='bbox 331 376 579 434; x_wconf 86' lang='lat' dir='ltr'>pariuntur.</span> <span class='ocrx_word' id='word_1_16' title='bbox 651 375 763 431; x_wconf 79' lang='lat' dir='ltr'>Quis</span> <span class='ocrx_word' id='word_1_17' title='bbox 808 382 959 420; x_wconf 87' lang='lat' dir='ltr'>autem</span> <span class='ocrx_word' id='word_1_18' title='bbox 1004 376 1209 432; x_wconf 81' lang='lat' dir='ltr'>amicior,</span> <span class='ocrx_word' id='word_1_19' title='bbox 1245 391 1380 434; x_wconf 91' lang='lat' dir='ltr'>quam</span> <span class='ocrx_word' id='word_1_20' title='bbox 1413 377 1507 421; x_wconf 88' lang='lat' dir='ltr'>fra-</span> 
     </span>
     <span class='ocr_line' id='line_1_4' title="bbox 116 470 1507 530; baseline 0.001 -16"><span class='ocrx_word' id='word_1_21' title='bbox 116 479 185 514; x_wconf 85' lang='lat' dir='ltr'>ter</span> <span class='ocrx_word' id='word_1_22' title='bbox 210 470 365 515; x_wconf 84' lang='lat' dir='ltr'>fratri?</span> <span class='ocrx_word' id='word_1_23' title='bbox 411 479 486 516; x_wconf 83' lang='lat' dir='ltr'>aut</span> <span class='ocrx_word' id='word_1_24' title='bbox 522 487 657 530; x_wconf 89' lang='lat' dir='ltr'>quem</span> <span class='ocrx_word' id='word_1_25' title='bbox 693 473 888 517; x_wconf 84' lang='lat' dir='ltr'>alienum</span> <span class='ocrx_word' id='word_1_26' title='bbox 921 472 1062 516; x_wconf 87' lang='lat' dir='ltr'>fidum</span> <span class='ocrx_word' id='word_1_27' title='bbox 1097 473 1316 530; x_wconf 80' lang='lat' dir='ltr'>invenies,</span> <span class='ocrx_word' id='word_1_28' title='bbox 1353 473 1389 517; x_wconf 82' lang='lat' dir='ltr'>si</span> <span class='ocrx_word' id='word_1_29' title='bbox 1422 474 1507 517; x_wconf 89' lang='lat' dir='ltr'>tuis</span> 
     </span>
     <span class='ocr_line' id='line_1_5' title="bbox 83 566 1508 630; baseline 0.002 -20"><span class='ocrx_word' id='word_1_30' title='bbox 83 566 258 611; x_wconf 76' lang='lat' dir='ltr'>Ghostis</span> <span class='ocrx_word' id='word_1_31' title='bbox 294 568 463 613; x_wconf 82' lang='lat' dir='ltr'>fueris?</span> <span class='ocrx_word' id='word_1_32' title='bbox 498 569 725 627; x_wconf 85' lang='lat' dir='ltr'>Equidem</span> <span class='ocrx_word' id='word_1_33' title='bbox 756 584 845 630; x_wconf 86' lang='lat' dir='ltr'>ego</span> <span class='ocrx_word' id='word_1_34' title='bbox 880 569 1008 614; x_wconf 79' lang='lat' dir='ltr'>vobis</span> <span class='ocrx_word' id='word_1_35' title='bbox 1036 585 1226 630; x_wconf 86' lang='lat' dir='ltr'>regnum</span> <span class='ocrx_word' id='word_1_36' title='bbox 1260 569 1391 613; x_wconf 85' lang='lat' dir='ltr'>trado</span> <span class='ocrx_word' id='word_1_37' title='bbox 1426 570 1508 613; x_wconf 84' lang='lat' dir='ltr'>fir-</span> 
     </span>
     <span class='ocr_line' id='line_1_6' title="bbox 116 665 1507 725; baseline 0.001 -17"><span class='ocrx_word' id='word_1_38' title='bbox 116 679 267 721; x_wconf 87' lang='lat' dir='ltr'>mum,</span> <span class='ocrx_word' id='word_1_39' title='bbox 308 665 345 709; x_wconf 85' lang='lat' dir='ltr'>si</span> <span class='ocrx_word' id='word_1_40' title='bbox 387 666 497 710; x_wconf 85' lang='lat' dir='ltr'>boni</span> <span class='ocrx_word' id='word_1_41' title='bbox 541 666 684 719; x_wconf 78' lang='lat' dir='ltr'>eritis3</span> <span class='ocrx_word' id='word_1_42' title='bbox 738 667 805 710; x_wconf 86' lang='lat' dir='ltr'>sin</span> <span class='ocrx_word' id='word_1_43' title='bbox 851 666 983 725; x_wconf 85' lang='lat' dir='ltr'>mali,</span> <span class='ocrx_word' id='word_1_44' title='bbox 1029 666 1317 710; x_wconf 88' lang='lat' dir='ltr'>imbecillum.</span> <span class='ocrx_word' id='word_1_45' title='bbox 1389 667 1507 710; x_wconf 88' lang='lat' dir='ltr'>Nam</span> 
     </span>
     <span class='ocr_line' id='line_1_7' title="bbox 118 761 1507 822; baseline 0.002 -18"><span class='ocrx_word' id='word_1_46' title='bbox 118 761 361 805; x_wconf 86' lang='lat' dir='ltr'>concordia</span> <span class='ocrx_word' id='word_1_47' title='bbox 403 778 572 822; x_wconf 85' lang='lat' dir='ltr'>parvae</span> <span class='ocrx_word' id='word_1_48' title='bbox 617 779 689 807; x_wconf 86' lang='lat' dir='ltr'>res</span> <span class='ocrx_word' id='word_1_49' title='bbox 737 768 968 822; x_wconf 79' lang='lat' dir='ltr'>crescunt,</span> <span class='ocrx_word' id='word_1_50' title='bbox 1015 762 1238 807; x_wconf 84' lang='lat' dir='ltr'>discordia</span> <span class='ocrx_word' id='word_1_51' title='bbox 1271 779 1507 807; x_wconf 79' lang='lat' dir='ltr'><strong>maxumae</strong></span> 
     </span>
    </p>
   </div>
   <div class='ocr_carea' id='block_1_3' title="bbox 83 856 1510 920">
    <p class='ocr_par' dir='ltr' id='par_1_3' title="bbox 83 856 1510 920">
     <span class='ocr_line' id='line_1_8' title="bbox 83 856 1510 920; baseline 0.003 -20"><span class='ocrx_word' id='word_1_52' title='bbox 83 856 389 905; x_wconf 88' lang='lat' dir='ltr'>7dilabu11tur.</span> <span class='ocrx_word' id='word_1_53' title='bbox 462 859 675 904; x_wconf 81' lang='lat' dir='ltr'>Ceterum</span> <span class='ocrx_word' id='word_1_54' title='bbox 731 865 835 904; x_wconf 87' lang='lat' dir='ltr'>ante</span> <span class='ocrx_word' id='word_1_55' title='bbox 885 859 970 903; x_wconf 81' lang='lat' dir='ltr'>hos</span> <span class='ocrx_word' id='word_1_56' title='bbox 1021 865 1090 915; x_wconf 86' lang='lat' dir='ltr'>te,</span> <span class='ocrx_word' id='word_1_57' title='bbox 1138 860 1384 920; x_wconf 85' lang='lat' dir='ltr'>Iugurtha,</span> <span class='ocrx_word' id='word_1_58' title='bbox 1432 860 1510 919; x_wconf 89' lang='lat' dir='ltr'>qui</span> 
     </span>
    </p>
   </div>
   <div class='ocr_carea' id='block_1_4' title="bbox 116 989 1519 2804">
    <p class='ocr_par' dir='ltr' id='par_1_4' title="bbox 116 989 1510 1223">
     <span class='ocr_line' id='line_1_9' title="bbox 116 989 1508 1037; baseline 0.002 -14"><span class='ocrx_word' id='word_1_59' title='bbox 116 989 229 1035; x_wconf 85' lang='lat' dir='ltr'>igitur</span> <span class='ocrx_word' id='word_1_60' title='bbox 255 993 431 1036; x_wconf 81' lang='lat' dir='ltr'>profecto,</span> <span class='ocrx_word' id='word_1_61' title='bbox 453 1003 560 1036; x_wconf 79' lang='lat' dir='ltr'>sane,</span> <span class='ocrx_word' id='word_1_62' title='bbox 583 1003 673 1036; x_wconf 85' lang='lat' dir='ltr'>quae</span> <span class='ocrx_word' id='word_1_63' title='bbox 695 990 788 1026; x_wconf 84' lang='lat' dir='ltr'>ratio</span> <span class='ocrx_word' id='word_1_64' title='bbox 810 1002 879 1025; x_wconf 91' lang='lat' dir='ltr'>non</span> <span class='ocrx_word' id='word_1_65' title='bbox 910 994 1088 1033; x_wconf 85' lang='lat' dir='ltr'>mutatur,</span> <span class='ocrx_word' id='word_1_66' title='bbox 1126 991 1157 1026; x_wconf 84' lang='lat' dir='ltr'>si</span> <span class='ocrx_word' id='word_1_67' title='bbox 1189 1003 1255 1037; x_wconf 85' lang='lat' dir='ltr'>ego</span> <span class='ocrx_word' id='word_1_68' title='bbox 1277 991 1508 1027; x_wconf 83' lang='lat' dir='ltr'>adiicitur.—</span> 
     </span>
     <span class='ocr_line' id='line_1_10' title="bbox 118 1050 1510 1097; baseline 0.004 -14"><span class='ocrx_word' id='word_1_69' title='bbox 118 1050 201 1094; x_wconf 80' lang='lat' dir='ltr'>Sin,</span> <span class='ocrx_word' id='word_1_70' title='bbox 226 1051 318 1095; x_wconf 89' lang='lat' dir='ltr'>quod</span> <span class='ocrx_word' id='word_1_71' title='bbox 340 1051 403 1086; x_wconf 89' lang='lat' dir='ltr'>ubi</span> <span class='ocrx_word' id='word_1_72' title='bbox 426 1053 509 1096; x_wconf 92' lang='lat' dir='ltr'>poni</span> <span class='ocrx_word' id='word_1_73' title='bbox 543 1054 669 1088; x_wconf 84' lang='lat' dir='ltr'>debeat</span> <span class='ocrx_word' id='word_1_74' title='bbox 691 1053 843 1088; x_wconf 82' lang='lat' dir='ltr'>diximus</span> <span class='ocrx_word' id='word_1_75' title='bbox 866 1052 911 1087; x_wconf 83' lang='lat' dir='ltr'>ad</span> <span class='ocrx_word' id='word_1_76' title='bbox 946 1053 1020 1086; x_wconf 84' lang='lat' dir='ltr'>Cat.</span> <span class='ocrx_word' id='word_1_77' title='bbox 1045 1053 1102 1094; x_wconf 76' lang='lat' dir='ltr'>LI,</span> <span class='ocrx_word' id='word_1_78' title='bbox 1128 1052 1199 1094; x_wconf 65' lang='lat'>24„</span> <span class='ocrx_word' id='word_1_79' title='bbox 1222 1053 1256 1086; x_wconf 92' lang='lat' dir='ltr'>h.</span> <span class='ocrx_word' id='word_1_80' title='bbox 1283 1054 1306 1087; x_wconf 89' lang='lat' dir='ltr'>l.</span> <span class='ocrx_word' id='word_1_81' title='bbox 1333 1058 1510 1097; x_wconf 79' lang='lat' dir='ltr'><strong>praestant</strong></span> 
     </span>
     <span class='ocr_line' id='line_1_11' title="bbox 117 1111 1508 1150; baseline 0.004 -6"><span class='ocrx_word' id='word_1_82' title='bbox 117 1111 195 1147; x_wconf 79' lang='lat' dir='ltr'>Vat.</span> <span class='ocrx_word' id='word_1_83' title='bbox 220 1112 263 1145; x_wconf 78' lang='lat' dir='ltr'>A.</span> <span class='ocrx_word' id='word_1_84' title='bbox 297 1112 377 1147; x_wconf 83' lang='lat' dir='ltr'>Bas.</span> <span class='ocrx_word' id='word_1_85' title='bbox 403 1113 436 1146; x_wconf 95' lang='grc'>1.</span> <span class='ocrx_word' id='word_1_86' title='bbox 469 1113 576 1149; x_wconf 87' lang='lat' dir='ltr'>Fahr.</span> <span class='ocrx_word' id='word_1_87' title='bbox 600 1114 634 1150; x_wconf 93' lang='lat'>1.</span> <span class='ocrx_word' id='word_1_88' title='bbox 668 1115 764 1148; x_wconf 88' lang='lat' dir='ltr'>Leid.</span> <span class='ocrx_word' id='word_1_89' title='bbox 790 1115 828 1148; x_wconf 78' lang='grc' dir='ltr'>[ι.</span> <span class='ocrx_word' id='word_1_90' title='bbox 853 1112 966 1148; x_wconf 82' lang='lat' dir='ltr'>Paris.</span> <span class='ocrx_word' id='word_1_91' title='bbox 991 1114 1027 1148; x_wconf 82' lang='lat' dir='ltr'>b.</span> <span class='ocrx_word' id='word_1_92' title='bbox 1052 1124 1082 1146; x_wconf 90' lang='lat' dir='ltr'>c.</span> <span class='ocrx_word' id='word_1_93' title='bbox 1119 1125 1151 1148; x_wconf 86' lang='lat' dir='ltr'>z.</span> <span class='ocrx_word' id='word_1_94' title='bbox 1178 1114 1297 1149; x_wconf 79' lang='lat' dir='ltr'>Berol.</span> <span class='ocrx_word' id='word_1_95' title='bbox 1322 1114 1357 1148; x_wconf 81' lang='lat'>2.</span> <span class='ocrx_word' id='word_1_96' title='bbox 1392 1115 1508 1149; x_wconf 74' lang='lat' dir='ltr'>Mar-k.</span> 
     </span>
     <span class='ocr_line' id='line_1_12' title="bbox 119 1168 1083 1223; baseline 0.004 -16"><span class='ocrx_word' id='word_1_97' title='bbox 119 1174 162 1207; x_wconf 90' lang='grc' dir='ltr'>Γ.</span> <span class='ocrx_word' id='word_1_98' title='bbox 182 1174 226 1207; x_wconf 92' lang='grc' dir='ltr'>Λ.</span> <span class='ocrx_word' id='word_1_99' title='bbox 251 1176 287 1208; x_wconf 85' lang='lat' dir='ltr'>et</span> <span class='ocrx_word' id='word_1_100' title='bbox 309 1175 468 1223; x_wconf 74' lang='lat' dir='ltr'>nonnulli</span> <span class='ocrx_word' id='word_1_101' title='bbox 491 1175 575 1217; x_wconf 83' lang='lat' dir='ltr'>alii3</span> <span class='ocrx_word' id='word_1_102' title='bbox 600 1175 723 1210; x_wconf 88' lang='lat' dir='ltr'>relicui</span> <span class='ocrx_word' id='word_1_103' title='bbox 750 1176 780 1210; x_wconf 84' lang='grc' dir='ltr'>εἰ</span> <span class='ocrx_word' id='word_1_104' title='bbox 804 1176 947 1210; x_wconf 87' lang='lat' dir='ltr'>habent.</span> <span class='ocrx_word' id='word_1_105' title='bbox 1080 1168 1083 1169; x_wconf 31' lang='lat'><em>⁷</em></span> 
     </span>
    </p>

    <p class='ocr_par' dir='ltr' id='par_1_5' title="bbox 116 1234 1519 2804">
     <span class='ocr_line' id='line_1_13' title="bbox 213 1234 1511 1280; baseline 0.002 -12"><span class='ocrx_word' id='word_1_106' title='bbox 213 1236 246 1277; x_wconf 72' lang='lat'>§-</span> <span class='ocrx_word' id='word_1_107' title='bbox 271 1234 306 1269; x_wconf 76' lang='grc'>7.</span> <span class='ocrx_word' id='word_1_108' title='bbox 349 1240 432 1270; x_wconf 82' lang='lat' dir='ltr'>ante</span> <span class='ocrx_word' id='word_1_109' title='bbox 459 1236 533 1280; x_wconf 78' lang='lat' dir='ltr'><strong><em>hos]</em></strong></span> <span class='ocrx_word' id='word_1_110' title='bbox 560 1239 652 1272; x_wconf 79' lang='lat' dir='ltr'>Ante</span> <span class='ocrx_word' id='word_1_111' title='bbox 674 1238 712 1272; x_wconf 92' lang='lat' dir='ltr'>h.</span> <span class='ocrx_word' id='word_1_112' title='bbox 730 1237 757 1271; x_wconf 84' lang='lat' dir='ltr'>l.</span> <span class='ocrx_word' id='word_1_113' title='bbox 780 1248 848 1272; x_wconf 89' lang='lat' dir='ltr'>non</span> <span class='ocrx_word' id='word_1_114' title='bbox 880 1235 1066 1278; x_wconf 73' lang='lat' dir='ltr'>temporie,</span> <span class='ocrx_word' id='word_1_115' title='bbox 1091 1235 1153 1269; x_wconf 80' lang='lat' dir='ltr'>sed</span> <span class='ocrx_word' id='word_1_116' title='bbox 1175 1234 1334 1279; x_wconf 84' lang='lat' dir='ltr'>priorum</span> <span class='ocrx_word' id='word_1_117' title='bbox 1357 1235 1511 1279; x_wconf 84' lang='lat' dir='ltr'>partium</span> 
     </span>
     <span class='ocr_line' id='line_1_14' title="bbox 116 1295 1511 1340; baseline 0.002 -12"><span class='ocrx_word' id='word_1_118' title='bbox 116 1295 173 1329; x_wconf 86' lang='lat' dir='ltr'>vel</span> <span class='ocrx_word' id='word_1_119' title='bbox 197 1296 432 1339; x_wconf 80' lang='lat' dir='ltr'>praestantiae</span> <span class='ocrx_word' id='word_1_120' title='bbox 455 1297 633 1332; x_wconf 83' lang='lat' dir='ltr'>notionem</span> <span class='ocrx_word' id='word_1_121' title='bbox 656 1298 788 1332; x_wconf 82' lang='lat' dir='ltr'>habere</span> <span class='ocrx_word' id='word_1_122' title='bbox 822 1296 882 1331; x_wconf 83' lang='lat' dir='ltr'>vix</span> <span class='ocrx_word' id='word_1_123' title='bbox 904 1299 956 1330; x_wconf 84' lang='lat' dir='ltr'>est</span> <span class='ocrx_word' id='word_1_124' title='bbox 979 1296 1071 1340; x_wconf 87' lang='lat' dir='ltr'>quod</span> <span class='ocrx_word' id='word_1_125' title='bbox 1095 1300 1289 1330; x_wconf 87' lang='lat' dir='ltr'>moneatur.</span> <span class='ocrx_word' id='word_1_126' title='bbox 1320 1297 1367 1330; x_wconf 79' lang='lat' dir='ltr'>cf.</span> <span class='ocrx_word' id='word_1_127' title='bbox 1393 1301 1511 1331; x_wconf 89' lang='lat' dir='ltr'>tamen</span> 
     </span>
     <span class='ocr_line' id='line_1_15' title="bbox 117 1355 1511 1400; baseline 0.002 -10"><span class='ocrx_word' id='word_1_128' title='bbox 117 1355 163 1390; x_wconf 84' lang='lat' dir='ltr'>ad</span> <span class='ocrx_word' id='word_1_129' title='bbox 187 1355 261 1390; x_wconf 82' lang='lat' dir='ltr'>Cat.</span> <span class='ocrx_word' id='word_1_130' title='bbox 286 1357 376 1398; x_wconf 87' lang='lat' dir='ltr'>Llll,</span> <span class='ocrx_word' id='word_1_131' title='bbox 399 1357 434 1391; x_wconf 88' lang='lat'>3.</span> <span class='ocrx_word' id='word_1_132' title='bbox 459 1362 494 1392; x_wconf 83' lang='lat' dir='ltr'>et</span> <span class='ocrx_word' id='word_1_133' title='bbox 515 1358 633 1393; x_wconf 79' lang='lat' dir='ltr'>Hand.</span> <span class='ocrx_word' id='word_1_134' title='bbox 661 1359 705 1393; x_wconf 82' lang='lat' dir='ltr'>de</span> <span class='ocrx_word' id='word_1_135' title='bbox 728 1358 878 1393; x_wconf 87' lang='lat' dir='ltr'>Particc.</span> <span class='ocrx_word' id='word_1_136' title='bbox 901 1357 980 1392; x_wconf 87' lang='lat' dir='ltr'>Lat.</span> <span class='ocrx_word' id='word_1_137' title='bbox 1001 1357 1078 1391; x_wconf 77' lang='lat' dir='ltr'>Vol.</span> <span class='ocrx_word' id='word_1_138' title='bbox 1100 1357 1127 1391; x_wconf 91' lang='grc' dir='ltr'>Ι.</span> <span class='ocrx_word' id='word_1_139' title='bbox 1152 1369 1186 1400; x_wconf 88' lang='lat' dir='ltr'>p.</span> <span class='ocrx_word' id='word_1_140' title='bbox 1211 1356 1294 1392; x_wconf 78' lang='lat'><strong>386.</strong></span> <span class='ocrx_word' id='word_1_141' title='bbox 1317 1357 1351 1391; x_wconf 83' lang='lat'>3.</span> <span class='ocrx_word' id='word_1_142' title='bbox 1371 1377 1417 1382; x_wconf 94' lang='lat'><strong>—</strong></span> <span class='ocrx_word' id='word_1_143' title='bbox 1441 1359 1511 1393; x_wconf 71' lang='lat' dir='ltr'>Pro</span> 
     </span>
     <span class='ocr_line' id='line_1_16' title="bbox 120 1417 1512 1464; baseline 0.001 -13"><span class='ocrx_word' id='word_1_144' title='bbox 120 1417 199 1461; x_wconf 81' lang='lat' dir='ltr'>qui</span> <span class='ocrx_word' id='word_1_145' title='bbox 223 1422 296 1452; x_wconf 84' lang='lat' dir='ltr'>aet.</span> <span class='ocrx_word' id='word_1_146' title='bbox 313 1423 347 1452; x_wconf 78' lang='lat' dir='ltr'>et</span> <span class='ocrx_word' id='word_1_147' title='bbox 375 1430 450 1462; x_wconf 84' lang='lat' dir='ltr'>sap.</span> <span class='ocrx_word' id='word_1_148' title='bbox 464 1431 519 1464; x_wconf 81' lang='lat' dir='ltr'>pr.</span> <span class='ocrx_word' id='word_1_149' title='bbox 541 1432 575 1454; x_wconf 86' lang='lat' dir='ltr'>es</span> <span class='ocrx_word' id='word_1_150' title='bbox 597 1419 743 1464; x_wconf 83' lang='lat' dir='ltr'>plurimi</span> <span class='ocrx_word' id='word_1_151' title='bbox 766 1420 934 1463; x_wconf 86' lang='lat' dir='ltr'>praebent</span> <span class='ocrx_word' id='word_1_152' title='bbox 957 1418 1041 1452; x_wconf 88' lang='lat' dir='ltr'>libri</span> <span class='ocrx_word' id='word_1_153' title='bbox 1073 1419 1181 1463; x_wconf 79' lang='lat' dir='ltr'>quia</span> <span class='ocrx_word' id='word_1_154' title='bbox 1207 1423 1291 1459; x_wconf 85' lang='lat' dir='ltr'>etc.;</span> <span class='ocrx_word' id='word_1_155' title='bbox 1322 1420 1512 1453; x_wconf 80' lang='lat' dir='ltr'>relativum</span> 
     </span>
     <span class='ocr_line' id='line_1_17' title="bbox 120 1478 1510 1515; baseline 0.003 -4"><span class='ocrx_word' id='word_1_156' title='bbox 120 1481 240 1512; x_wconf 87' lang='lat' dir='ltr'>tamen</span> <span class='ocrx_word' id='word_1_157' title='bbox 271 1482 381 1512; x_wconf 77' lang='lat' dir='ltr'>exstat</span> <span class='ocrx_word' id='word_1_158' title='bbox 414 1479 450 1512; x_wconf 93' lang='lat' dir='ltr'>in</span> <span class='ocrx_word' id='word_1_159' title='bbox 484 1480 597 1514; x_wconf 62' lang='lat' dir='ltr'>vatic.</span> <span class='ocrx_word' id='word_1_160' title='bbox 623 1481 663 1515; x_wconf 81' lang='lat' dir='ltr'>A.</span> <span class='ocrx_word' id='word_1_161' title='bbox 688 1482 803 1515; x_wconf 75' lang='lat' dir='ltr'>Paris.</span> <span class='ocrx_word' id='word_1_162' title='bbox 827 1481 863 1513; x_wconf 89' lang='lat' dir='ltr'>b.</span> <span class='ocrx_word' id='word_1_163' title='bbox 886 1492 917 1514; x_wconf 91' lang='lat' dir='ltr'>c.</span> <span class='ocrx_word' id='word_1_164' title='bbox 936 1490 970 1513; x_wconf 84' lang='lat' dir='ltr'>x.</span> <span class='ocrx_word' id='word_1_165' title='bbox 992 1490 1022 1514; x_wconf 90' lang='lat' dir='ltr'>z.</span> <span class='ocrx_word' id='word_1_166' title='bbox 1060 1478 1251 1513; x_wconf 83' lang='lat' dir='ltr'>Einsiedel.</span> <span class='ocrx_word' id='word_1_167' title='bbox 1285 1480 1404 1514; x_wconf 85' lang='lat' dir='ltr'>Berol.</span> <span class='ocrx_word' id='word_1_168' title='bbox 1425 1481 1457 1515; x_wconf 93' lang='grc'>1.</span> <span class='ocrx_word' id='word_1_169' title='bbox 1476 1481 1510 1515; x_wconf 86' lang='lat'>2.</span> 
     </span>
     <span class='ocr_line' id='line_1_18' title="bbox 121 1538 1512 1585; baseline 0.003 -13"><span class='ocrx_word' id='word_1_170' title='bbox 121 1539 240 1572; x_wconf 80' lang='lat' dir='ltr'>Goerl.</span> <span class='ocrx_word' id='word_1_171' title='bbox 266 1539 344 1573; x_wconf 66' lang='lat' dir='ltr'>Vin.</span> <span class='ocrx_word' id='word_1_172' title='bbox 363 1539 397 1573; x_wconf 78' lang='lat'>2.</span> <span class='ocrx_word' id='word_1_173' title='bbox 422 1540 493 1573; x_wconf 87' lang='lat' dir='ltr'>Inc.</span> <span class='ocrx_word' id='word_1_174' title='bbox 512 1540 543 1573; x_wconf 89' lang='lat'>1.</span> <span class='ocrx_word' id='word_1_175' title='bbox 569 1541 696 1575; x_wconf 86' lang='lat' dir='ltr'>Heuss.</span> <span class='ocrx_word' id='word_1_176' title='bbox 724 1541 842 1575; x_wconf 80' lang='lat' dir='ltr'>Guelf.</span> <span class='ocrx_word' id='word_1_177' title='bbox 866 1541 899 1574; x_wconf 89' lang='lat'>1.</span> <span class='ocrx_word' id='word_1_178' title='bbox 926 1540 960 1573; x_wconf 83' lang='lat'>3.</span> <span class='ocrx_word' id='word_1_179' title='bbox 986 1539 1020 1573; x_wconf 73' lang='lat'>4.</span> <span class='ocrx_word' id='word_1_180' title='bbox 1044 1540 1142 1573; x_wconf 82' lang='lat' dir='ltr'>Vrat.</span> <span class='ocrx_word' id='word_1_181' title='bbox 1167 1540 1200 1574; x_wconf 90' lang='lat'>1.</span> <span class='ocrx_word' id='word_1_182' title='bbox 1225 1538 1259 1573; x_wconf 82' lang='lat'>3.</span> <span class='ocrx_word' id='word_1_183' title='bbox 1284 1540 1512 1585; x_wconf 82' lang='lat' dir='ltr'>omnibusque</span> 
     </span>
     <span class='ocr_line' id='line_1_19' title="bbox 119 1599 1513 1644; baseline 0.002 -10"><span class='ocrx_word' id='word_1_184' title='bbox 119 1599 253 1642; x_wconf 65' lang='lat' dir='ltr'>Leidd„</span> <span class='ocrx_word' id='word_1_185' title='bbox 276 1610 388 1643; x_wconf 85' lang='lat' dir='ltr'>neque</span> <span class='ocrx_word' id='word_1_186' title='bbox 420 1600 565 1634; x_wconf 80' lang='lat' dir='ltr'>difficile</span> <span class='ocrx_word' id='word_1_187' title='bbox 597 1606 648 1636; x_wconf 78' lang='lat' dir='ltr'>est</span> <span class='ocrx_word' id='word_1_188' title='bbox 681 1603 727 1636; x_wconf 84' lang='lat' dir='ltr'>ad</span> <span class='ocrx_word' id='word_1_189' title='bbox 757 1602 944 1635; x_wconf 64' lang='lat' dir='ltr'>videndum</span> <span class='ocrx_word' id='word_1_190' title='bbox 977 1601 1036 1634; x_wconf 84' lang='lat' dir='ltr'>vel</span> <span class='ocrx_word' id='word_1_191' title='bbox 1067 1601 1183 1644; x_wconf 82' lang='lat' dir='ltr'>prima</span> <span class='ocrx_word' id='word_1_192' title='bbox 1211 1602 1385 1642; x_wconf 87' lang='lat' dir='ltr'>sequentis</span> <span class='ocrx_word' id='word_1_193' title='bbox 1415 1603 1513 1637; x_wconf 73' lang='lat' dir='ltr'>vocis</span> 
     </span>
     <span class='ocr_line' id='line_1_20' title="bbox 119 1659 1515 1705; baseline 0.003 -11"><span class='ocrx_word' id='word_1_194' title='bbox 119 1659 237 1694; x_wconf 87' lang='lat' dir='ltr'>littera</span> <span class='ocrx_word' id='word_1_195' title='bbox 271 1661 365 1694; x_wconf 88' lang='lat' dir='ltr'>male</span> <span class='ocrx_word' id='word_1_196' title='bbox 396 1661 595 1705; x_wconf 86' lang='lat' dir='ltr'>geminata,</span> <span class='ocrx_word' id='word_1_197' title='bbox 627 1663 684 1696; x_wconf 83' lang='lat' dir='ltr'>vel</span> <span class='ocrx_word' id='word_1_198' title='bbox 717 1666 755 1697; x_wconf 90' lang='lat' dir='ltr'>ut</span> <span class='ocrx_word' id='word_1_199' title='bbox 787 1661 939 1696; x_wconf 80' lang='lat' dir='ltr'>caussali</span> <span class='ocrx_word' id='word_1_200' title='bbox 972 1659 1146 1704; x_wconf 88' lang='lat' dir='ltr'>particula</span> <span class='ocrx_word' id='word_1_201' title='bbox 1183 1672 1324 1695; x_wconf 86' lang='lat' dir='ltr'>sensum</span> <span class='ocrx_word' id='word_1_202' title='bbox 1355 1662 1515 1698; x_wconf 76' lang='lat' dir='ltr'>iuvarent</span> 
     </span>
     <span class='ocr_line' id='line_1_21' title="bbox 120 1720 1514 1769; baseline 0.003 -15"><span class='ocrx_word' id='word_1_203' title='bbox 120 1721 281 1762; x_wconf 86' lang='lat' dir='ltr'>librarii,</span> <span class='ocrx_word' id='word_1_204' title='bbox 305 1721 459 1756; x_wconf 77' lang='lat' dir='ltr'>auctoris</span> <span class='ocrx_word' id='word_1_205' title='bbox 482 1733 627 1757; x_wconf 84' lang='lat' dir='ltr'>manum</span> <span class='ocrx_word' id='word_1_206' title='bbox 651 1724 879 1768; x_wconf 81' lang='lat' dir='ltr'>depravatam</span> <span class='ocrx_word' id='word_1_207' title='bbox 904 1721 1023 1756; x_wconf 82' lang='lat' dir='ltr'>fuisse.</span> <span class='ocrx_word' id='word_1_208' title='bbox 1071 1720 1271 1755; x_wconf 84' lang='lat' dir='ltr'>Notandum</span> <span class='ocrx_word' id='word_1_209' title='bbox 1295 1727 1428 1765; x_wconf 85' lang='lat' dir='ltr'>tamen,</span> <span class='ocrx_word' id='word_1_210' title='bbox 1455 1726 1514 1769; x_wconf 76' lang='lat' dir='ltr'>qui</span> 
     </span>
     <span class='ocr_line' id='line_1_22' title="bbox 121 1781 1515 1820; baseline 0.004 -5"><span class='ocrx_word' id='word_1_211' title='bbox 121 1793 201 1817; x_wconf 89' lang='lat' dir='ltr'>cum</span> <span class='ocrx_word' id='word_1_212' title='bbox 224 1782 416 1817; x_wconf 83' lang='lat' dir='ltr'>indicativo</span> <span class='ocrx_word' id='word_1_213' title='bbox 440 1784 662 1819; x_wconf 88' lang='lat' dir='ltr'>coniunctum</span> <span class='ocrx_word' id='word_1_214' title='bbox 686 1785 722 1818; x_wconf 90' lang='lat' dir='ltr'>in</span> <span class='ocrx_word' id='word_1_215' title='bbox 746 1783 965 1819; x_wconf 74' lang='lat' dir='ltr'>caussalibus</span> <span class='ocrx_word' id='word_1_216' title='bbox 994 1781 1172 1816; x_wconf 80' lang='lat' dir='ltr'>sententiis</span> <span class='ocrx_word' id='word_1_217' title='bbox 1196 1783 1347 1817; x_wconf 88' lang='lat' dir='ltr'>multum</span> <span class='ocrx_word' id='word_1_218' title='bbox 1371 1784 1515 1820; x_wconf 71' lang='lat' dir='ltr'>diss&#39;errc</span> 
     </span>
     <span class='ocr_line' id='line_1_23' title="bbox 123 1842 1514 1882; baseline 0.005 -6"><span class='ocrx_word' id='word_1_219' title='bbox 123 1853 146 1876; x_wconf 85' lang='lat' dir='ltr'>a</span> <span class='ocrx_word' id='word_1_220' title='bbox 169 1842 402 1877; x_wconf 77' lang='lat' dir='ltr'>subiunctivo.</span> <span class='ocrx_word' id='word_1_221' title='bbox 450 1844 522 1877; x_wconf 85' lang='lat' dir='ltr'>Hic</span> <span class='ocrx_word' id='word_1_222' title='bbox 555 1845 649 1879; x_wconf 85' lang='lat' dir='ltr'>enim</span> <span class='ocrx_word' id='word_1_223' title='bbox 672 1845 796 1879; x_wconf 85' lang='lat' dir='ltr'>modus</span> <span class='ocrx_word' id='word_1_224' title='bbox 820 1849 857 1878; x_wconf 85' lang='lat' dir='ltr'>ut</span> <span class='ocrx_word' id='word_1_225' title='bbox 881 1849 1019 1878; x_wconf 87' lang='lat' dir='ltr'>arctum</span> <span class='ocrx_word' id='word_1_226' title='bbox 1044 1855 1244 1878; x_wconf 74' lang='lat' dir='ltr'>caussarum</span> <span class='ocrx_word' id='word_1_227' title='bbox 1269 1849 1303 1879; x_wconf 84' lang='lat' dir='ltr'>et</span> <span class='ocrx_word' id='word_1_228' title='bbox 1325 1846 1514 1882; x_wconf 76' lang='lat' dir='ltr'>effectuum</span> 
     </span>
     <span class='ocr_line' id='line_1_24' title="bbox 124 1904 1514 1949; baseline 0.004 -12"><span class='ocrx_word' id='word_1_229' title='bbox 124 1915 251 1938; x_wconf 84' lang='lat' dir='ltr'>nexum</span> <span class='ocrx_word' id='word_1_230' title='bbox 272 1904 350 1949; x_wconf 80' lang='lat' dir='ltr'>ipsa</span> <span class='ocrx_word' id='word_1_231' title='bbox 373 1905 542 1939; x_wconf 77' lang='lat' dir='ltr'>orationis</span> <span class='ocrx_word' id='word_1_232' title='bbox 565 1907 680 1941; x_wconf 81' lang='lat' dir='ltr'>forma</span> <span class='ocrx_word' id='word_1_233' title='bbox 702 1906 872 1946; x_wconf 81' lang='lat' dir='ltr'>declarat,</span> <span class='ocrx_word' id='word_1_234' title='bbox 898 1905 948 1939; x_wconf 85' lang='lat' dir='ltr'>ita</span> <span class='ocrx_word' id='word_1_235' title='bbox 971 1905 1160 1939; x_wconf 71' lang='lat' dir='ltr'>indicativo</span> <span class='ocrx_word' id='word_1_236' title='bbox 1172 1905 1285 1949; x_wconf 84' lang='lat' dir='ltr'>posito</span> <span class='ocrx_word' id='word_1_237' title='bbox 1296 1906 1376 1941; x_wconf 79' lang='lat' dir='ltr'>talis</span> <span class='ocrx_word' id='word_1_238' title='bbox 1397 1920 1514 1948; x_wconf 75' lang='lat' dir='ltr'>nexus,</span> 
     </span>
     <span class='ocr_line' id='line_1_25' title="bbox 124 1965 1517 2013; baseline 0.004 -14"><span class='ocrx_word' id='word_1_239' title='bbox 124 1965 285 2009; x_wconf 83' lang='lat' dir='ltr'>quamvis</span> <span class='ocrx_word' id='word_1_240' title='bbox 318 1967 356 2000; x_wconf 87' lang='lat' dir='ltr'>in</span> <span class='ocrx_word' id='word_1_241' title='bbox 383 1967 485 2000; x_wconf 82' lang='lat' dir='ltr'>rebus</span> <span class='ocrx_word' id='word_1_242' title='bbox 517 1966 620 2009; x_wconf 86' lang='lat' dir='ltr'>insit,</span> <span class='ocrx_word' id='word_1_243' title='bbox 660 1967 894 2013; x_wconf 79' lang='lat' dir='ltr'>grammatice</span> <span class='ocrx_word' id='word_1_244' title='bbox 923 1978 992 2001; x_wconf 92' lang='lat' dir='ltr'>non</span> <span class='ocrx_word' id='word_1_245' title='bbox 1024 1966 1254 2012; x_wconf 83' lang='lat' dir='ltr'>significatur.</span> <span class='ocrx_word' id='word_1_246' title='bbox 1302 1968 1517 2012; x_wconf 83' lang='lat' dir='ltr'>Simpliciter</span> 
     </span>
     <span class='ocr_line' id='line_1_26' title="bbox 125 2026 1516 2071; baseline 0.002 -10"><span class='ocrx_word' id='word_1_247' title='bbox 125 2026 218 2061; x_wconf 80' lang='lat' dir='ltr'>enim</span> <span class='ocrx_word' id='word_1_248' title='bbox 250 2026 310 2068; x_wconf 82' lang='lat' dir='ltr'>id,</span> <span class='ocrx_word' id='word_1_249' title='bbox 342 2027 436 2071; x_wconf 88' lang='lat' dir='ltr'>quod</span> <span class='ocrx_word' id='word_1_250' title='bbox 467 2039 626 2063; x_wconf 79' lang='lat' dir='ltr'>caussam</span> <span class='ocrx_word' id='word_1_251' title='bbox 650 2028 793 2063; x_wconf 79' lang='lat' dir='ltr'>alterius</span> <span class='ocrx_word' id='word_1_252' title='bbox 823 2028 875 2062; x_wconf 87' lang='lat' dir='ltr'>rei</span> <span class='ocrx_word' id='word_1_253' title='bbox 899 2027 1072 2070; x_wconf 86' lang='lat' dir='ltr'>continet,</span> <span class='ocrx_word' id='word_1_254' title='bbox 1105 2031 1270 2070; x_wconf 86' lang='lat' dir='ltr'>tanquam</span> <span class='ocrx_word' id='word_1_255' title='bbox 1293 2029 1425 2064; x_wconf 80' lang='lat' dir='ltr'>factum</span> <span class='ocrx_word' id='word_1_256' title='bbox 1448 2031 1516 2064; x_wconf 87' lang='lat' dir='ltr'>ali-</span> 
     </span>
     <span class='ocr_line' id='line_1_27' title="bbox 124 2086 1514 2134; baseline 0.002 -12"><span class='ocrx_word' id='word_1_257' title='bbox 124 2088 218 2131; x_wconf 78' lang='lat' dir='ltr'>quod</span> <span class='ocrx_word' id='word_1_258' title='bbox 240 2086 338 2122; x_wconf 85' lang='lat' dir='ltr'>iuxta</span> <span class='ocrx_word' id='word_1_259' title='bbox 370 2087 468 2123; x_wconf 85' lang='lat' dir='ltr'>illam</span> <span class='ocrx_word' id='word_1_260' title='bbox 500 2101 595 2132; x_wconf 84' lang='lat' dir='ltr'>rem,</span> <span class='ocrx_word' id='word_1_261' title='bbox 627 2101 735 2134; x_wconf 89' lang='lat' dir='ltr'>quam</span> <span class='ocrx_word' id='word_1_262' title='bbox 758 2090 802 2125; x_wconf 84' lang='lat' dir='ltr'>ad</span> <span class='ocrx_word' id='word_1_263' title='bbox 826 2099 987 2124; x_wconf 79' lang='lat' dir='ltr'>caussam</span> <span class='ocrx_word' id='word_1_264' title='bbox 1009 2099 1111 2122; x_wconf 80' lang='lat' dir='ltr'>suam</span> <span class='ocrx_word' id='word_1_265' title='bbox 1134 2088 1259 2122; x_wconf 70' lang='lat' dir='ltr'>roten-i</span> <span class='ocrx_word' id='word_1_266' title='bbox 1282 2090 1360 2123; x_wconf 79' lang='lat' dir='ltr'>vult</span> <span class='ocrx_word' id='word_1_267' title='bbox 1382 2095 1514 2134; x_wconf 81' lang='lat' dir='ltr'>auctor,</span> 
     </span>
     <span class='ocr_line' id='line_1_28' title="bbox 125 2148 1518 2195; baseline 0.002 -12"><span class='ocrx_word' id='word_1_268' title='bbox 125 2150 340 2191; x_wconf 83' lang='lat' dir='ltr'>collocatur,</span> <span class='ocrx_word' id='word_1_269' title='bbox 372 2149 444 2192; x_wconf 86' lang='lat' dir='ltr'>ita,</span> <span class='ocrx_word' id='word_1_270' title='bbox 483 2155 544 2192; x_wconf 87' lang='lat' dir='ltr'>ut,</span> <span class='ocrx_word' id='word_1_271' title='bbox 583 2151 643 2195; x_wconf 91' lang='lat' dir='ltr'>qui</span> <span class='ocrx_word' id='word_1_272' title='bbox 684 2151 774 2185; x_wconf 76' lang='lat' dir='ltr'>inter</span> <span class='ocrx_word' id='word_1_273' title='bbox 804 2154 990 2194; x_wconf 82' lang='lat' dir='ltr'>utramque</span> <span class='ocrx_word' id='word_1_274' title='bbox 1023 2160 1100 2182; x_wconf 88' lang='lat' dir='ltr'>rem</span> <span class='ocrx_word' id='word_1_275' title='bbox 1132 2148 1323 2183; x_wconf 76' lang='lat' dir='ltr'>intercedat</span> <span class='ocrx_word' id='word_1_276' title='bbox 1350 2153 1518 2186; x_wconf 74' lang='lat' dir='ltr'>mussans</span> 
     </span>
     <span class='ocr_line' id='line_1_29' title="bbox 125 2209 1516 2258; baseline 0.002 -14"><span class='ocrx_word' id='word_1_277' title='bbox 125 2222 253 2252; x_wconf 80' lang='lat' dir='ltr'>nexus,</span> <span class='ocrx_word' id='word_1_278' title='bbox 287 2210 437 2255; x_wconf 71' lang='lat' dir='ltr'>legentis</span> <span class='ocrx_word' id='word_1_279' title='bbox 469 2211 526 2244; x_wconf 82' lang='lat' dir='ltr'>vel</span> <span class='ocrx_word' id='word_1_280' title='bbox 554 2211 726 2246; x_wconf 80' lang='lat' dir='ltr'>audientis</span> <span class='ocrx_word' id='word_1_281' title='bbox 748 2212 878 2246; x_wconf 87' lang='lat' dir='ltr'>iudicio</span> <span class='ocrx_word' id='word_1_282' title='bbox 901 2211 1092 2245; x_wconf 85' lang='lat' dir='ltr'>eruendum</span> <span class='ocrx_word' id='word_1_283' title='bbox 1116 2209 1342 2253; x_wconf 85' lang='lat' dir='ltr'>relinquatur.</span> <span class='ocrx_word' id='word_1_284' title='bbox 1369 2212 1416 2246; x_wconf 79' lang='lat' dir='ltr'>cf.</span> <span class='ocrx_word' id='word_1_285' title='bbox 1438 2214 1516 2258; x_wconf 80' lang='lat' dir='ltr'>lug.</span> 
     </span>
     <span class='ocr_line' id='line_1_30' title="bbox 124 2271 1517 2317; baseline -0.001 -11"><span class='ocrx_word' id='word_1_286' title='bbox 124 2272 301 2312; x_wconf 69' lang='lat' dir='ltr'><strong>LXXXV,</strong></span> <span class='ocrx_word' id='word_1_287' title='bbox 323 2271 358 2305; x_wconf 87' lang='grc'>9.</span> <span class='ocrx_word' id='word_1_288' title='bbox 406 2271 518 2312; x_wconf 75' lang='lat' dir='ltr'>Mihi,</span> <span class='ocrx_word' id='word_1_289' title='bbox 552 2273 631 2316; x_wconf 79' lang='lat' dir='ltr'>qui</span> <span class='ocrx_word' id='word_1_290' title='bbox 663 2284 796 2306; x_wconf 77' lang='lat' dir='ltr'>omnem</span> <span class='ocrx_word' id='word_1_291' title='bbox 834 2277 989 2307; x_wconf 80' lang='lat' dir='ltr'>aetatem</span> <span class='ocrx_word' id='word_1_292' title='bbox 1014 2273 1050 2306; x_wconf 78' lang='lat' dir='ltr'>in</span> <span class='ocrx_word' id='word_1_293' title='bbox 1086 2272 1234 2316; x_wconf 78' lang='lat' dir='ltr'>optumis</span> <span class='ocrx_word' id='word_1_294' title='bbox 1258 2271 1394 2305; x_wconf 75' lang='lat' dir='ltr'>artibus</span> <span class='ocrx_word' id='word_1_295' title='bbox 1428 2273 1517 2317; x_wconf 77' lang='lat' dir='ltr'>egi,</span> 
     </span>
     <span class='ocr_line' id='line_1_31' title="bbox 129 2331 1517 2376; baseline -0.001 -10"><span class='ocrx_word' id='word_1_296' title='bbox 129 2333 212 2367; x_wconf 82' lang='lat' dir='ltr'>bene</span> <span class='ocrx_word' id='word_1_297' title='bbox 229 2334 352 2376; x_wconf 79' lang='lat' dir='ltr'>facere</span> <span class='ocrx_word' id='word_1_298' title='bbox 376 2332 448 2365; x_wconf 74' lang='lat' dir='ltr'>iam</span> <span class='ocrx_word' id='word_1_299' title='bbox 481 2333 519 2366; x_wconf 80' lang='lat' dir='ltr'>in</span> <span class='ocrx_word' id='word_1_300' title='bbox 550 2338 716 2367; x_wconf 79' lang='lat' dir='ltr'>naturam</span> <span class='ocrx_word' id='word_1_301' title='bbox 747 2333 864 2367; x_wconf 77' lang='lat' dir='ltr'>vertit.</span> <span class='ocrx_word' id='word_1_302' title='bbox 901 2332 975 2369; x_wconf 90' lang='lat' dir='ltr'>Cic.</span> <span class='ocrx_word' id='word_1_303' title='bbox 999 2333 1101 2366; x_wconf 82' lang='lat' dir='ltr'>Brut.</span> <span class='ocrx_word' id='word_1_304' title='bbox 1126 2344 1156 2368; x_wconf 87' lang='lat' dir='ltr'>c.</span> <span class='ocrx_word' id='word_1_305' title='bbox 1182 2332 1241 2373; x_wconf 76' lang='lat'>96,</span> <span class='ocrx_word' id='word_1_306' title='bbox 1264 2331 1345 2365; x_wconf 79' lang='grc'><strong>329.</strong></span> <span class='ocrx_word' id='word_1_307' title='bbox 1394 2333 1517 2366; x_wconf 78' lang='lat' dir='ltr'>Fortu-</span> 
     </span>
     <span class='ocr_line' id='line_1_32' title="bbox 128 2393 1518 2439; baseline 0.001 -13"><span class='ocrx_word' id='word_1_308' title='bbox 128 2398 233 2428; x_wconf 73' lang='lat' dir='ltr'>natus</span> <span class='ocrx_word' id='word_1_309' title='bbox 259 2393 437 2428; x_wconf 63' lang='lat' dir='ltr'>Hor-:emis</span> <span class='ocrx_word' id='word_1_310' title='bbox 459 2393 592 2435; x_wconf 78' lang='lat' dir='ltr'>exitus,</span> <span class='ocrx_word' id='word_1_311' title='bbox 617 2395 692 2439; x_wconf 79' lang='lat' dir='ltr'>qui</span> <span class='ocrx_word' id='word_1_312' title='bbox 716 2406 759 2428; x_wconf 84' lang='lat' dir='ltr'>ca</span> <span class='ocrx_word' id='word_1_313' title='bbox 783 2405 852 2427; x_wconf 77' lang='lat' dir='ltr'>noa</span> <span class='ocrx_word' id='word_1_314' title='bbox 874 2394 997 2428; x_wconf 74' lang='lat' dir='ltr'>vidit</span> <span class='ocrx_word' id='word_1_315' title='bbox 1021 2404 1125 2438; x_wconf 81' lang='lat' dir='ltr'>quum</span> <span class='ocrx_word' id='word_1_316' title='bbox 1140 2394 1294 2437; x_wconf 77' lang='lat' dir='ltr'>fierent,</span> <span class='ocrx_word' id='word_1_317' title='bbox 1325 2404 1415 2438; x_wconf 76' lang='lat' dir='ltr'>quae</span> <span class='ocrx_word' id='word_1_318' title='bbox 1432 2404 1518 2438; x_wconf 78' lang='lat' dir='ltr'>pro-</span> 
     </span>
     <span class='ocr_line' id='line_1_33' title="bbox 128 2453 1508 2499; baseline 0 -11"><span class='ocrx_word' id='word_1_319' title='bbox 128 2455 218 2489; x_wconf 76' lang='lat' dir='ltr'>vidit</span> <span class='ocrx_word' id='word_1_320' title='bbox 243 2454 399 2498; x_wconf 77' lang='lat' dir='ltr'>sutura?</span> <span class='ocrx_word' id='word_1_321' title='bbox 433 2453 480 2487; x_wconf 79' lang='lat' dir='ltr'>id.</span> <span class='ocrx_word' id='word_1_322' title='bbox 515 2465 549 2498; x_wconf 86' lang='lat' dir='ltr'>p.</span> <span class='ocrx_word' id='word_1_323' title='bbox 583 2454 678 2490; x_wconf 81' lang='lat' dir='ltr'>Sext.</span> <span class='ocrx_word' id='word_1_324' title='bbox 701 2467 731 2489; x_wconf 87' lang='lat' dir='ltr'>c.</span> <span class='ocrx_word' id='word_1_325' title='bbox 758 2454 818 2497; x_wconf 80' lang='lat'>80,</span> <span class='ocrx_word' id='word_1_326' title='bbox 839 2455 898 2489; x_wconf 59' lang='grc' dir='ltr'>δὲ.</span> <span class='ocrx_word' id='word_1_327' title='bbox 948 2455 999 2488; x_wconf 86' lang='lat' dir='ltr'>Dc</span> <span class='ocrx_word' id='word_1_328' title='bbox 1021 2455 1144 2498; x_wconf 74' lang='lat' dir='ltr'>Cyprio</span> <span class='ocrx_word' id='word_1_329' title='bbox 1170 2464 1255 2499; x_wconf 79' lang='lat' dir='ltr'>rege</span> <span class='ocrx_word' id='word_1_330' title='bbox 1283 2459 1508 2498; x_wconf 74' lang='lat' dir='ltr'>quererentur</span> 
     </span>
     <span class='ocr_line' id='line_1_34' title="bbox 130 2516 1519 2560; baseline -0.001 -11"><span class='ocrx_word' id='word_1_331' title='bbox 130 2516 205 2560; x_wconf 79' lang='lat' dir='ltr'>qui</span> <span class='ocrx_word' id='word_1_332' title='bbox 229 2527 282 2549; x_wconf 83' lang='lat' dir='ltr'>me</span> <span class='ocrx_word' id='word_1_333' title='bbox 304 2535 348 2542; x_wconf 87' lang='lat'>—</span> <span class='ocrx_word' id='word_1_334' title='bbox 371 2527 441 2549; x_wconf 79' lang='lat' dir='ltr'>non</span> <span class='ocrx_word' id='word_1_335' title='bbox 463 2516 565 2549; x_wconf 78' lang='lat' dir='ltr'>modo</span> <span class='ocrx_word' id='word_1_336' title='bbox 588 2527 658 2550; x_wconf 76' lang='lat' dir='ltr'>non</span> <span class='ocrx_word' id='word_1_337' title='bbox 681 2516 1014 2559; x_wconf 78' lang='lat' dir='ltr'>defenderunt,</span> <span class='ocrx_word' id='word_1_338' title='bbox 1040 2516 1099 2549; x_wconf 74' lang='lat' dir='ltr'>sed</span> <span class='ocrx_word' id='word_1_339' title='bbox 1123 2526 1169 2549; x_wconf 78' lang='lat' dir='ltr'>nc</span> <span class='ocrx_word' id='word_1_340' title='bbox 1189 2516 1359 2549; x_wconf 73' lang='lat' dir='ltr'>iacentem</span> <span class='ocrx_word' id='word_1_341' title='bbox 1381 2516 1519 2559; x_wconf 80' lang='lat' dir='ltr'>quidem</span> 
     </span>
     <span class='ocr_line' id='line_1_35' title="bbox 129 2576 1517 2621; baseline 0 -12"><span class='ocrx_word' id='word_1_342' title='bbox 129 2581 297 2621; x_wconf 71' lang='lat' dir='ltr'>protes</span> <span class='ocrx_word' id='word_1_343' title='bbox 310 2576 474 2611; x_wconf 77' lang='lat' dir='ltr'>erunt?</span> <span class='ocrx_word' id='word_1_344' title='bbox 507 2577 550 2609; x_wconf 80' lang='lat' dir='ltr'>de</span> <span class='ocrx_word' id='word_1_345' title='bbox 582 2589 650 2619; x_wconf 82' lang='lat' dir='ltr'>quo</span> <span class='ocrx_word' id='word_1_346' title='bbox 681 2577 759 2611; x_wconf 82' lang='lat' dir='ltr'>loco</span> <span class='ocrx_word' id='word_1_347' title='bbox 792 2589 824 2610; x_wconf 82' lang='lat' dir='ltr'>v.</span> <span class='ocrx_word' id='word_1_348' title='bbox 854 2579 916 2611; x_wconf 70' lang='lat'><strong>1⁴:1¹.</strong></span> <span class='ocrx_word' id='word_1_349' title='bbox 945 2578 1159 2611; x_wconf 67' lang='lat' dir='ltr'>Wunder-um</span> <span class='ocrx_word' id='word_1_350' title='bbox 1185 2577 1220 2610; x_wconf 88' lang='lat' dir='ltr'>in</span> <span class='ocrx_word' id='word_1_351' title='bbox 1243 2576 1357 2610; x_wconf 80' lang='lat' dir='ltr'>lnhnii</span> <span class='ocrx_word' id='word_1_352' title='bbox 1381 2577 1517 2610; x_wconf 73' lang='lat' dir='ltr'>Annali.</span> 
     </span>
     <span class='ocr_line' id='line_1_36' title="bbox 132 2636 1517 2683; baseline -0.001 -12"><span class='ocrx_word' id='word_1_353' title='bbox 132 2636 260 2672; x_wconf 84' lang='lat' dir='ltr'>Philol.</span> <span class='ocrx_word' id='word_1_354' title='bbox 285 2641 321 2671; x_wconf 82' lang='lat' dir='ltr'>et</span> <span class='ocrx_word' id='word_1_355' title='bbox 343 2638 496 2682; x_wconf 77' lang='lat' dir='ltr'>l‘aedag.</span> <span class='ocrx_word' id='word_1_356' title='bbox 525 2649 560 2671; x_wconf 85' lang='lat' dir='ltr'>a.</span> <span class='ocrx_word' id='word_1_357' title='bbox 585 2638 689 2671; x_wconf 72' lang='lat'><strong>1827.</strong></span> <span class='ocrx_word' id='word_1_358' title='bbox 713 2639 759 2674; x_wconf 88' lang='lat' dir='ltr'>T.</span> <span class='ocrx_word' id='word_1_359' title='bbox 776 2639 837 2674; x_wconf 89' lang='grc' dir='ltr'>ΙΙΙ.</span> <span class='ocrx_word' id='word_1_360' title='bbox 863 2639 902 2672; x_wconf 72' lang='lat' dir='ltr'>F.</span> <span class='ocrx_word' id='word_1_361' title='bbox 918 2639 951 2671; x_wconf 74' lang='lat'>2.</span> <span class='ocrx_word' id='word_1_362' title='bbox 982 2652 1014 2683; x_wconf 83' lang='lat' dir='ltr'>p.</span> <span class='ocrx_word' id='word_1_363' title='bbox 1032 2638 1110 2673; x_wconf 67' lang='grc'>147.</span> <span class='ocrx_word' id='word_1_364' title='bbox 1138 2639 1224 2682; x_wconf 74' lang='grc' dir='ltr'><strong>Ιὴιμ.</strong></span> <span class='ocrx_word' id='word_1_365' title='bbox 1249 2637 1293 2671; x_wconf 86' lang='lat' dir='ltr'>nd</span> <span class='ocrx_word' id='word_1_366' title='bbox 1319 2637 1458 2671; x_wconf 82' lang='lat' dir='ltr'>Famm.</span> <span class='ocrx_word' id='word_1_367' title='bbox 1479 2638 1517 2674; x_wconf 69' lang='lat' dir='ltr'>V,</span> 
     </span>
     <span class='ocr_line' id='line_1_37' title="bbox 132 2697 1518 2743; baseline 0.002 -13"><span class='ocrx_word' id='word_1_368' title='bbox 132 2698 190 2741; x_wconf 77' lang='lat'>12,</span> <span class='ocrx_word' id='word_1_369' title='bbox 209 2698 266 2731; x_wconf 76' lang='lat'>28.</span> <span class='ocrx_word' id='word_1_370' title='bbox 292 2699 375 2731; x_wconf 76' lang='lat' dir='ltr'>Ter.</span> <span class='ocrx_word' id='word_1_371' title='bbox 393 2699 520 2733; x_wconf 76' lang='lat' dir='ltr'>fleant.</span> <span class='ocrx_word' id='word_1_372' title='bbox 545 2700 607 2739; x_wconf 80' lang='lat' dir='ltr'>ul,</span> <span class='ocrx_word' id='word_1_373' title='bbox 623 2699 659 2741; x_wconf 83' lang='lat'>3,</span> <span class='ocrx_word' id='word_1_374' title='bbox 679 2699 734 2733; x_wconf 76' lang='lat'>28.</span> <span class='ocrx_word' id='word_1_375' title='bbox 786 2700 843 2733; x_wconf 78' lang='grc' dir='ltr'>1)ἰί</span> <span class='ocrx_word' id='word_1_376' title='bbox 862 2704 896 2733; x_wconf 80' lang='lat' dir='ltr'>te</span> <span class='ocrx_word' id='word_1_377' title='bbox 914 2701 1103 2741; x_wconf 74' lang='lat' dir='ltr'>eradicent,</span> <span class='ocrx_word' id='word_1_378' title='bbox 1128 2702 1224 2743; x_wconf 75' lang='lat' dir='ltr'>Syre,</span> <span class='ocrx_word' id='word_1_379' title='bbox 1249 2697 1326 2742; x_wconf 74' lang='lat' dir='ltr'>qui</span> <span class='ocrx_word' id='word_1_380' title='bbox 1349 2708 1403 2730; x_wconf 83' lang='lat' dir='ltr'>mc</span> <span class='ocrx_word' id='word_1_381' title='bbox 1419 2697 1518 2730; x_wconf 68' lang='lat' dir='ltr'>istinc</span> 
     </span>
     <span class='ocr_line' id='line_1_38' title="bbox 135 2756 1519 2804; baseline -0.002 -10"><span class='ocrx_word' id='word_1_382' title='bbox 135 2760 364 2797; x_wconf 66' lang='lat' dir='ltr'>extrudis.</span> <span class='ocrx_word' id='word_1_383' title='bbox 414 2760 565 2794; x_wconf 76' lang='lat' dir='ltr'>Omnino</span> <span class='ocrx_word' id='word_1_384' title='bbox 598 2759 704 2804; x_wconf 79' lang='lat' dir='ltr'>digna</span> <span class='ocrx_word' id='word_1_385' title='bbox 737 2765 815 2794; x_wconf 74' lang='lat' dir='ltr'>nunt</span> <span class='ocrx_word' id='word_1_386' title='bbox 839 2770 929 2802; x_wconf 76' lang='lat' dir='ltr'>quau</span> <span class='ocrx_word' id='word_1_387' title='bbox 962 2758 1004 2793; x_wconf 84' lang='lat' dir='ltr'>dc</span> <span class='ocrx_word' id='word_1_388' title='bbox 1035 2769 1077 2794; x_wconf 82' lang='lat' dir='ltr'>ca</span> <span class='ocrx_word' id='word_1_389' title='bbox 1101 2770 1138 2793; x_wconf 78' lang='lat' dir='ltr'>rc</span> <span class='ocrx_word' id='word_1_390' title='bbox 1170 2757 1388 2794; x_wconf 69' lang='lat' dir='ltr'>ascribantur</span> <span class='ocrx_word' id='word_1_391' title='bbox 1410 2756 1519 2791; x_wconf 75' lang='lat' dir='ltr'>verba</span> 
     </span>
    </p>
   </div>
  </div>
 </body>
</html>
