1630 3034
125 155 182 194 22
503 149 550 191 C.
581 149 909 192 SALLUSTI
938 149 1159 193 CRISPI

126 267 169 310 in
218 273 421 310 senatum
466 267 780 326 pervenerint,
837 266 1047 327 profecto
1094 266 1406 310 existimabunt
1449 281 1523 311 me

126 362 272 422 magis
303 362 461 406 merito
480 353 635 421 *quam
669 363 850 424 ignaw‘a
883 363 1097 407 iudicium
1133 363 1267 406 animi
1305 363 1393 406 mei
1423 377 1524 406 mu-

127 459 317 517 tavisse,
353 459 586 518 maiusque
621 460 911 504 commodum
946 475 1001 504 ex
1035 460 1130 504 otio
1164 474 1268 504 meo
1303 473 1442 518 quam
1471 473 1527 509 ex,

127 611 249 646 eadem
282 612 526 648 enunciatione
558 614 708 649 mutavit
740 615 849 649 etiam
881 615 955 649 Cic.
987 615 1075 659 Epp.
1108 614 1153 649 atl
1185 613 1290 648 Attio.
1321 614 1358 655 1,
1382 613 1416 647 1.
1439 616 1525 647 extr.

133 673 237 707 Vides
260 674 371 716 enim,
404 676 440 709 in
458 686 522 719 quo
544 687 647 709 cursu
671 687 847 718 sumus,
872 682 906 710 et
923 687 1030 720 quam
1052 687 1168 709 omnes
1185 675 1325 720 gratias
1340 686 1408 707 non
1426 674 1527 707 moda

126 735 342 779 retinendas,
364 737 612 772 verumetiam
633 737 862 781 acquirendas
882 741 1110 781 putemus.
1157 736 1303 770 Poterat
1325 745 1408 768 sane
1432 733 1527 767 dice—

127 806 165 828 re
188 796 316 837 simus,
348 796 408 830 sed
432 800 470 831 ut
493 809 612 831 rerum
636 797 897 838 condicionem,
927 796 1042 841 qualis
1065 800 1141 831 tum
1164 799 1259 837 erat,
1292 795 1396 839 plane
1425 805 1529 838 prae-

126 860 261 895 sentem
285 856 447 898 sisteret,
471 869 589 891 sumus
612 857 799 901 praetulit:
827 856 966 901 gratiae
991 869 1075 891 vero
1099 857 1255 891 studium
1278 860 1448 900 quantum
1473 866 1528 889 es—

126 920 178 951 set
201 917 284 960 quia
304 917 442 952 Atticus
466 918 654 963 cogitando
678 922 814 952 tantum
840 917 979 961 assequi
1009 921 1168 961 poterat,
1199 928 1313 960 neque
1336 916 1431 950 enim
1453 918 1528 948 stu-

126 977 177 1011 dii
209 978 416 1023 magnitudo
449 990 511 1022 per
541 990 578 1012 se
607 982 721 1022 potest
752 978 924 1022 spectari,
958 989 1026 1011 non
1059 982 1196 1021 poterat
1218 977 1286 1012 nisi
1309 975 1530 1010 coniunctivo

127 1040 313 1075 declarari.
361 1040 459 1073 Cael.
494 1039 558 1082 (in
582 1039 656 1072 Cic.
682 1039 772 1082 Epp.
798 1038 843 1072 ad
867 1039 1007 1072 Famm.
1030 1037 1095 1073 lib.
1123 1037 1242 1081 vlu.)
1278 1039 1343 1081 Ep.
1366 1037 1396 1079 1,
1420 1036 1453 1070 4.
1491 1036 1530 1071 ss·

127 1101 211 1145 quid
230 1102 344 1134 maius
365 1105 480 1134 actum
502 1099 588 1141 erit,
614 1104 648 1133 et
667 1100 955 1143 quemadmodum
979 1103 1134 1132 actum
1160 1099 1246 1138 sit,
1281 1103 1315 1132 et
1341 1108 1432 1141 quae
1457 1097 1529 1130 exi-

129 1162 283 1196 stimatio
312 1167 451 1202 secuta,
484 1171 642 1205 quaeque
661 1160 705 1194 de
727 1172 765 1194 eo
786 1171 864 1204 spes
888 1165 955 1194 est
979 1160 1170 1205 diligenter
1187 1159 1251 1193 tibi
1267 1158 1527 1202 perscribemus.

128 1220 211 1254 Ter.
236 1222 344 1255 Andr.
367 1222 426 1263 lv,
451 1221 485 1262 1,
513 1221 571 1255 26.
599 1220 721 1255 Nescis
743 1221 883 1266 quantis
907 1220 944 1253 in
963 1221 1066 1254 malis
1090 1231 1248 1253 verser
1269 1219 1394 1259 miser,
1417 1229 1531 1262 quan-
1551 1220 1557 1226 '

128 1288 247 1326 eosque
275 1283 330 1317 hic
356 1283 428 1317 suis
453 1282 605 1316 consiliis
627 1281 716 1316 mihi
742 1281 946 1324 confecit
969 1281 1240 1320 sollicitudines3
1273 1279 1401 1323 quippe
1423 1278 1531 1313 Pam-

128 1343 249 1385 philus
280 1342 510 1377 commotiore
541 1342 660 1376 animo
690 1344 784 1376 totus
819 1346 873 1375 est
906 1341 942 1374 in
972 1343 1079 1376 rebus
1102 1340 1253 1375 miseris.
1299 1339 1414 1375 Rutil.
1439 1339 1529 1382 Lup.

127 1403 170 1445 11,
195 1402 229 1436 8.
256 1416 290 1447 p.
314 1404 393 1437 112.
423 1405 579 1446 Quaeres
603 1416 627 1437 a
657 1414 732 1444 me,
756 1414 822 1447 quo
852 1403 928 1436 iure
957 1403 1110 1436 obtinere
1132 1401 1323 1445 possim,
1359 1411 1425 1445 quo
1454 1400 1531 1433 iure

128 1463 216 1496 mihi
242 1463 434 1507 Polyaenus
456 1465 678 1508 reliquit,
701 1468 845 1508 praetor
869 1464 999 1497 dedit
1021 1459 1298 1507 possessionem?
1322 1459 1384 1493 ubi
1408 1463 1532 1494 orator

128 1525 267 1557 fervore
311 1524 480 1558 orationis
518 1525 684 1568 abreptus
724 1525 838 1557 solam
874 1535 1019 1558 caussae
1054 1523 1228 1557 rationem
1259 1525 1296 1555 et
1328 1520 1383 1554 ius
1415 1519 1530 1553 effert.

129 1585 283 1619 Omnino
315 1597 384 1619 non
415 1585 630 1630 negligenda
660 1589 739 1619 sunt
772 1595 864 1628 quae
895 1583 1004 1618 Otto
1039 1583 1126 1618 scite
1160 1582 1298 1617 monuit
1321 1582 1365 1616 ad
1391 1581 1464 1615 Cic.
1489 1581 1533 1614 de

130 1645 230 1679 Finn.
253 1646 299 1687 ΙΙ,
325 1646 381 1689 19,
407 1646 465 1679 61.
502 1647 597 1680 Num
631 1646 667 1679 P.
697 1646 821 1679 Decius
854 1656 982 1689 quum
1019 1655 1067 1678 se
1102 1644 1357 1678 devoveret
1382 1647 1422 1676 et
1446 1654 1532 1686 equa

130 1707 279 1740 admisso
299 1707 336 1740 in
355 1708 506 1741 mediam
526 1708 638 1741 aciem
658 1706 866 1740 Latinorum
890 1706 988 1739 irru
1001 1704 1125 1745 ebat,
1148 1704 1283 1748 aliquid
1304 1704 1348 1737 de
1368 1704 1532 1747 volupta-

131 1767 222 1800 tibus
247 1768 318 1800 suis
340 1767 549 1813 cogitabat?
596 1767 650 1801 Ad
673 1778 777 1811 quem
804 1768 920 1800 locum
935 1792 945 1807 ‚
978 1769 1097 1799 nostro
1121 1776 1190 1798 non
1213 1774 1356 1808 parem,
1379 1768 1416 1797 at
1441 1768 1534 1797 certe

129 1827 301 1872 similem,
328 1829 390 1862 ille
413 1828 454 1864 V.
483 1829 546 1862 1).:
583 1828 690 1861 Posse
714 1828 870 1862 diversos
893 1827 1037 1869 modos,
1067 1826 1199 1870 inquit,
1231 1835 1296 1869 per
1316 1823 1534 1868 copulativae

130 1889 320 1933 particulas
343 1888 529 1934 coniungi,
555 1893 591 1923 et
614 1889 875 1934 coniungendas
899 1899 993 1928 esse,
1018 1887 1050 1921 si
1079 1888 1261 1930 utriusque
1292 1886 1387 1919 modi
1415 1896 1534 1920 sensus

132 1956 183 1984 est
204 1951 380 1992 diversus,
404 1949 575 1993 exemplis
598 1949 721 1984 multis
744 1949 861 1983 docuit
884 1949 1097 1983 Ramshorn.
1125 1960 1159 1992 p.
1182 1947 1289 1991 694„
1325 1946 1386 1990 qui
1410 1946 1534 1981 adum·

133 2013 270 2045 brata-n
295 2017 429 2045 tantum
454 2011 560 2045 huius
583 2010 752 2046 orationis
775 2009 1066 2045 conformationis
1088 2008 1281 2052 imaginem
1306 2007 1422 2049 dedit,
1444 2018 1535 2051 quae

131 2083 237 2115 quam
267 2074 337 2106 late
363 2076 502 2116 pateat,
540 2071 613 2105 alio
647 2072 725 2106 loco
750 2071 885 2105 docebo
904 2069 1073 2113 exemplis
1098 2069 1144 2103 ab
1168 2069 1246 2112 ipso
1270 2069 1438 2102 Cicerone
1462 2069 1534 2102 lar-

132 2134 224 2178 giter
257 2134 387 2177 positis.
437 2134 548 2167 Recte
578 2133 671 2166 lianc
702 2132 1018 2167 conformationem
1041 2129 1170 2164 dixeris
1193 2130 1383 2163 orationem
1411 2130 1534 2163 varia-

134 2200 228 2236 tam,
264 2195 357 2239 quod
389 2206 520 2228 novum
554 2198 660 2238 caput
695 2204 815 2227 rerum
846 2191 1163 2238 grammaticarum
1187 2190 1384 2224 addendum
1408 2189 1476 2223 erit
1499 2188 1534 2222 in

133 2258 347 2297 postremum
373 2267 394 2288 a
417 2255 664 2301 grammaticis
695 2255 822 2289 nostris
843 2252 1003 2298 syntaxi,
1035 2263 1103 2285 non
1136 2255 1253 2285 tamen
1285 2255 1434 2285 ornatae
1467 2250 1533 2292 illi,

132 2315 191 2347 sed
212 2316 410 2356 com-unni,
435 2317 519 2360 quia
538 2317 625 2350 haec
643 2316 757 2350 oratio
777 2318 828 2349 est
843 2313 1034 2356 naturalis,
1062 2324 1134 2357 qua
1151 2313 1181 2346 st
1199 2324 1267 2345 non
1285 2312 1436 2352 utimar,
1460 2310 1535 2344 ubo·

135 2374 275 2408 adest
309 2389 433 2418 usus,
467 2378 560 2411 male
586 2378 712 2412 Latine
735 2378 924 2411 scribimus.
959 2393 1005 2401 —
1036 2375 1107 2409 Pro
1130 2374 1364 2419 magistratus
1391 2371 1537 2416 plurimi

135 2434 234 2469 «tenid.
261 2435 378 2468 Leidd.
403 2440 676 2485 magistratum5
700 2448 824 2481 partini
849 2437 1042 2470 commode.
1091 2435 1181 2469 Nam
1205 2432 1393 2468 Sallustius
1414 2436 1537 2476 aperte

136 2507 202 2528 non
222 2496 263 2528 dc
284 2507 352 2529 uno
370 2509 512 2532 numere
531 2499 697 2543 loquitur,
721 2499 780 2532 sed
803 2497 922 2531 omnia
941 2496 1195 2539 complectitur,
1221 2495 1256 2528 id
1274 2495 1367 2538 quod
1383 2492 1536 2527 maxime

137 2561 230 2599 patet
254 2569 294 2589 ex
320 2558 435 2591 verbis
460 2560 580 2603 quibus
606 2560 826 2604 temporibus.
875 2557 1047 2601 inteiligit
1070 2561 1188 2591 autem
1213 2559 1457 2600 quaesturam.
1480 2551 1535 2587 bi·

135 2623 292 2661 gestam,
327 2618 566 2659 tribunatum,
602 2626 637 2653 et
667 2625 891 2664 pruenti-am,
923 2631 1010 2662 quos
1041 2619 1192 2652 honores
1220 2627 1340 2651 omnes
1371 2614 1534 2656 obtinuit,

136 2690 242 2722 quum
269 2678 340 2712 iam
367 2680 519 2722 respubl.
544 2680 703 2714 Caesaris
726 2686 761 2714 et
787 2680 946 2723 Pompeii
970 2678 1206 2714 aemulatione
1229 2681 1264 2712 et
1284 2675 1430 2711 occultis
1446 2675 1535 2709 odiis

138 2738 267 2784 agitari
299 2746 331 2773 et
362 2740 578 2775 commoveri
612 2745 739 2785 coepta
770 2745 852 2774 crat.
891 2761 932 2765 —
981 2740 1105 2775 Postea
1135 2750 1226 2784 quae
1257 2747 1393 2784 genera
1425 2735 1535 2770 homi-
