1630 3034
376 166 734 217 IUGURTHA.
793 168 919 213 CAP.
951 167 1186 210 LXXVIII.
1393 170 1476 213 411

138 236 155 261 Χ

103 283 279 343 tudine,
330 285 427 345 pari
470 291 647 340 natura3
683 300 873 344 quorum
910 300 1130 345 proxuma
1163 290 1309 329 terrae
1343 298 1479 344 prae-

104 381 193 425 alta
235 388 363 438 sunt,
403 389 551 427 cetera
596 383 659 427 uti
695 383 786 427 fors
830 382 927 426 tulit
956 366 1072 439 alta,
1109 382 1194 426 alia
1230 381 1276 425 in
1304 385 1482 440 tempe-

105 483 218 523 state
253 478 432 526 vadosa.
501 482 620 525 Nam
654 480 731 523 ubi
765 493 888 543 mare
923 493 1139 539 magnum
1172 493 1269 522 esse
1303 482 1348 521 et
1381 483 1518 522 sae-3

105 575 200 620 vire
241 577 380 620 ventis
419 577 582 636 coepit,
620 575 773 620 limum
807 590 1077 633 arenamque
1107 580 1153 619 et
1187 589 1292 618 saxa
1325 574 1487 634 ingen-

107 694 142 727 id
174 693 415 730 incredibilem
436 691 577 731 xiudicii
610 696 789 731 levitatem
831 708 942 741 aeque
979 707 1022 730 ac
1060 694 1326 740 perversitatem
1360 695 1486 739 prodit.

106 757 245 791 Pariter
276 758 433 792 omnium
467 758 680 801 ineptiarum
711 762 874 801 patronus
908 757 1061 791 lVeisius
1091 767 1134 791 ex
1161 757 1316 791 obsoleta
1347 768 1411 790 sua
1433 757 1487 790 ed.

108 818 316 863 Gryphiana
340 819 424 854 min.
448 818 576 852 edidit:
608 823 745 862 cetera,
769 819 822 853 uti
838 820 917 862 sors
941 819 1045 860 tulit,
1078 818 1206 852 alias
1240 819 1338 859 alta,
1362 818 1490 852 alias

107 879 447 923 intempestate
477 880 620 915 vadosa.

200 940 236 983 ἕ.
260 940 294 974 3.
342 952 439 974 marc
464 941 656 986 magnum]
691 940 715 974 i.
740 951 770 975 e.
802 950 900 974 mare
932 940 1163 974 intumescens
1195 941 1230 973 et
1252 938 1415 972 fluctibus
1435 937 1489 971 in-

107 999 242 1034 flatum.
277 1001 415 1036 Luci-et.
441 1001 497 1043 ΙΙ,
522 1000 555 1034 1.
604 1002 721 1034 Suave
753 1002 867 1034 mari
898 1012 1061 1046 magno
1091 999 1312 1035 turbantibus
1337 1010 1490 1044 aequora

107 1061 220 1095 ventis
244 1062 278 1095 E
298 1066 393 1095 terra
416 1073 586 1106 magnum
609 1062 756 1096 alterius
779 1067 934 1106 spectare
959 1062 1122 1095 laborem.
1147 1060 1273 1094 Catuli.
1298 1060 1408 1101 XXV,
1431 1059 1488 1093 12.

109 1122 157 1156 Et
188 1123 375 1157 insolenter
405 1128 562 1165 aestues,
592 1124 687 1156 velut
721 1124 857 1157 minuta
887 1134 1054 1168 magno
1095 1122 1274 1165 Deprensa
1305 1122 1406 1154 navis
1446 1121 1493 1154 ἰπ

108 1183 246 1225 mari,
271 1184 469 1218 vesaniente
496 1189 611 1218 vento·
645 1183 692 1218 cf.
718 1182 860 1216 Sallust.
886 1184 1029 1228 Frugm.
1053 1182 1205 1217 Historr.
1229 1181 1292 1222 ΙΙΙ,
1316 1180 1371 1215 14.
1394 1181 1492 1215 Gerl.

115 1242 233 1288 Neque
263 1244 336 1277 iam
370 1245 534 1279 sustineri
559 1249 698 1289 poterat
731 1245 996 1278 immensum
1027 1248 1161 1276 aucto
1194 1243 1311 1276 mari
1335 1247 1369 1276 et
1391 1247 1493 1276 vento

109 1305 288 1349 gliscente.
319 1323 367 1330 —-
398 1307 467 1340 Pro
498 1306 610 1341 ventis
641 1306 831 1339 Muellerus
861 1306 955 1338 male
986 1303 1136 1338 coniecit
1169 1303 1390 1337 scribendum
1419 1314 1494 1336 esse

109 1365 232 1408 vadis,
265 1366 359 1409 quod
394 1371 630 1400 commentum
664 1366 722 1399 vix
746 1370 798 1400 est
829 1366 920 1410 qnod
945 1366 1099 1399 refellas.
1146 1364 1238 1399 Nam
1261 1365 1340 1398 loca
1363 1364 1495 1398 vadosa

102 1426 186 1460 sive
208 1427 304 1460 vada
338 1427 416 1471 ipsa
442 1431 521 1461 sunt
553 1427 698 1471 Syr-tum
716 1429 852 1471 facies,
888 1437 994 1470 quam
1019 1426 1131 1460 ventis
1153 1425 1284 1459 mutari
1306 1424 1495 1458 Sallustius

110 1487 240 1529 refert3
273 1487 407 1531 quippe
440 1487 714 1531 quotiescunque
751 1487 848 1521 saevi
880 1487 976 1521 venti
1006 1487 1231 1527 exoriuntur,
1263 1484 1323 1528 qui
1357 1485 1495 1526 limum,

111 1558 254 1582 arenam
278 1552 312 1582 ct
335 1558 418 1582 saxu
440 1548 597 1593 ingentia
620 1548 760 1581 trahere
782 1548 913 1589 solent,
937 1549 1016 1582 loca
1039 1549 1170 1582 vadosa
1193 1547 1264 1581 alta
1287 1546 1399 1587 fiunt,
1423 1546 1498 1580 alta

111 1619 197 1642 vero
229 1609 386 1652 vadosa,
420 1608 470 1642 ita
499 1613 539 1642 ut
572 1620 751 1652 nunquam
782 1610 904 1642 eadem
936 1609 1006 1643 illis
1036 1608 1144 1643 facies
1176 1608 1232 1642 sit.
1279 1608 1355 1641 lam
1388 1606 1498 1649 vides,

112 1669 252 1713 opinor,
285 1670 448 1704 Muelleri
481 1670 718 1704 coniecturam
743 1670 836 1703 hunc
860 1681 999 1704 sensum
1022 1671 1172 1704 habere:
1196 1670 1247 1704 ita
1264 1669 1379 1713 facies
1401 1669 1497 1702 loco-

111 1741 191 1764 rum
222 1741 302 1764 cum
325 1731 423 1773 facie
455 1731 555 1764 simul
586 1734 763 1773 mutatur,
801 1732 893 1774 qnod
928 1732 1118 1765 absurdum
1148 1723 1217 1765 est?
1236 1749 1280 1755 --
1315 1730 1431 1774 Syrtes
1453 1730 1497 1762 ab

111 1796 228 1825 tractu
250 1793 470 1835 nominatae,
504 1793 593 1835 quae
615 1792 724 1825 verba
756 1803 875 1825 omnes
899 1792 1049 1826 editores
1071 1804 1134 1835 pro
1156 1790 1361 1825 foedissima
1381 1790 1499 1834 glossa

113 1851 261 1893 habent,
283 1864 353 1896 qua
375 1852 561 1886 Sallustius
587 1864 741 1897 unquam
765 1853 1019 1887 contaminatus
1042 1853 1096 1894 sit,
1120 1851 1336 1897 postliminio
1358 1849 1499 1884 reduxi-

115 1923 212 1955 mus,
245 1925 313 1947 non
342 1915 456 1948 solum
484 1914 575 1957 quod
608 1924 749 1947 externa
783 1913 944 1947 codicum
975 1913 1183 1947 auctoritate
1205 1912 1360 1946 maxime
1382 1910 1498 1945 stabi-

117 1973 179 2006 lita
202 1978 301 2015 sunt,
335 1975 395 2007 sed
417 1975 524 2008 ctiam
556 1975 648 2017 quod
672 1973 840 2007 sententia
862 1972 938 2017 ipsa
960 1973 1256 2008 commendantur.
1304 1972 1500 2006 Levissima

117 2037 167 2067 eat
198 2033 290 2067 enim
316 2034 426 2076 ratio,
458 2045 527 2078 qua
559 2038 705 2067 utuntur
737 2033 869 2077 critici,
905 2045 1014 2077 neque
1045 2033 1154 2067 aliam
1180 2033 1387 2069 sententiam
1409 2034 1501 2068 haec

118 2095 226 2127 verba
249 2093 442 2137 continere,
479 2106 584 2138 qnam
619 2094 684 2128 illa
707 2094 885 2138 superiora
908 2094 1064 2138 Syrtibus
1086 2105 1241 2128 nomen
1277 2105 1328 2128 ex
1358 2105 1404 2128 re
1436 2094 1501 2127 in-

121 2155 291 2195 ditum,
324 2159 358 2189 et
389 2155 503 2190 alieno
534 2166 675 2199 prorsus
699 2156 775 2189 loco
805 2167 880 2189 csso
915 2155 1039 2199 posita.
1086 2155 1174 2189 Nam
1209 2155 1291 2188 licet
1323 2155 1503 2196 concedas,

119 2215 183 2250 illa
214 2215 487 2261 intelligentibus
518 2227 588 2249 non
619 2227 759 2259 prorsus
790 2216 939 2250 obscura
960 2226 1056 2255 esse,
1089 2220 1205 2249 tamen
1227 2215 1352 2260 negari
1371 2214 1505 2259 nequit,

120 2287 189 2310 non
223 2276 307 2310 satis
339 2281 503 2310 accurate
534 2276 777 2321 significatam
812 2288 887 2309 esse
917 2274 1148 2317 sententiam,
1183 2279 1218 2310 et
1249 2287 1318 2319 quo
1341 2276 1505 2309 omnibus

123 2338 219 2371 clara
256 2342 290 2371 et
322 2337 505 2381 perspicua
535 2338 656 2380 fieret,
691 2337 924 2381 explicatione
958 2336 1078 2380 aliqua
1111 2347 1197 2380 opus
1239 2336 1361 2371 fuisse.
1416 2338 1505 2371 Eam

122 2397 234 2441 ipsam
252 2399 296 2431 ob
319 2409 478 2432 caussam
504 2402 627 2432 auctor
647 2397 901 2431 accuratiorem
926 2397 1083 2441 Syrunm
1107 2396 1372 2441 descriptionem
1394 2397 1504 2432 subii-

122 2459 196 2500 cit,
230 2459 398 2502 docetque
431 2459 508 2492 loca
544 2469 566 2492 a
597 2458 783 2492 continenti
815 2458 1004 2491 remotiora
1033 2457 1141 2491 modo
1178 2458 1252 2492 alta
1282 2469 1377 2499 esse,
1401 2459 1506 2492 modo

123 2520 274 2561 vadosa,
309 2520 391 2564 quia
423 2520 549 2553 flnctus
579 2519 691 2554 saevis
724 2519 837 2552 ventis
868 2518 995 2552 coortis
1026 2518 1171 2560 limum,
1191 2529 1333 2553 arenam
1364 2522 1398 2552 et
1420 2529 1505 2552 saxa

124 2581 280 2617 trahant.
325 2582 402 2614 lam
426 2586 506 2624 apte
540 2584 574 2614 et
596 2581 641 2613 ad
664 2580 800 2624 plenam
824 2579 1090 2623 intelligentiam
1115 2579 1378 2613 acmmmodate
1408 2578 1506 2612 addit

128 2643 248 2685 Syrtes
279 2643 330 2675 ab
355 2647 428 2676 tra
442 2646 518 2675 ctu
552 2641 765 2675 nominatae.
812 2639 916 2673 Vides
945 2639 1058 2684 igitur
1080 2639 1168 2673 haec
1191 2641 1315 2680 verba,
1336 2639 1379 2673 ad
1402 2649 1503 2682 prae-

127 2713 283 2747 gressum
315 2703 463 2737 tmhunt
497 2703 629 2744 relata,
661 2713 729 2735 non
760 2701 830 2735 alio
866 2701 968 2741 loco,
996 2710 1103 2743 quam
1126 2700 1213 2741 hoc,
1235 2698 1318 2743 poni
1340 2698 1503 2742 potuisse,

129 2773 190 2796 nec
211 2772 428 2808 supervacua
454 2774 548 2804 esse,
571 2773 681 2809 quum
708 2773 798 2796 nunc
822 2760 962 2795 demum
988 2759 1215 2805 intelligatur,
1232 2758 1313 2803 quid
1336 2758 1393 2802 sit,
1413 2757 1505 2802 quod
