1630 3034
416 170 787 214 IUGURTHA.
848 170 975 213 CAP.
1004 169 1179 213 XXXI.
1408 176 1491 216 177

103 303 236 334 manu
281 288 409 331 situm
458 295 547 343 est,
596 289 800 344 Quirites,
874 287 1037 346 Neque
1073 301 1161 347 ego
1197 301 1276 331 vos
1311 286 1518 345 hortor,6

104 385 229 443 quod
259 400 396 444 saepe
426 385 614 429 maiores
649 385 780 429 vostri
817 385 990 440 fecere,
1021 385 1083 427 uti
1119 389 1274 427 contra
1308 385 1485 430 iniurias

105 481 259 524 armati
307 481 427 525 eatis.
498 481 620 525 Nihil
664 482 731 535 vi,
786 480 892 524 nihil
937 481 1186 525 secessione
1232 496 1346 540 opus
1395 488 1486 535 est3

103 593 287 623 necesse
351 586 419 622 est
481 584 655 622 suomet
712 578 798 638 ipsi
859 592 984 621 more
1046 578 1316 637 praecipites
1370 586 1485 626 eant.

104 711 235 753 XCIII,
260 711 294 744 1.
328 712 503 754 Inceptum
521 712 662 754 frustra
690 714 777 744 erat.
826 711 1064 756 Nequicquam
1083 713 1205 744 contra
1227 714 1280 744 est
1303 711 1401 745 irrito
1426 716 1489 745 aut

103 772 197 805 nullo
225 776 371 812 eventu5
401 772 468 805 hoc
501 775 658 816 respectu
677 772 753 815 rei,
787 771 878 805 illud
899 783 1067 816 personae
1091 771 1134 804 de
1157 771 1262 805 studii
1285 775 1408 805 eventu
1435 772 1488 805 iu-

103 832 255 866 dicantis
279 831 418 866 dicitur.
444 833 487 866 cf.
516 833 648 867 Ludov.
673 832 871 865 Doederlin.
899 832 1128 877 Synonymm.
1153 832 1244 865 Latt.
1269 832 1345 865 Vol.
1370 832 1431 867 III.
1455 844 1487 875 p.

102 891 184 928 10⁰.
215 892 331 926 Hand.
365 893 407 925 de
429 893 581 927 Particc.
614 893 692 927 Lat.
717 893 794 926 vol.
818 893 862 926 11.
894 904 929 937 p.
953 893 1023 927 745
1035 905 1109 937 sqq.
1143 893 1295 937 Herzog.
1326 893 1370 926 ad
1402 893 1488 926 Sall.

103 953 179 988 cat.
196 954 272 994 XX,
297 953 331 987 2.
354 965 387 997 p.
402 952 460 988 95.
487 953 547 987 ubi
571 965 675 997 versu
699 953 744 986 19
767 958 800 987 et
824 953 880 989 2⁰.
904 955 1076 987 vocabula
1100 953 1243 986 obiectio
1268 958 1302 987 et
1325 954 1488 987 subiectio

101 1013 205 1058 lapsu,
236 1014 388 1048 auctoris
420 1016 636 1049 commutata
669 1014 850 1054 videntur3
882 1014 985 1048 aliter
1011 1014 1104 1047 enim
1129 1013 1299 1058 Herzogii
1319 1013 1490 1048 sententia

103 1085 172 1107 non
195 1079 338 1110 constat.
362 1093 406 1100 -
433 1076 483 1108 Ob
508 1088 579 1110 rem
603 1076 782 1120 tetigimus
806 1076 850 1109 ad
875 1076 950 1111 Cat.
974 1087 1005 1108 c.
1025 1076 1111 1116 XX,
1136 1075 1168 1109 1.
1193 1075 1237 1108 cf.
1251 1074 1333 1107 Ter.
1346 1074 1489 1107 Phorm.

103 1135 167 1176 III,
192 1134 234 1177 2,
259 1135 317 1168 40.
344 1154 386 1159 —
410 1136 464 1169 De
489 1136 641 1170 dictione
661 1137 697 1169 in
720 1147 826 1170 manu
855 1147 925 1170 esse
949 1147 984 1170 v.
1012 1135 1056 1169 ad
1079 1147 1109 1169 c.
1127 1135 1227 1175 XIV,
1254 1134 1289 1168 4.
1314 1135 1389 1169 Cat.
1411 1134 1489 1175 XX,

104 1195 161 1229 10.
185 1215 231 1220 —
256 1195 321 1229 Est
347 1196 483 1230 Cortius
507 1198 576 1230 fide
599 1197 700 1230 unius
723 1197 826 1230 Fabr.
842 1197 875 1232 2.
902 1196 1041 1230 delevit.

197 1256 229 1299 §.
254 1255 288 1290 6.
314 1260 348 1289 et
370 1256 404 1290 7.
453 1268 512 1290 vos
536 1258 668 1301 hortor]
692 1258 892 1292 Inconsulto
910 1257 1048 1291 Coi-tius
1071 1266 1260 1299 pronomen
1285 1254 1399 1297 eiecit,
1422 1265 1491 1287 non

104 1315 263 1359 pluribus
286 1327 392 1359 quam
416 1317 539 1351 duobis
562 1318 663 1354 codd.
684 1324 873 1362 permotus.
920 1318 1113 1352 Pro'oostri
1128 1316 1229 1350 multi
1246 1316 1344 1349 codd.
1361 1314 1493 1348 habeut

103 1378 232 1418 nostri,
268 1377 361 1420 quod
385 1377 504 1412 Cortio
537 1390 719 1422 perperam
753 1380 885 1423 placet3
921 1390 1003 1413 nam
1036 1378 1149 1412 omnis
1172 1376 1334 1411 Memmii
1365 1375 1491 1418 oratio,

103 1449 173 1481 quo
198 1426 382 1472 certiorem
407 1449 586 1473 assensum
608 1440 718 1481 ferat,
753 1441 796 1473 ad
820 1441 912 1474 solas
944 1439 1055 1484 plebis
1078 1439 1230 1472 rationes
1257 1440 1400 1481 spectat.
1447 1437 1493 1469 Et

40 1514 42 1516 >
104 1497 154 1532 ita
177 1510 312 1541 semper
336 1499 465 1540 solent,
501 1500 560 1543 qui
584 1500 761 1534 audientes
785 1501 852 1534 sibi
876 1500 1064 1534 conciliare
1087 1499 1234 1533 student.
1267 1498 1312 1531 cf.
1345 1500 1377 1539 ᾗ.
1400 1496 1436 1531 7.
1459 1499 1494 1530 et

102 1559 159 1592 17.
185 1571 216 1593 c.
239 1560 401 1593 LXXXV
417 1585 426 1601 ‚
450 1558 506 1593 36.
533 1560 677 1604 Fragm.
704 1561 836 1595 Histor.
862 1562 923 1603 111,
948 1559 1007 1601 22,
1031 1558 1087 1593 15.
1117 1559 1191 1592 Cat.
1216 1558 1375 1598 XXXIII,
1399 1556 1432 1590 2.
1450 1572 1493 1582 -

105 1619 205 1652 Nihil
228 1619 352 1663 explic.
378 1621 421 1655 ad
446 1621 521 1654 Cat.
547 1622 648 1663 XVI,
673 1621 707 1658 5.
740 1641 785 1648 —
825 1624 887 1656 Est
912 1626 987 1665 post
1009 1632 1094 1665 opus
1119 1620 1216 1653 codd.
1240 1620 1393 1679 liabent,
1425 1627 1494 1651 non

102 1679 187 1713 item
204 1680 354 1714 Cottius.
370 1701 415 1706 —
438 1683 490 1715 De
514 1687 583 1716 met
606 1683 749 1726 syllaba
773 1683 1035 1725 pronominibus
1061 1680 1261 1725 possessivis
1286 1679 1415 1719 addita,
1439 1677 1495 1710 di-

102 1740 217 1774 ximus
251 1741 292 1774 ad
318 1741 393 1775 Cat.
420 1742 557 1784 XXIII,
583 1743 616 1777 2.
653 1743 761 1776 Plura
793 1742 941 1777 contulit
975 1743 1174 1777 Gahblerus
1210 1741 1246 1775 iu
1269 1738 1384 1773 Iahnii
1406 1738 1494 1771 Anu.

102 1800 234 1835 Philol.
251 1806 285 1835 et
302 1802 454 1847 Paedag.
472 1814 504 1836 a.
520 1802 623 1837 1829.
650 1804 726 1837 Vol.
743 1804 785 1837 11.
810 1804 912 1837 Fasc.
930 1804 964 1839 4.
991 1804 1086 1848 (Vol.
1102 1803 1146 1837 X.
1171 1798 1337 1843 FascA.)
1362 1810 1394 1842 p.
1412 1797 1494 1831 389.

103 1882 148 1887 —
174 1862 370 1896 Dictionem
391 1874 556 1908 praeceps
579 1865 631 1898 irc
655 1863 909 1898 illustravimus
933 1864 977 1898 ad
1001 1864 1075 1898 Cat.
1100 1861 1278 1901 xxxwi,
1302 1859 1335 1893 4.
1361 1872 1394 1903 p.
1413 1858 1494 1891 172.

102 1924 150 1956 Η.
176 1923 200 1956 l.
233 1923 409 1967 significat
432 1924 474 1957 de
497 1925 610 1969 gradu
633 1925 807 1968 potentiae
830 1924 943 1958 deiici.
977 1944 1021 1950 -—-
1060 1925 1167 1967 Quem
1193 1932 1339 1966 regnum
1365 1928 1494 1963 parare

104 1985 268 2025 aiebant,
308 1989 344 2018 ut
368 1984 508 2018 Laelius
538 1985 669 2019 iudicat
701 1986 794 2029 apud
819 1986 1022 2019 Ciceronem
1046 1985 1088 2017 de
1111 1982 1251 2016 Amicit.
1286 1992 1315 2014 c.
1342 1979 1406 2020 12,
1436 1977 1492 2011 40.

108 2044 264 2077 Tiberius
288 2045 464 2078 Gracchus
487 2057 635 2089 regnum
660 2058 826 2089 occupare
850 2051 991 2079 conatus
1011 2050 1074 2085 eat,
1098 2044 1153 2076 vel
1176 2041 1339 2086 regnavit
1364 2040 1393 2072 is
1416 2037 1493 2082 qui-

105 2104 183 2137 dem
204 2116 332 2148 paucos
355 2116 497 2139 menses.
544 2105 814 2140 Accuratissiine
847 2112 1002 2139 veterum
1034 2116 1074 2138 ac
1107 2102 1335 2137 recentiorum
1360 2097 1493 2132 iudicia

105 2163 149 2196 de
173 2164 417 2197 Gracchorum
441 2163 684 2206 πολιτεύμασι
708 2167 928 2210 comparavit
952 2167 1031 2198 Car.
1056 2163 1170 2197 Beier.
1196 2162 1241 2195 ad
1265 2160 1334 2193 Cic.
1355 2159 1397 2193 de
1421 2158 1491 2193 Off.

105 2223 158 2264 11,
181 2223 247 2264 12,
271 2223 327 2256 43.
352 2236 386 2267 p.
412 2223 456 2257 8⁴
472 2237 545 2268 sqq.
595 2227 688 2268 Quid
712 2227 898 2261 Sallustius
931 2227 1005 2269 ipse
1036 2223 1200 2264 senserit,
1235 2219 1427 2254 declaravit
1460 2230 1492 2254 c.

107 2283 225 2325 XLII,
250 2283 282 2316 1.
313 2303 346 2307 —
392 2285 618 2327 quaestiones
643 2293 721 2321 sunt
745 2288 875 2322 iudicia
902 2287 938 2321 in
962 2297 1000 2319 re
1022 2283 1190 2328 capitali3
1223 2283 1269 2316 cf.
1298 2282 1331 2323 ἓ.
1354 2280 1411 2314 13.
1435 2279 1491 2315 18.

106 2355 138 2378 c.
163 2345 247 2385 XL,
271 2344 304 2377 1.
334 2343 367 2377 4.
392 2344 426 2380 5.
474 2347 628 2379 Eundem
661 2359 736 2381 rem
769 2348 875 2381 tradit
900 2348 987 2380 vell.
1014 2346 1065 2387 11,
1089 2345 1132 2386 7,
1156 2343 1191 2378 3.
1230 2342 1391 2376 Crudeles
1414 2352 1493 2374 mox·

105 2406 322 2450 quaestiones
354 2406 389 2438 in
422 2407 550 2440 amicos
573 2409 776 2452 clientesque
804 2408 1035 2441 Gracchorum
1061 2406 1202 2438 habitae
1228 2408 1318 2437 sunt.
1365 2401 1492 2436 Nostro

106 2465 184 2499 Ioco
217 2465 252 2498 in
286 2466 406 2500 multis
439 2468 535 2501 codd.
561 2480 691 2512 graves
716 2467 871 2502 additum
905 2473 976 2509 est3
1016 2466 1106 2510 quod
1131 2475 1346 2509 quamquam
1372 2474 1434 2506 per
1457 2472 1494 2495 se

106 2526 191 2560 ferri
226 2531 356 2570 potest,
394 2532 508 2561 tamen
542 2541 584 2561 eo
609 2531 710 2563 valde
733 2535 928 2573 suspectum
954 2529 1013 2569 fit,
1047 2527 1136 2571 quod
1158 2526 1202 2559 ab
1228 2523 1368 2567 optimis
1393 2522 1493 2556 codd.

105 2587 266 2619 omnibus
289 2588 407 2630 abest,
434 2589 468 2622 in
493 2589 618 2623 ceteris
644 2596 761 2624 autem
787 2591 842 2623 vel
867 2595 946 2623 ante
970 2588 1205 2633 quaestiones,
1238 2585 1292 2617 vel
1317 2587 1393 2627 post
1416 2592 1494 2615 eam

107 2657 227 2680 vocem
251 2648 402 2692 legitur,
433 2655 471 2683 ut
496 2650 649 2684 dubitari
674 2656 841 2695 nequeat,
875 2651 957 2694 quin
981 2660 1022 2682 ex
1047 2647 1205 2692 margine
1229 2645 1264 2678 in
1291 2649 1422 2678 textum
1447 2642 1495 2676 ir-

106 2708 266 2749 repserit.
313 2708 389 2742 Non
414 2709 497 2743 satis
529 2710 780 2755 circumspecte
804 2710 912 2755 igitur
935 2710 1049 2743 Faber
1072 2718 1201 2753 graves
1225 2704 1388 2745 defendit,
1414 2703 1497 2745 quia

107 2765 180 2800 sine
212 2766 278 2802 isto
312 2770 485 2805 vocabulo
511 2773 727 2815 quaestiones
752 2772 864 2806 lenius
898 2770 1029 2804 dictum
1062 2769 1126 2811 sit,
1161 2765 1364 2809 praesertim
1388 2773 1497 2807 quum

178 2838 231 2882 11.
1159 2837 1222 2881 12
