1630 3034
433 200 791 244 IUGURTHA.
849 200 984 243 GAP.
1016 200 1061 242 C.
1355 204 1436 245 531

56 320 265 373 curabat3
300 318 468 378 primos
506 323 550 361 et
586 324 806 362 extremos
843 332 945 361 cum
981 317 1196 378 expeditis
1229 317 1436 378 manipu-

52 417 103 460 lis
129 417 329 460 tribunos
356 416 593 459 locaverat.
667 414 909 474 Perfugae,
945 415 1139 458 minume
1171 415 1262 458 cari
1290 421 1335 459 et
1363 416 1477 458 re-3

53 513 237 573 gionum
274 511 576 567 scientissumi‚
611 510 804 554 hostium
835 511 917 554 iter
951 512 1257 571 explorabant.
1296 511 1438 556 Simul

55 609 223 665 consul,
261 609 387 667 quasi
423 608 545 652 nullo
580 608 804 667 imposito,
841 607 988 650 omnia
1022 602 1279 667 providere,
1316 607 1440 668 apud

55 705 196 749 omnis
234 705 404 761 adesse,
436 703 635 761 laudare,
670 704 909 765 increpare
946 704 1168 749 merentis.
1239 703 1344 763 Ipse
1371 710 1480 751 αι’-4

52 861 105 892 est
127 858 242 902 potius
280 857 406 892 Sulla
443 857 524 891 mit
567 857 642 891 der
683 857 898 892 Reiterei
930 856 975 901 (i.
1009 868 1041 892 e.
1073 855 1130 890 cni
1159 855 1333 900 equitatus
1367 859 1443 890 erat

52 919 172 963 datus)
196 919 385 964 besehligte
411 920 478 961 auf
499 918 532 951 d.
558 918 698 952 rechten
722 918 840 959 Seite,
873 918 947 952 scil.
975 917 1037 951 ubi
1059 917 1234 961 equitatus
1257 917 1444 951 collocatus

51 983 139 1015 erat.
180 979 251 1014 Sed
273 984 412 1023 praeter
443 990 518 1012 cum
543 977 834 1021 praepositionem
867 977 976 1012 etiam
1000 979 1145 1012 curabat
1168 978 1314 1012 verbum
1335 978 1444 1012 inter.

51 1043 165 1082 pretes
196 1040 290 1074 male
320 1039 468 1080 habuit,
501 1038 632 1081 quippe
663 1050 732 1071 non
759 1038 912 1072 videntes
935 1038 1076 1083 singula
1099 1039 1235 1082 periodi
1259 1039 1444 1072 enunciata

52 1111 95 1133 ex
118 1111 160 1134 eo
182 1101 342 1143 pendere.
388 1099 569 1144 Bipontini
593 1098 686 1132 enim
709 1102 743 1132 et
767 1098 923 1144 Langius
959 1104 1036 1142 post
1059 1100 1258 1144 sagittariis
1279 1100 1444 1144 supplen-

52 1161 135 1195 dum
173 1164 312 1194 censent
343 1167 438 1201 erat,
470 1160 591 1204 illique
613 1160 700 1193 adeo
724 1160 889 1194 semicolo
912 1159 1033 1203 priora
1055 1159 1101 1194 ab
1125 1161 1348 1204 sequentibus
1373 1161 1443 1194 dis-

51 1221 263 1263 iunxerunt3
294 1221 446 1256 lVeisius
479 1225 616 1263 autem,
652 1224 691 1253 ut
724 1223 920 1254 structurae
943 1221 1088 1255 curabat
1113 1220 1212 1255 verbi
1235 1222 1442 1265 consuleret,

52 1283 163 1316 multo
187 1281 323 1316 foedius
346 1295 388 1316 ex
409 1281 580 1325 corruptis
603 1279 679 1313 edd.
705 1279 843 1324 scripsit
871 1286 985 1325 praet.
1015 1281 1203 1316 cohorte
1236 1282 1317 1327 Lig.
1342 1294 1444 1315 cura-

52 1343 137 1387 bat,
161 1342 261 1387 quasi
285 1354 448 1376 curare
481 1353 574 1375 cum
599 1342 777 1386 equitatu,
803 1353 894 1375 cnm
912 1342 1161 1385 funditoribus,
1187 1354 1282 1376 cum
1306 1343 1444 1376 cohorte

52 1402 207 1436 dicatur!
241 1402 445 1437 Tenendum
470 1402 602 1446 potius,
627 1413 735 1445 quum
759 1401 934 1445 duplicem
958 1402 994 1435 in
1017 1414 1056 1436 re
1078 1402 1226 1436 militari
1248 1414 1349 1436 usum
1373 1403 1443 1436 ha-

51 1462 135 1496 beat
158 1475 302 1506 curare,
328 1468 365 1497 ut
389 1466 449 1497 aut
473 1463 627 1496 absolute
650 1465 810 1505 ponatur,
835 1462 1000 1497 adiuncta
1025 1464 1089 1497 loci
1111 1462 1369 1508 significatione
1391 1463 1443 1507 (v-

51 1524 210 1566 exempla
234 1524 278 1557 ad
312 1523 414 1557 Catil.
444 1523 544 1563 LIX,
569 1523 603 1556 3.
636 1535 669 1567 p.
696 1522 775 1556 316.
801 1523 963 1567 collata),
988 1528 1047 1557 aut
1084 1524 1320 1566 accusativum
1343 1526 1446 1567 regat

52 1583 126 1626 (cf.
151 1584 268 1619 Tacit.
289 1583 431 1617 Annall.
453 1584 490 1623 Ι,
513 1582 572 1624 31,
597 1583 629 1616 1.
692 1583 961 1617 Exercitum
996 1584 1266 1627 inferiorem
1291 1585 1333 1618 A.
1363 1584 1446 1616 Cae-

53 1645 133 1678 cina
166 1646 374 1679 curabat.
402 1644 451 1678 ib.
487 1644 552 1687 1‘1,
586 1642 651 1685 30,
693 1642 726 1676 2.
778 1644 982 1677 Gaetulicus
1015 1644 1200 1688 superioris
1237 1644 1445 1677 Germaniae

53 1706 275 1750 legiones
306 1705 509 1739 curabat.
535 1704 612 1738 Liv.
637 1703 710 1746 Vll,
734 1703 793 1746 26,
818 1704 875 1738 10.
923 1705 1038 1738 Iussus
1058 1705 1101 1738 ab
1126 1709 1250 1738 senatu
1275 1705 1446 1738 bellum

53 1766 336 1799 maritimum
361 1765 557 1808 curare.)
595 1769 780 1808 utramque
804 1768 1018 1798 structuram
1051 1764 1112 1797 hic
1135 1764 1355 1797 coniunctam
1378 1764 1446 1797 ha-

52 1825 150 1867 beri,
185 1826 277 1869 quod
311 1825 523 1859 confusionis
560 1836 670 1870 genus
702 1835 807 1868 quam
840 1825 911 1858 late
944 1828 1062 1868 pateat
1094 1824 1243 1857 diximus
1267 1825 1311 1858 ad
1336 1824 1445 1860 Catil.

54 1888 95 1927 V,
119 1886 154 1922 9.
179 1884 324 1932 adTug.
347 1887 374 1928 Ι,
403 1886 438 1920 2.
462 1898 493 1930 p.
520 1885 554 1920 3.
579 1885 684 1927 LXV,
710 1885 744 1919 2.
770 1903 815 1909 -
848 1885 1022 1928 Ligurum
1045 1883 1082 1917 in
1106 1884 1260 1918 exercitu
1283 1885 1446 1918 Romano

54 1947 127 1981 iam
159 1940 266 1993 supra
289 1945 418 1980 mentio
444 1946 511 1980 fuit
544 1958 574 1978 c.
601 1945 798 1986 xxxvm,
824 1944 858 1978 8.
883 1936 945 1977 irbi
969 1955 1002 1978 v,
1027 1963 1072 1968 —
1106 1945 1176 1978 Pro
1198 1945 1385 1988 manipulis
1409 1945 1445 1978 in

56 2007 176 2041 Guelf.
208 2008 241 2041 1.
274 2006 350 2041 Vin.
383 2006 417 2040 2.
450 2007 520 2040 Inc.
546 2006 580 2041 2.
613 2010 648 2039 et
677 2005 730 2038 ed.
764 2005 881 2039 Venet.
915 2015 948 2037 a.
980 2003 1083 2038 1470.
1126 2009 1238 2039 exstat
1269 2006 1444 2049 maniplis.

55 2067 219 2100 Fortasse
242 2077 308 2100 non
334 2066 455 2106 male3
488 2077 521 2099 V.
555 2066 598 2099 ad
632 2078 662 2099 c.
687 2066 762 2106 Vll,
788 2066 820 2099 l.
846 2077 880 2109 p.
905 2064 962 2098 40.
1009 2065 1062 2098 lta
1086 2069 1179 2098 certe
1200 2065 1450 2108 pronunciasse

56 2129 236 2161 Romanos
257 2127 466 2171 intelligitur
488 2137 530 2160 ex
555 2125 673 2159 Ovidii
695 2125 810 2160 Fastis
832 2126 893 2165 111,
918 2125 988 2159 11⁴1
1011 2137 1063 2169 sq.
1112 2125 1249 2160 Pertica
1269 2137 1448 2170 suspensos

55 2187 221 2232 portabat
264 2188 372 2233 longa
417 2187 644 2232 maniplos
663 2213 672 2229 ,
715 2186 812 2220 Unde
846 2185 1138 2229 maniplaris
1177 2187 1318 2221 nomina
1351 2188 1449 2221 miles

58 2248 175 2283 habet.

152 2309 184 2350 §-
207 2306 241 2343 3.
289 2307 439 2342 minume
473 2307 547 2341 cari
577 2310 640 2348 et]
677 2307 778 2340 Haec
813 2306 922 2340 verba
955 2304 1170 2349 Pomponius
1206 2307 1334 2341 Laetus
1368 2310 1448 2341 tan-

60 2378 166 2410 quam
197 2367 318 2410 spuria
351 2367 542 2408 eiecerat:
555 2377 704 2410 eumque
737 2365 888 2400 editores
912 2366 1123 2410 antiquiores
1147 2367 1220 2400 fere
1244 2378 1381 2408 omnes,
1406 2378 1448 2400 ex

60 2426 311 2461 recentioribus
342 2428 495 2462 Weisius
530 2427 638 2461 secuti
674 2431 763 2460 sunt.
810 2426 879 2459 Sed
903 2438 1009 2470 quum
1042 2438 1161 2461 omnes
1184 2427 1324 2461 omnino
1348 2426 1449 2462 codd.

62 2497 104 2520 ea
138 2485 328 2527 retineant,
363 2487 535 2521 Gruterus
567 2491 601 2520 et
632 2486 770 2520 Curtius
800 2485 877 2520 iure
906 2491 1127 2522 revocarunt.
1174 2486 1300 2521 Sensus
1331 2491 1449 2521 autem

63 2558 172 2590 quum
194 2547 239 2581 sit
261 2559 329 2581 non
353 2549 498 2582 multum
524 2547 716 2582 desiderari
738 2551 956 2592 transfugas,
981 2559 1089 2592 neque
1112 2559 1241 2594 magno
1266 2549 1301 2581 in
1322 2549 1448 2581 damno

65 2608 220 2647 censeri,
255 2608 293 2640 si
327 2619 409 2651 per
425 2614 555 2650 eant,
589 2608 694 2642 simul
728 2619 768 2640 eo
794 2610 883 2640 tecte
918 2607 1133 2651 significatur
1156 2609 1335 2653 negotium
1361 2608 1450 2652 peri-

66 2667 137 2701 culi
167 2667 404 2711 plenissimum
437 2668 481 2702 iis
507 2668 625 2702 datum
656 2668 760 2701 fuisse
793 2666 925 2701 itineris
958 2667 1169 2712 explorandi.
1194 2689 1239 2694 —
1272 2670 1450 2713 Imponere

67 2727 226 2762 absolute
258 2732 460 2772 usurpatum
493 2728 741 2762 illustravimus
774 2727 817 2761 ad
844 2727 944 2761 Catil.
977 2739 1006 2761 c.
1032 2728 1087 2769 LI,
1113 2727 1170 2763 28.
1194 2741 1230 2773 p.
1254 2729 1333 2764 254.
1382 2730 1452 2763 Ex-

72 2785 195 2830 emplis
226 2787 279 2822 ibi
300 2788 450 2823 laudatis
474 2788 533 2823 hic
559 2788 719 2823 addimus
747 2799 835 2832 quae
855 2788 972 2822 Faber
989 2787 1151 2828 contulit,
1176 2789 1247 2826 Cic.
1270 2802 1306 2834 p.
1331 2790 1449 2824 Plane.

1064 2857 1178 2902 34*
