1630 3034
313 706 1116 770 PRAEFATIO.

24 991 333 1086 Scriptorum
367 1024 569 1064 veterum
603 1033 723 1079 quae
754 1004 907 1081 nostra
942 1022 1089 1061 aetate
1122 1015 1330 1063 condicio
1360 1016 1413 1061 sit

25 1101 407 1159 considerantibus
443 1100 683 1144 obscurum
717 1113 813 1143 esse
847 1098 1002 1155 nequit
1028 1112 1119 1141 non
1155 1112 1310 1141 omnes
1334 1113 1413 1142 ea-

25 1183 133 1227 dem
183 1172 276 1226 esse
320 1180 501 1223 fortuna
547 1193 672 1234 usos,
728 1193 868 1237 quum
920 1178 998 1222 alii
1052 1178 1413 1238 gravissimorum

25 1265 225 1308 virorum
271 1260 422 1304 studiis
480 1259 541 1302 ita
588 1258 813 1318 emendati
857 1264 902 1303 et
949 1274 976 1302 a
1030 1259 1240 1317 maculis,
1302 1274 1414 1317 quas

23 1343 240 1403 temporis
287 1339 444 1384 iniuria
493 1344 743 1395 traxerant,
798 1339 982 1400 purgati
1034 1338 1308 1397 habeantur,
1364 1345 1416 1384 ut

23 1437 115 1469 non
159 1421 351 1465 multum
397 1418 459 1465 ad
503 1418 807 1478 integritatem
866 1419 1020 1465 deesse
1065 1420 1295 1477 videatur,
1339 1421 1415 1465 alii

22 1517 131 1547 vero
166 1489 272 1545 non
303 1500 450 1543 solum
496 1499 720 1544 veteribus
754 1499 890 1556 vitiis,
936 1502 1181 1548 scribarum
1226 1502 1300 1547 vel
1342 1502 1414 1546 in-

23 1582 148 1628 curia
179 1581 254 1625 vel
287 1579 540 1640 ignorantia
585 1585 662 1624 aut
695 1580 1040 1640 interpolatione
1076 1583 1209 1638 ortis,
1255 1583 1415 1636 etiam-7

25 1678 143 1710 numi
172 1659 344 1709 ,affecti
407 1660 512 1714 sint,
567 1660 649 1703 sed
712 1661 938 1707 editorum
993 1678 1180 1722 quoque
1233 1664 1416 1707 levitate

27 1759 81 1788 ac
134 1756 347 1802 perversa
401 1740 724 1801 interpretandi
776 1743 951 1787 ratione
1017 1726 1160 1801 adeo
1188 1743 1416 1789 obscurati

25 1826 237 1877 iaceant,
302 1827 352 1876 ut
415 1835 505 1864 non
574 1821 844 1880 scriptorem
903 1825 1050 1884 ipsum
1070 1858 1085 1882 ‚
1138 1824 1220 1870 sed
1279 1824 1416 1868 mise-

25 1904 216 1951 randum
271 1902 569 1962 pulcherrimi
624 1902 854 1961 quondam
909 1906 1062 1964 operis
1125 1905 1417 1951 simulacrum

24 1987 197 2047 habere
231 1982 477 2045 videamur.
549 1983 690 2045 Quod
725 1999 865 2042 quum
899 1985 1127 2036 nonnullis,
1156 1985 1252 2029 aliis
1293 1985 1417 2030 acci-

26 2068 114 2123 dit,
147 2073 244 2132 tum
278 2066 472 2128 maxime
506 2064 739 2110 Sallustius
786 2081 814 2109 a
849 2066 1004 2112 certio
1048 2066 1231 2125 eiusque
1271 2071 1416 2111 secta-

26 2139 197 2194 toribus
240 2147 366 2191 idem
418 2161 573 2207 passus
620 2151 707 2202 est,
758 2146 820 2190 ita
880 2152 930 2189 ut
980 2161 1078 2191 rem
1131 2145 1259 2191 haud
1313 2146 1416 2190 inu-

25 2229 150 2273 tilem
184 2227 409 2287 suscipere
442 2226 684 2282 videretur,
722 2227 801 2284 qui
838 2228 1036 2271 animum
1071 2227 1327 2287 appelleret
1356 2225 1418 2270 ad

26 2310 267 2370 egregium
301 2310 568 2368 scriptorem
601 2314 724 2353 tanta
756 2309 865 2353 labe
896 2307 1193 2354 liberandum.
1241 2306 1419 2353 Cortius

29 2389 173 2445 enim,
216 2405 494 2449 quamquam
538 2389 747 2448 plurimis
796 2388 1000 2433 subsidiis
1050 2388 1111 2432 ad
1155 2387 1421 2435 Sallustium

30 2469 362 2514 emendandum
396 2470 631 2514 instructus
677 2469 787 2525 fuit,
831 2475 1006 2524 tamen,
1052 2468 1221 2513 iudicio
1256 2481 1420 2527 parum

29 2549 185 2595 valens
225 2564 282 2594 ac
324 2564 538 2609 perversa
583 2549 798 2610 opinione
843 2549 903 2595 de
937 2550 1031 2595 eius
1075 2548 1299 2594 scribendi
1332 2562 1419 2607 ge-

30 2645 136 2674 nere
171 2629 347 2687 ductus,
367 2631 471 2689 plus
505 2631 652 2675 obfuit
687 2632 860 2676 auctori
894 2644 1032 2690 quam
1066 2630 1253 2690 profuit.
1301 2629 1419 2672 Nam

29 2707 168 2768 quum
211 2711 274 2755 ita
318 2710 402 2757 sibi
437 2711 749 2771 persuasisset,
784 2712 1071 2766 Sallustium,
1105 2711 1280 2771 quippe
1314 2710 1420 2753 bre·
