1630 3034
139 216 225 257 378
509 210 554 253 C.
585 209 925 252 SALLUSTI
965 211 1188 254 CRISPI

279 325 445 372 LXXI.
518 325 615 372 Sed
658 340 798 386 quum
835 325 923 371 hae
962 325 1137 372 litterae
1179 325 1338 372 allatae
1348 359 1362 383 ‚
1408 327 1525 373 forte

140 423 370 469 Nabdalsa
406 423 602 468 exercito
638 437 829 483 corpore
866 423 1006 468 fessus
1033 424 1079 468 in
1106 425 1225 469 lecto
1255 424 1526 483 quiescebat,

106 520 220 566 2ubi
265 519 453 581 cognitis
503 520 768 564 Bomilcaris
808 521 956 565 verbis
989 522 1151 582 primo
1183 535 1312 577 cura,
1347 521 1528 578 deinde,

104 619 204 665 suti
246 630 436 678 aegrum
479 617 674 661 animum
720 617 857 676 solet,
900 633 1078 663 somnus
1119 618 1253 678 cepit.
1331 617 1444 662 Erat
1487 619 1528 662 ei

141 713 339 759 Numida
374 714 572 774 quidam5
607 714 891 775 negotiorum
927 722 1117 770 curator,
1138 715 1255 759 fidus
1289 722 1527 776 acceptus-

141 827 230 871 que
279 817 324 855 et
367 811 564 854 omnium
605 811 912 868 consiliorum,
959 811 1038 855 nisi
1082 813 1343 866 novissumi,
1386 813 1528 872 parti-

105 917 262 968 4ceps.
332 907 423 963 Qui
457 913 697 968 postquam
729 908 882 952 allatas
918 908 1084 953 litteras
1115 909 1294 967 audivit,
1330 925 1386 953 ex
1415 924 1528 953 con-

138 1052 304 1087 personas
328 1040 484 1075 diversas
506 1044 658 1085 spectet,
682 1040 809 1085 quibus
832 1040 926 1074 idem
950 1041 1190 1085 praedicatum
1214 1045 1287 1084 est,
1320 1046 1416 1077 recta
1438 1041 1529 1077 ratio

137 1102 291 1147 postulat
317 1113 385 1136 non
409 1103 523 1136 solum
549 1113 609 1136 eas
634 1113 734 1136 voces
749 1128 757 1144 ,
787 1102 823 1136 in
846 1102 974 1146 quibus
998 1101 1051 1135 vis
1074 1101 1303 1145 oppositionis
1326 1107 1397 1145 est,
1432 1102 1530 1137 iuxta

136 1164 239 1210 poni,
270 1163 330 1197 sed
354 1162 461 1197 etiam
492 1163 731 1207 praedicatum
756 1164 862 1198 talem
895 1165 1011 1198 locum
1039 1163 1192 1204 habere,
1217 1166 1257 1196 ut
1280 1161 1458 1207 intelligas
1482 1163 1529 1197 ad

137 1232 324 1268 utramque
347 1235 533 1268 personam
559 1224 754 1268 pertinere3
789 1224 881 1268 quod
907 1235 1009 1258 secus
1033 1227 1086 1258 est
1107 1224 1144 1258 in
1166 1224 1336 1268 vulgata,
1362 1234 1451 1266 quae
1477 1223 1530 1258 ita

134 1290 339 1330 comparata
362 1290 413 1319 est
428 1312 437 1327 ‚
471 1289 509 1319 ut
532 1287 697 1320 virtutem
721 1289 818 1329 putes
843 1285 905 1319 alii
932 1284 1008 1328 rei,
1038 1295 1128 1328 quae
1149 1296 1219 1318 non
1243 1283 1354 1317 virtus
1378 1283 1441 1324 sit,
1463 1294 1529 1328 op-

135 1348 284 1395 positam
309 1357 395 1380 esse.
417 1346 463 1382 cf.
487 1350 654 1380 annotata
679 1346 723 1380 ad
749 1358 778 1380 c.
806 1346 960 1389 LXXIV,
980 1346 1012 1380 1.
1040 1345 1100 1379 ubi
1124 1345 1247 1378 eodem
1273 1346 1378 1380 modo
1403 1357 1426 1379 a
1442 1346 1526 1380 Cor-

133 1409 184 1444 tio
207 1412 387 1452 peecatum
412 1410 485 1448 est,
509 1417 552 1441 ac
574 1418 608 1441 v.
632 1406 740 1441 etiam
764 1407 936 1449 LXXXV,
957 1407 1014 1441 13.
1063 1409 1136 1440 Sua
1159 1406 1317 1440 Perizon.
1340 1407 1384 1440 ad
1408 1406 1527 1443 Sanct.

133 1469 284 1504 Minerv.
308 1467 354 1509 ll,
379 1468 433 1501 12.
469 1479 503 1511 p.
527 1467 609 1504 321.
636 1469 690 1502 ed.
715 1470 806 1505 Bau.
839 1480 883 1503 ac
907 1470 1024 1503 Faber
1048 1468 1153 1502 simul
1184 1468 1228 1502 ad
1252 1468 1467 1502 Nabdalsam
1492 1470 1528 1502 et

133 1532 177 1566 nd
202 1529 439 1564 Bomilcarem
472 1528 597 1562 referri
631 1530 778 1572 volnnt3
811 1531 901 1574 quod
935 1539 1147 1574 quamquam
1174 1540 1236 1572 per
1257 1528 1528 1573 grammaticam

134 1593 237 1635 licet,
273 1597 387 1624 tamen
412 1589 507 1622 hand
532 1589 605 1623 scio
638 1601 681 1624 an
714 1591 844 1625 rectius
876 1601 1066 1635 pronomen
1099 1589 1141 1622 ad
1172 1589 1285 1623 solum
1311 1589 1527 1624 Nabdalsam

132 1658 289 1699 spectare
314 1653 430 1694 putes,
455 1661 563 1693 quum
588 1655 622 1684 et
646 1651 885 1685 antecedentia
909 1656 944 1686 et
967 1650 1146 1695 sequentia
1177 1651 1220 1684 ad
1245 1650 1350 1684 huius
1372 1656 1526 1685 tantum·

132 1715 239 1749 modo
263 1723 446 1757 personam
482 1711 699 1754 dirigantur,
731 1713 950 1754 Bomilcare,
982 1724 1051 1755 quo
1074 1711 1204 1745 certius
1228 1711 1362 1745 socium
1387 1723 1526 1756 permo-

132 1778 248 1815 veret,
283 1772 411 1807 callide
433 1771 484 1806 ita
507 1772 666 1813 dicente,
699 1773 798 1817 quasi
823 1774 858 1807 in
883 1774 944 1806 illo
970 1784 1038 1806 uno
1064 1772 1182 1805 omnia
1205 1773 1318 1815 posita
1341 1777 1522 1806 essent.—

134 1838 216 1871 Cum
240 1834 354 1868 animo
378 1844 439 1865 suo
464 1832 488 1866 i.
512 1843 542 1866 e.
567 1844 704 1875 sccum5
729 1846 762 1869 v.
790 1835 832 1868 ad
858 1846 888 1868 c.
914 1835 974 1875 xl,
998 1832 1031 1867 8.
1058 1837 1092 1867 et
1120 1833 1280 1875 XXXlX,
1309 1831 1342 1867 5.

221 1895 348 1930 Lxxl.
381 1896 411 1936 §-
437 1893 470 1928 1.
518 1894 674 1937 allatae]
712 1896 863 1928 Verbum
897 1893 1069 1928 auxiliare
1101 1893 1260 1937 plerique
1292 1893 1390 1927 codd.
1418 1892 1521 1937 igno·-

129 1961 233 1999 rant,
258 1955 362 2000 pauci
387 1954 485 1988 varie
510 1956 694 1998 supplent:
727 1967 806 1989 nam
832 1956 866 1989 in
892 1955 988 1989 Leid.
1015 1957 1055 1988 Α.
1081 1955 1131 1988 Μ.
1157 1955 1314 1988 additum
1347 1958 1398 1988 est
1424 1954 1519 1996 fuis—

128 2025 224 2061 sent,
249 2019 285 2052 iu
309 2017 403 2052 Leid.
431 2017 474 2051 G.
501 2019 535 2049 et
560 2015 728 2050 Eichhof.
755 2022 887 2058 essent,
919 2017 956 2049 in
981 2016 1099 2050 Berol.
1123 2016 1157 2049 2.
1182 2015 1332 2049 Gocrlit,
1358 2019 1392 2049 et
1415 2014 1519 2048 Misn-

123 2085 266 2126 forcnt,
299 2080 334 2113 in
360 2076 479 2112 Leidd.
514 2078 561 2111 11.
596 2077 640 2112 N.
674 2083 776 2120 sunt,
810 2078 902 2122 quod
938 2089 1046 2111 unum
1080 2081 1174 2111 recte
1204 2075 1360 2120 suppleri
1396 2080 1519 2120 potest,

129 2155 238 2188 quum
263 2151 383 2175 sensus
405 2138 470 2173 sit:
498 2150 548 2172 eo
573 2145 613 2173 tc
625 2150 790 2183 mpure,
821 2151 904 2183 quo
930 2140 964 2172 h.
991 2139 1012 2172 l.
1039 2140 1175 2172 allatae
1199 2143 1300 2178 suut‚·
1323 2149 1356 2170 v.
1381 2137 1519 2179 Zumpt.

129 2207 207 2240 Lat.
234 2204 394 2237 Gramm.
431 2204 462 2244 §.
487 2201 546 2243 78,
570 2201 626 2236 11.
661 2213 694 2245 p.
718 2200 786 2234 421
812 2212 863 2244 sq.
896 2201 949 2234 ed.
974 2201 1033 2235 lv.
1057 2220 1102 2226 —
1139 2201 1207 2234 Pro
1231 2199 1377 2233 exercito
1401 2198 1520 2241 aliqua

131 2266 229 2301 codd.
265 2275 347 2309 pars
380 2263 487 2296 habet
520 2264 728 2303 exercitato;
770 2261 829 2295 sed
863 2261 950 2294 illud
986 2273 1053 2295 non
1085 2261 1200 2295 solum
1241 2258 1404 2293 meliores
1434 2257 1518 2292 libri

128 2338 270 2369 omnes,
301 2335 422 2358 verum
453 2323 562 2357 etiam
597 2323 676 2368 ipsa
708 2322 878 2356 sententia
909 2327 1038 2356 tuetur.
1098 2322 1189 2356 Nam
1222 2332 1329 2364 quum
1363 2330 1518 2354 exercerc

128 2387 258 2431 duplici
283 2397 384 2420 sensu
407 2384 564 2427 dicatur,
599 2396 642 2419 ac
666 2385 768 2418 modo
793 2383 967 2429 significet
1002 2383 1092 2417 vires
1116 2381 1306 2426 periclitari
1329 2385 1364 2415 et
1385 2391 1518 2425 turgere

128 2447 289 2488 studere,
314 2446 418 2480 modo
439 2446 531 2481 idem
555 2447 674 2481 valeat
696 2450 799 2488 atque
822 2444 1014 2490 exagitare,
1039 2455 1164 2479 vexare
1187 2444 1349 2486 maleque
1371 2441 1514 2485 habero,

130 2507 447 2552 frequentativum,
477 2507 608 2551 quippe
641 2519 710 2550 quo
741 2505 903 2550 repetitio
936 2506 1057 2539 ordino
1089 2510 1124 2540 et
1152 2505 1286 2539 ratione
1308 2504 1402 2536 facta
1424 2501 1514 2536 indi-

129 2575 248 2610 cetur,
284 2568 418 2602 nouuisi
442 2568 594 2612 priorem
629 2579 767 2601 sensum
792 2568 922 2600 habere
945 2571 1074 2611 potest,
1118 2566 1177 2610 qni
1201 2566 1245 2599 ab
1273 2565 1340 2598 hoc
1363 2564 1438 2596 luco
1461 2567 1515 2597 eet

131 2630 276 2665 alienus.
324 2630 464 2672 Quare,
499 2640 606 2673 quum
642 2629 705 2663 illa
729 2629 838 2662 verba
862 2628 1063 2673 germanice
1085 2627 1280 2671 significent
1303 2624 1410 2658 durch
1435 2625 1510 2657 kbr-

129 2691 278 2736 pcrlichc
307 2693 699 2734 Anstrcngungen
723 2690 878 2724 crmiidct
893 2716 902 2727 ,
928 2686 1031 2723 facile
1055 2686 1262 2727 intelligitur
1284 2686 1429 2720 exercito
1455 2696 1514 2717 ve—

132 2763 207 2787 rum
232 2751 440 2794 scripturum
471 2762 557 2784 csse.
594 2752 640 2785 cf.
676 2751 751 2785 biv.
777 2751 812 2793 Ι,
836 2749 901 2792 5⁴3,
928 2750 959 2784 3.
1012 2749 1076 2782 111³
1100 2748 1273 2782 laboribus
1298 2746 1515 2782 exercita

127 2813 248 2857 plebe.
273 2813 318 2847 cf.
344 2822 449 2855 cupra
474 2811 515 2846 ad
541 2823 571 2845 c.
599 2811 672 2853 xla,
697 2810 731 2845 5.
