1630 3034
144 168 229 209 468
513 160 557 205 C.
589 159 919 204 SALLUSTI
949 158 1165 204 CRISPI

146 280 219 325 cul
249 282 414 333 essent,
450 282 600 321 tamen
630 277 770 322 omnis
810 277 952 322 bonos
985 277 1258 338 reipublicae
1295 278 1527 323 subvenire
1573 285 1576 287 ’

81 380 135 422 49
148 377 350 422 decebat.
428 374 606 418 Etenim
657 374 833 435 ignavia
887 389 1022 419 nemo
1068 375 1327 420 immortalis
1374 375 1530 439 factus,

110 488 292 532 ¹neque
339 472 575 531 quisquam
627 487 790 532 parens
842 472 993 517 liberis
1047 473 1111 516 uti
1166 472 1334 517 aeterni
1385 472 1532 516 forent

150 570 345 631 optavit;
382 568 540 629 magis,
576 568 638 612 uti
671 569 779 612 boni
813 568 1081 628 honestique
1116 570 1252 614 vitam
1288 569 1534 630 exigerent.

85 639 141 712 50
154 668 290 711 Plura
333 666 556 721 dicerem,
603 665 822 721 QuiriteS‚
870 667 904 711 si
944 666 1107 711 timidis
1149 669 1355 724 virtutem
1399 667 1537 711 verba

153 764 396 817 adderent3
432 779 537 807 nam
573 763 759 807 strenuis
796 763 975 808 abunde
1006 764 1174 809 dictum
1208 770 1333 825 puto.

290 860 540 905 LXXXVI.
611 860 935 905 Huiuscemodi
983 862 1184 906 oratione
1233 861 1386 906 habita
1432 860 1539 904 Ma-

154 959 270 1016 rius,
315 964 555 1020 postquam
601 957 747 1018 plebis
793 958 962 1004 animos
1008 965 1204 1004 arrectos
1245 959 1393 1018 videt,
1428 973 1539 1018 pro-

155 1136 186 1157 c.
211 1121 280 1165 25,
302 1121 361 1157 78.
412 1122 557 1157 Roscius
591 1123 635 1157 si
666 1123 755 1158 nihil
788 1123 939 1166 diceret,
971 1123 1080 1159 tacito
1115 1123 1190 1167 ipso
1224 1123 1335 1166 officio
1367 1127 1402 1157 et
1431 1122 1545 1157 studio

156 1185 310 1228 quemvis
335 1188 570 1218 commoveret.
598 1183 739 1218 Terent.
764 1185 853 1221 Eun.
875 1186 904 1227 1,
929 1185 963 1227 1,
986 1185 1021 1219 4.
1068 1184 1250 1218 Redeam?
1283 1184 1389 1226 Non,
1421 1184 1460 1218 si
1491 1195 1546 1217 me

157 1244 335 1280 obsescret.
360 1245 407 1277 cf.
430 1245 617 1278 Ruhnken.
639 1245 683 1278 ad
707 1246 881 1281 Heauton.
906 1247 948 1288 V,
972 1245 1006 1288 4,
1030 1244 1087 1280 13.
1111 1245 1373 1279 Drakenborch.
1403 1245 1448 1279 ad
1472 1244 1547 1278 Liv.

157 1305 323 1346 XXXIII,
349 1305 407 1347 49,
429 1305 465 1339 3.
492 1304 715 1350 Oudendorp.
751 1308 796 1342 ad
828 1308 928 1343 Auct.
953 1308 998 1341 B.
1031 1307 1218 1341 Alexandr.
1243 1317 1273 1342 c.
1296 1306 1366 1348 LV,
1391 1304 1425 1342 5.
1455 1305 1548 1350 Gry·

158 1377 227 1400 sar.
252 1366 327 1400 Art.
354 1366 478 1401 Latine
501 1366 675 1401 scribendi
699 1379 733 1411 p.
756 1367 1058 1403 589.-Decebat
1081 1368 1213 1412 legitur
1237 1367 1271 1400 in
1296 1368 1373 1402 Vat.
1396 1367 1439 1401 A.
1463 1366 1550 1400 duo-

162 1427 227 1460 bus
252 1426 375 1468 mvii,
400 1427 515 1464 Mark.
542 1432 598 1471 Λ.,
631 1429 764 1463 Palatt.
789 1428 823 1462 3.
847 1429 882 1463 4.
907 1429 941 1463 ⁷.
975 1429 1058 1464 Bas.
1085 1429 1119 1463 1.
1143 1428 1242 1462 Leid.
1268 1428 1308 1462 L.
1333 1429 1377 1462 D.
1401 1428 1447 1462 G.
1472 1427 1549 1461 vin.

165 1488 198 1521 l.
225 1487 337 1523 Paris.
361 1487 397 1523 b.
420 1500 451 1523 c.
477 1501 510 1524 x.
534 1502 565 1524 z.
591 1494 626 1525 et
654 1490 772 1525 Berol.
796 1489 830 1523 2.
879 1490 934 1524 Ex
958 1490 1085 1524 ceteris
1108 1489 1266 1534 plerique
1288 1489 1419 1524 habent
1441 1489 1550 1529 decet,

161 1548 265 1592 pauci
297 1549 458 1591 deceret,
493 1554 681 1595 utrumque
713 1562 756 1584 ex
787 1550 1067 1595 interpolatione.
1125 1550 1215 1586 Nam
1241 1551 1377 1585 scribae
1409 1550 1551 1596 ignora-

160 1609 244 1643 bant
268 1609 303 1643 in
327 1609 567 1645 enunciatione
599 1611 830 1646 condicionali
855 1612 1023 1655 apodosin
1054 1611 1253 1656 imperfecti
1284 1611 1474 1646 indicativo
1499 1610 1551 1645 el‘-

160 1670 267 1712 ferri,
288 1670 318 1704 si
343 1671 398 1712 id,
423 1672 514 1714 quod
538 1683 580 1705 ex
614 1672 793 1716 proposita
817 1673 1021 1707 condicione
1044 1673 1190 1717 pendet,
1221 1683 1291 1706 non
1315 1672 1458 1714 incerti,
1492 1671 1551 1705 sed

160 1731 345 1780 certissimi
369 1743 411 1765 ac
433 1732 619 1766 necessarii
642 1736 783 1766 eventus
799 1743 874 1766 esse
894 1733 1071 1768 asseritur.
1096 1734 1142 1767 cf.
1165 1734 1377 1767 Ramshorn.
1394 1734 1552 1767 Gramm.

161 1793 238 1827 Lat.
274 1795 307 1835 §.
334 1792 415 1826 190.
440 1794 468 1835 1,
493 1793 526 1835 3,
553 1805 585 1829 c.
619 1806 654 1838 p.
679 1792 760 1828 585.
796 1792 849 1829 ed.
873 1794 914 1836 1.,
939 1805 979 1828 ex
1015 1794 1114 1829 cuius
1137 1793 1305 1839 exemplis
1329 1794 1418 1828 haec
1441 1799 1553 1827 traus-

162 1853 374 1888 scribemus:
407 1854 479 1888 Cic.
509 1865 542 1896 p.
568 1854 591 1889 l.
626 1854 750 1888 Manil.
785 1866 816 1888 c.
842 1854 897 1896 17,
922 1854 980 1890 5⁰.
1032 1857 1162 1899 Quodsi
1197 1857 1331 1890 Romae
1362 1854 1423 1888 Cn.
1451 1854 1552 1887 Pom—

161 1917 259 1960 peius
293 1916 453 1961 privatus
485 1919 616 1948 esset
648 1915 710 1948 hoc
744 1920 921 1960 tempore,
965 1921 1084 1951 tamen
1117 1917 1165 1950 ad
1198 1922 1335 1952 tantum
1365 1916 1490 1950 bellum
1525 1916 1554 1948 is

164 1981 265 2011 erat
302 1976 509 2021 deligendus
533 1981 640 2020 atque
664 1976 876 2017 mittendus,
903 1977 946 2011 ad
971 1989 1004 2020 q.
1029 1978 1053 2011 Ι.
1080 1978 1180 2021 plura
1203 1977 1321 2012 attulit
1344 1978 1438 2023 Aug.
1462 1978 1555 2011 Mat-

165 2036 267 2071 thias.
292 2037 409 2073 Tacit.
436 2036 529 2070 nist.
554 2037 581 2078 1,
605 2035 663 2078 16,
687 2037 721 2071 1.
757 2038 908 2072 Etiamsi
932 2039 1133 2072 immensum
1159 2039 1295 2083 imperii
1317 2049 1440 2083 corpus
1461 2043 1556 2072 sture

166 2109 206 2131 ac
231 2098 352 2132 librari
375 2099 448 2131 sine
471 2102 604 2132 rectore
624 2109 680 2142 po
695 2104 810 2140 sset,
841 2099 971 2145 dignus
1007 2110 1125 2132 eram
1161 2100 1297 2143 (Galla
1325 2099 1507 2143 loquitur)
1531 2110 1555 2132 a

165 2171 231 2202 quo
252 2159 400 2204 respubl.
424 2159 601 2202 inciperet.
626 2170 662 2192 V.
692 2159 911 2193 Boetticheri
939 2160 1021 2193 Lex.
1048 2159 1164 2193 Tacit.
1189 2170 1222 2192 v.
1249 2160 1392 2195 indicat.
1415 2172 1450 2205 p.
1474 2159 1554 2195 255.

165 2217 200 2260 3,
225 2229 257 2255 a.
281 2241 326 2246 -—
350 2220 450 2263 Quae
481 2224 672 2263 sequuntur
699 2220 808 2254 verba
838 2220 868 2254 si
897 2231 1035 2254 sensum
1069 2224 1201 2264 spectes
1235 2232 1276 2254 ex
1299 2221 1456 2256 Platonis
1480 2221 1554 2254 Me-

167 2291 297 2314 nexeno
331 2289 492 2324 expressa
526 2279 639 2313 videri
669 2279 741 2314 iam
772 2280 972 2316 observavit
997 2282 1037 2315 A.
1061 2281 1263 2323 Manutius;
1288 2293 1369 2316 nam
1393 2281 1443 2316 ibi
1468 2282 1556 2315 haec

167 2341 330 2385 leguntur
361 2353 392 2375 c.
416 2341 479 2374 20:
517 2337 566 2375 ου’
596 2339 665 2385 γάρ
697 2339 918 2382 ἀθανάτους
952 2342 1058 2387 σφίσι
1090 2344 1230 2385 παῖδας
1260 2341 1431 2388 εὔχονται
1459 2341 1557 2387 γενέ·

168 2401 281 2442 σθαι,
307 2398 380 2436 ἀλλ’
408 2399 580 2446 ἀγαθούς
613 2401 675 2437 καὶ
699 2400 874 2443 εὐκλεεῖς,
908 2414 998 2446 quae
1020 2416 1102 2439 sane
1126 2410 1205 2440 sunt
1238 2405 1364 2440 nostrin
1386 2404 1489 2439 valde
1511 2403 1558 2437 si·

168 2460 280 2495 milia.
306 2478 350 2487 -
376 2463 581 2507 Exigere
613 2463 723 2497 vitam
755 2463 1010 2507 explicavimus
1038 2467 1082 2500 ad
1115 2478 1145 2501 c.
1171 2467 1266 2508 xlv,
1292 2465 1349 2500 15.
1376 2484 1418 2490 —
1442 2464 1557 2498 Verba

170 2521 200 2554 ni
223 2522 355 2556 timidis
379 2524 541 2558 virtutem
566 2525 673 2558 verba
696 2525 866 2561 adderent
891 2537 960 2561 non
988 2527 1140 2562 multum
1166 2527 1334 2561 differunt
1355 2526 1401 2561 ab
1424 2524 1555 2561 oratio-

171 2591 214 2615 ne
238 2582 408 2618 Catilinae
431 2596 461 2617 c.
486 2584 606 2627 bun,
628 2585 662 2621 1.

263 2642 450 2680 mxxvi.
472 2647 504 2686 ἓ.
536 2645 568 2680 1.
616 2649 790 2693 arrectos]
825 2648 901 2683 Nou
935 2649 1027 2684 male
1060 2649 1198 2684 Coi-tius
1230 2648 1335 2683 huius
1358 2647 1453 2681 vocis
1482 2645 1554 2680 vim

170 2702 278 2736 refert
301 2703 345 2736 ad
367 2704 514 2739 tacitam
543 2706 792 2751 cogitationem
824 2710 925 2750 hessi,-
959 2722 992 2743 v.
1024 2722 1112 2754 quae
1136 2708 1381 2745 annotavimus
1410 2707 1454 2742 ad
1478 2707 1554 2741 Cat.

173 2762 336 2805 xxxix,
359 2764 394 2799 3.
421 2765 521 2801 etad
545 2767 623 2812 lug.
643 2769 773 2811 xxm,
798 2770 830 2805 1.
856 2782 891 2814 p.
915 2770 994 2805 lss.
1022 2791 1060 2797 —-
1090 2773 1160 2806 Pro
1183 2771 1364 2815 cuisque,
1390 2773 1427 2804 ut
1450 2779 1552 2803 omne
