1630 3034
163 225 249 266 4⁰2
533 217 578 260 C.
608 214 934 260 SALLUSTI
963 214 1188 260 CRISPI

166 336 320 382 cuniae
353 348 408 380 ex
449 332 622 395 oppido
657 337 792 378 noctu
825 331 1044 392 profugit..
1112 332 1274 392 Neque
1307 337 1466 393 postea
1499 333 1545 378 in

165 434 256 477 ullo
300 432 405 477 loco
449 431 638 492 amplius
686 443 775 474 uno
822 427 896 472 die
933 435 1009 473 aut
1050 444 1139 473 una
1185 434 1317 473 nocte
1351 435 1547 474 moratus

164 529 399 574 simulabat
417 542 517 573 sese
548 526 702 588 negoti
727 525 870 586 gratia
897 539 1172 586 properare3
1209 532 1407 571 ceterum
1437 541 1548 586 pro-

168 627 381 671 ditionem
407 624 617 681 timebat,
652 632 787 682 quam
821 623 961 667 vitare
995 638 1130 684 posse
1159 623 1385 668 celeritate
1414 628 1549 683 puta-

167 815 199 849 p.
225 802 302 837 119.
328 813 363 838 n.
386 801 444 838 32.
467 801 679 847 Heusinger.
710 799 755 834 ad
788 800 862 833 Cic.
885 800 929 833 de
960 799 1031 836 off.
1054 801 1091 843 1,
1116 800 1187 842 17,
1219 800 1257 835 9.
1302 800 1438 835 Eadem
1463 798 1553 834 ratio

166 869 218 898 est
242 865 461 898 Graecorum
491 862 745 897 adiectivorum
769 860 967 895 verbalium
990 861 1028 895 in
1058 860 1122 902 τός
1144 860 1367 903 exeuntium3
1391 872 1425 895 v.
1450 861 1555 894 Butt-

168 924 291 959 manni
316 924 478 958 Gramm.
513 924 575 957 Gr.
600 922 762 966 amplior.
795 923 828 964 ἓ.
852 921 933 955 102.
964 925 1034 957 not.
1058 921 1092 956 5.
1126 934 1158 966 p.
1186 921 1265 955 461.
1295 921 1467 956 Matthiae
1492 922 1554 956 Gr.

169 985 232 1019 Gr.
256 983 366 1029 ampl·
393 985 427 1026 §-
450 983 532 1018 220.
565 995 598 1027 p.
622 982 704 1017 420.
751 982 873 1027 Neque
904 982 1158 1028 negligendum
1188 981 1281 1026 quod
1304 982 1488 1017 Walchlus
1511 981 1556 1015 ad

167 1045 288 1080 Taciti
318 1044 474 1090 Agricol.
506 1056 542 1089 p.
567 1043 650 1078 352.
671 1043 826 1087 monuit,
861 1044 950 1078 haec
980 1043 1166 1089 participia
1197 1048 1381 1088 propterea.
1401 1043 1439 1078 in
1460 1043 1556 1076 hune

168 1118 308 1141 sensum
337 1110 505 1149 usurpata
534 1104 664 1147 fnisse,
697 1105 790 1149 quod
821 1104 996 1140 adiectiva
1028 1105 1064 1140 in
1087 1106 1144 1140 ilis
1167 1105 1334 1139 deessent.
1359 1125 1406 1132 —
1431 1103 1557 1137 Omnia

167 1178 271 1211 saepe
295 1166 514 1211 appositione
544 1165 701 1210 plurium
725 1165 1022 1201 substantivorum
1045 1166 1214 1201 illustrari
1238 1165 1390 1200 diximus
1412 1164 1457 1199 ad
1480 1163 1555 1198 Cat.

168 1229 295 1272 XXX,
317 1227 352 1261 4.
382 1239 417 1272 p.
451 1225 531 1261 139.
565 1226 610 1263 cf.
643 1226 751 1260 etiam
784 1228 861 1273 lug.
884 1227 1018 1270 xcw,
1041 1226 1078 1262 5.
1101 1246 1146 1252 —-
1177 1227 1284 1260 Locos
1316 1226 1449 1260 habent
1474 1223 1558 1258 libri

170 1288 376 1324 Gruteriani
390 1315 399 1331 ,
429 1287 467 1322 in
501 1287 626 1331 quibu·
650 1287 734 1322 Naz.
767 1292 803 1323 et
826 1288 1013 1330 CommeL,
1036 1289 1121 1322 Bas.
1144 1289 1179 1321 1.
1202 1287 1310 1322 Febr.
1334 1287 1368 1320 1.
1392 1286 1426 1321 2.
1449 1284 1556 1320 Acad.

169 1351 244 1385 Erl.
267 1350 359 1395 Teg.
382 1349 486 1383 Bern.
510 1349 545 1382 1.
571 1348 605 1383 3.
632 1349 744 1384 Paris.
768 1350 803 1383 b.
828 1360 857 1383 c.
882 1361 916 1385 x.
943 1361 976 1383 z.
1009 1349 1127 1385 Berol.
1161 1348 1195 1383 1.
1221 1347 1256 1382 2.
1282 1347 1385 1382 Misn.
1409 1345 1558 1381 Goerlit.

171 1410 288 1446 Ceteri
311 1412 398 1445 loca.
445 1410 603 1453 Utraque
625 1409 742 1444 forma
765 1422 873 1454 quum
895 1411 932 1445 in
950 1421 1021 1458 usu
1044 1410 1100 1453 sit,
1125 1412 1176 1452 (v.
1201 1409 1326 1451 xvm,
1355 1407 1389 1441 4.
1411 1407 1500 1450 LIV,
1523 1405 1558 1440 8.

172 1472 252 1506 coll.
277 1483 308 1505 c.
333 1470 509 1511 wasl.
536 1470 676 1512 xcvn,
701 1471 756 1515 1.)
781 1482 849 1505 non
873 1471 1204 1507 contemnendorum
1227 1469 1387 1504 codicum
1410 1465 1559 1503 auctori-

171 1536 279 1567 tatem
304 1531 413 1565 secuti
439 1541 569 1566 sumus.
594 1551 640 1558 -—
670 1532 802 1566 Ceteris
825 1532 884 1567 vix
907 1533 1054 1568 dubium
1077 1536 1150 1574 est,
1172 1531 1257 1575 quin
1281 1528 1473 1564 masculino
1497 1537 1561 1573 ge-

171 1603 255 1626 nere
272 1591 542 1637 intelligendum
573 1591 639 1635 sit,
670 1603 779 1636 quum
810 1595 973 1630 Metellus
1008 1592 1150 1636 ceteris,
1183 1592 1241 1626 vel
1271 1589 1474 1626 homiuibus
1503 1588 1561 1623 vel

172 1653 320 1688 ducibus
342 1655 550 1698 opponatur.
585 1670 630 1678 —
661 1653 862 1696 Industria,
891 1665 997 1699 quam
1029 1664 1153 1688 vocem
1185 1650 1414 1687 Doederlinus
1443 1649 1562 1695 Syno-

172 1725 307 1759 nymm.
331 1714 408 1748 Lat.
433 1713 508 1747 Vol.
533 1712 560 1746 1.
583 1723 617 1757 p.
641 1712 719 1747 120.
741 1717 844 1748 acute
867 1724 890 1748 a
913 1715 1020 1749 verbo
1041 1714 1206 1754 induere,
1229 1712 1254 1746 i.
1279 1723 1311 1747 e.
1334 1710 1464 1752 subire,
1485 1720 1562 1744 euo-

168 1765 292 1818 'cipere
323 1773 479 1817 aliquid,
512 1772 740 1807 derivandam
767 1778 885 1818 putat,
919 1774 994 1808 eius
1017 1778 1090 1816 est,
1118 1774 1178 1818 qui
1202 1784 1333 1819 magno
1356 1784 1398 1808 ac
1421 1775 1561 1806 strenuo

174 1835 294 1870 auimo
316 1835 361 1870 ad
383 1845 439 1869 res
463 1834 632 1880 gerendas
653 1845 728 1868 sese
751 1834 878 1875 offert,
903 1834 963 1878 qui
982 1835 1132 1882 negotiis
1155 1846 1192 1869 ee
1213 1845 1283 1868 non
1306 1832 1478 1874 subducit,
1501 1832 1561 1866 sed

174 1906 403 1939 quaecuuque
435 1895 573 1946 agenda
603 1899 681 1929 sunt
713 1894 867 1940 impigre
891 1897 1108 1942 aggreditur.
1154 1895 1283 1931 Differt
1304 1893 1414 1940 igitur
1436 1903 1459 1928 a
1482 1893 1561 1927 dm-

174 1958 322 2003 genna,
352 1967 443 2000 quae
465 1955 618 1990 cernitur
641 1956 676 1990 in
707 1967 745 1990 re
768 1956 890 2000 aliqua
912 1960 1010 1992 tanta
1031 1967 1118 1992 eura
1151 1961 1186 1992 et
1208 1960 1282 1991 tam
1304 1955 1470 1989 accurate
1491 1956 1562 1987 tru-

175 2017 322 2059 ctnmla,
351 2021 391 2051 ut
413 2016 511 2051 nulla
542 2016 618 2051 eius
649 2027 731 2060 pare
752 2017 977 2062 negligam-3
1010 2019 1054 2052 ct‘.
1081 2017 1242 2052 Doederl.
1266 2016 1291 2051 l.
1317 2014 1343 2049 1.
1368 2026 1402 2059 p.
1425 2013 1506 2048 121.
1526 2015 1560 2055 ς.

177 2077 234 2112 10.
260 2082 296 2112 et
318 2077 522 2111 Daehnium
545 2077 591 2111 ad
615 2077 702 2122 Nep.
735 2077 910 2113 Themist.
943 2091 978 2114 c.
998 2079 1015 2113 1
1031 2105 1041 2123 ,
1062 2079 1097 2114 3.
1145 2079 1199 2113 Eo
1223 2078 1283 2120 fit,
1307 2079 1346 2110 ut
1367 2075 1562 2110 industriae

177 2139 255 2173 laus
279 2137 386 2172 latius
409 2142 525 2181 pateat
547 2142 582 2173 et
605 2139 719 2183 magis
742 2139 917 2183 generalis
940 2139 986 2174 sit
1010 2140 1030 2185 (
1039 2140 1084 2175 cf.
1109 2140 1185 2185 lug.
1209 2140 1237 2183 1,
1261 2137 1293 2173 2.
1319 2137 1378 2180 lv,
1398 2135 1434 2171 7.
1456 2134 1562 2175 XCV,

178 2198 232 2241 4.)
246 2223 255 2240 ‚
282 2199 469 2244 diligentia
493 2200 698 2243 plerumque
721 2200 756 2233 in
780 2200 884 2234 rebus
907 2200 1010 2235 certis
1032 2212 1073 2235 ac
1096 2200 1243 2246 singulis
1265 2198 1451 2241 spectetur.
1498 2195 1564 2229 mn

179 2259 290 2303 igitur
321 2259 436 2304 magis
467 2259 510 2294 ad
541 2261 705 2295 virtutem
738 2260 895 2302 accedit,
924 2272 1072 2306 eamque
1101 2262 1146 2295 ob
1169 2269 1328 2295 caussam
1351 2267 1455 2301 saepe
1481 2267 1562 2290 cum

179 2319 249 2353 hac
273 2318 348 2363 ipsa
372 2330 457 2353 voce
488 2319 733 2366 coniungitur,
765 2325 803 2355 ut
826 2325 1012 2365 praeeunte
1035 2320 1245 2356 Ruhnkeuio
1269 2319 1314 2355 nd
1337 2318 1451 2353 Rutil.
1475 2317 1562 2361 Imp.

180 2380 223 2418 ΙΙ,
247 2379 280 2413 2.
307 2392 340 2424 p.
363 2379 420 2414 78.
454 2380 656 2414 observavit
679 2381 877 2426 limogias
899 2382 943 2416 ad
966 2382 1068 2418 Catil.
1092 2381 1243 2423 XXXV,
1266 2380 1301 2416 3.
1325 2391 1358 2424 p.
1383 2377 1463 2414 1⁷8.
1510 2378 1564 2412 Do

179 2440 349 2474 sententia
382 2440 482 2485 ipsa,
517 2451 587 2484 qua
614 2446 745 2475 natura
777 2443 868 2477 vinci
899 2442 1046 2485 dicitur,
1080 2443 1126 2476 cs.
1158 2443 1258 2477 Caes.
1280 2441 1323 2475 B·
1350 2439 1394 2476 G.
1417 2439 1481 2482 Vl,
1503 2436 1562 2474 4⁸·

181 2499 299 2543 ibique
320 2501 551 2546 Herzogium.
576 2520 621 2528 —
663 2503 754 2535 Uno
786 2503 842 2536 die
874 2513 954 2537 cum
978 2502 1168 2538 Gerlachio
1190 2501 1392 2546 scripsimus
1413 2509 1456 2535 ex
1478 2498 1562 2533 Nat.

181 2560 265 2594 Bas.
290 2561 322 2595 1.
348 2561 442 2595 Leid.
466 2563 506 2596 11.
533 2562 639 2597 Bern.
665 2562 697 2597 1.
725 2562 760 2596 8.
784 2563 858 2599 Erl.
887 2563 998 2598 Paris.
1024 2563 1060 2597 b.
1084 2573 1114 2599 c.
1137 2573 1170 2597 x.
1194 2573 1225 2596 z.
1249 2563 1367 2598 Bet-ol.
1395 2560 1431 2596 1.
1455 2558 1560 2594 Minu.

181 2620 301 2654 Goerl.
325 2622 514 2666 multisque
537 2623 636 2664 aliin3
671 2623 732 2659 alii
756 2635 827 2657 una
850 2623 907 2658 die
929 2624 1061 2659 habeut
1075 2648 1086 2665 ,
1107 2622 1400 2666 quemadmodum
1423 2618 1562 2655 eortius

183 2681 365 2726 vulgatam
387 2687 522 2718 secutus
552 2683 670 2720 edidit.
716 2684 918 2728 Repetitum
952 2684 1131 2719 numerale
1152 2689 1233 2718 ante
1253 2687 1350 2717 nocte
1382 2681 1418 2716 ln
1440 2680 1563 2725 pauci·

181 2740 281 2775 tibris
312 2742 424 2784 domu
453 2744 546 2786 quod
569 2754 781 2788 quamquam
804 2744 880 2779 fieri
905 2748 1036 2789 potest,
1070 2749 1186 2778 tamen
1217 2742 1324 2777 ruoilo
1345 2741 1472 2776 centies
1495 2740 1561 2776 ite-

174 2803 292 2834 ratam
321 2811 444 2835 vocem
466 2804 618 2837 multum
641 2805 685 2839 ad
705 2804 895 2839 sententiae
919 2805 991 2839 vim
1014 2805 1161 2845 addet-tn
1196 2804 1245 2837 cs.
1269 2812 1358 2847 quae
1381 2803 1426 2836 de
1447 2800 1558 2837 cimil}
