1630 3034
152 187 236 228 22⁰
530 181 578 224 G.
607 173 1200 226 SALLUSTICRISPI

156 300 443 353 confimmre3
485 297 714 358 trepidare
743 298 945 343 omnibus
971 298 1102 353 locis;
1153 299 1216 342 vis
1247 314 1414 360 magna
1447 298 1536 344 ho-

156 395 301 453 stium,
337 394 512 439 coelum
540 400 673 440 nocte
700 400 835 454 atque
862 395 1051 440 nubibus
1081 396 1382 456 obscuratum,
1417 395 1540 456 peri-

159 493 308 537 culum
354 507 547 552 anceps;
600 497 831 552 postremo
875 492 1038 552 fugere
1082 508 1138 537 an
1180 472 1363 538 manere
1408 493 1539 537 tutius

121 572 278 634 6foret
319 589 365 632 in
409 589 577 633 incerto
624 597 730 632 erat.
812 588 908 633 Sed
959 604 1014 633 ex
1057 604 1112 634 eo
1159 605 1391 646 numeros
1428 603 1540 648 quos

156 686 310 747 paullo
346 691 448 729 ante
484 691 718 745 corruptos
755 684 968 743 diximus,
1005 685 1167 731 cohors
1203 702 1289 730 una
1318 685 1542 746 Ligurum

158 799 260 828 cum
290 783 460 826 duabus
487 781 639 826 turmis
666 782 898 826 Thracum
935 788 980 827 et
1013 784 1165 843 paucis
1202 782 1419 844 gregariis
1455 781 1541 824 mi-

157 881 306 926 litibus
351 880 564 923 transiere
611 878 671 923 ad
713 894 893 940 regem,
949 886 993 924 et
1039 880 1237 924 centurio
1282 879 1416 939 primi
1463 877 1542 938 pili

153 1016 209 1050 las
233 1014 419 1048 nectendae
437 1012 632 1057 negligens.
678 1012 798 1056 Quum
827 1012 936 1058 igitur
964 1012 1079 1047 dicere
1110 1012 1285 1048 debuisset
1307 1023 1442 1057 eoque
1466 1023 1542 1056 per.

157 1088 233 1110 anc.
251 1075 372 1120 fnit,
396 1073 528 1108 omissa
548 1072 724 1117 particula
746 1074 794 1116 id,
819 1075 912 1118 quod
934 1073 1188 1108 consectarium
1211 1073 1291 1113 fuit,
1316 1072 1440 1106 eodem
1461 1071 1543 1106 loco

156 1136 268 1182 ponit,
288 1147 358 1179 quo
381 1135 416 1168 id
441 1133 704 1175 enunciaverat‚
727 1134 819 1178 quod
844 1145 1003 1169 caussam
1026 1134 1171 1170 alterius
1193 1133 1356 1168 continet.

250 1198 283 1242 §.
306 1197 341 1231 6.
388 1207 429 1229 ex
453 1207 493 1229 eo
515 1206 680 1236 numero,
716 1196 812 1239 quos]
848 1196 949 1229 Hanc
971 1198 1165 1229 structurae
1188 1194 1358 1228 rationem
1383 1191 1544 1238 pluribus
1560 1181 1567 1189 ’

154 1257 408 1293 illustravimus
431 1257 476 1290 ad
507 1267 538 1290 c.
564 1256 716 1297 XXXV,
740 1256 776 1289 6.
811 1272 855 1281 —
894 1257 948 1289 De
980 1255 1097 1289 verbis
1127 1256 1246 1289 cohors
1274 1266 1345 1289 una
1370 1251 1542 1299 Ligurum

157 1331 235 1354 cum
259 1319 388 1352 duabus
411 1317 533 1351 turmis
553 1317 724 1350 Thracum
747 1317 837 1350 haec
860 1317 933 1350 fere
955 1316 1106 1351 habetur
1123 1315 1235 1350 Cortii
1259 1318 1356 1349 nota:
1388 1314 1542 1356 „Cohor-

157 1386 210 1416 tes
241 1384 277 1413 et
308 1377 522 1412 auxiliorum
554 1382 673 1419 erant,
708 1381 742 1410 ct
769 1377 1005 1422 legionariae,
1035 1387 1167 1421 eaeque
1197 1387 1239 1409 ex
1274 1375 1467 1421 peditibus,
1505 1377 1544 1408 ut

157 1445 295 1476 turmae
318 1439 485 1482 equitum.
533 1438 683 1488 Ligur-qs
705 1438 791 1472 socii
812 1438 934 1482 populi
956 1437 1108 1471 Romani
1131 1436 1236 1478 facti,
1273 1440 1456 1481 postquam
1480 1446 1543 1479 per

157 1501 287 1535 multas
317 1500 431 1533 clades
463 1499 603 1533 tandem
645 1500 688 1533 ab
713 1501 752 1535 L.
778 1499 931 1534 Aemilio
956 1499 1091 1533 Scauro
1115 1498 1151 1532 in
1177 1497 1386 1531 deditionem
1411 1495 1543 1540 accepti

156 1565 257 1603 sunt,
287 1571 321 1594 v.
345 1560 440 1594 Flnr.
463 1561 519 1601 ΙΙ,
551 1560 584 1594 3.
596 1563 619 1579 “
667 1561 738 1594 Eos
762 1560 797 1594 in
822 1560 974 1594 exercitu
999 1561 1162 1594 Romano
1188 1564 1310 1594 contra
1333 1557 1542 1602 Iugurtham

156 1622 327 1657 militasse
351 1626 445 1664 patet
468 1621 574 1655 etiam
599 1633 641 1655 ex
666 1633 696 1655 c.
720 1622 856 1663 xcm,
882 1622 1013 1662 XCIV,
1038 1624 1072 1654 et
1096 1621 1143 1661 C,
1167 1620 1201 1653 2.
1234 1637 1283 1644 —-
1317 1620 1446 1652 Tur-ma
1469 1621 1543 1651 erat

156 1683 304 1729 triginta
327 1682 503 1726 equitnm3
535 1693 568 1716 v.
594 1683 706 1715 Varro
729 1682 772 1715 de
796 1682 835 1715 Ia.
861 1683 899 1716 L.
924 1681 989 1723 lv,
1022 1681 1079 1715 16.
1116 1680 1264 1725 singulis
1287 1684 1404 1713 autem
1429 1678 1541 1723 legio-

156 1743 258 1778 nibus
281 1743 400 1776 decem
424 1746 570 1784 turmae,
597 1742 743 1786 triginta
767 1741 926 1775 decurias
949 1742 1177 1783 continentes,
1201 1741 1428 1776 addebantur.
1478 1741 1542 1773 Er-

156 1810 213 1839 rat
235 1804 345 1850 igitur
369 1803 526 1844 eortius,
552 1803 609 1846 qui
634 1803 669 1836 in
694 1803 843 1847 singulis
867 1802 1064 1847 legionibus
1092 1801 1239 1845 triginta
1269 1805 1402 1834 turmas
1437 1800 1544 1834 fuisse

157 1866 261 1906 dicit3
293 1867 337 1897 cl'.
360 1864 562 1908 Bieupoort.
588 1865 660 1898 Rit.
688 1865 794 1898 Rom.
819 1863 870 1904 V,
899 1863 945 1905 2,
978 1863 1012 1898 1.
1049 1875 1085 1907 p.
1108 1862 1188 1897 355.
1223 1863 1276 1897 ed.
1299 1861 1358 1894 lx.
1392 1860 1543 1895 Nitschii

155 1925 293 1969 Antiqq.
319 1926 461 1958 Romm.
484 1924 562 1958 l‘ol.
587 1925 628 1958 ll.
655 1936 687 1968 p.
715 1922 815 1957 1418.
845 1923 899 1958 cd.
925 1923 988 1957 Ill.
1017 1943 1061 1948 —
1094 1923 1183 1957 Ante
1205 1924 1383 1968 gregariis
1406 1923 1443 1956 in
1465 1923 1541 1956 cod.

156 1988 229 2021 lnc.
252 1988 286 2020 2.
312 1986 431 2019 Struv.
455 1984 551 2018 Leid.
570 1985 613 2018 G.
638 1989 673 2018 et
695 1985 742 2020 Η.
768 1984 926 2018 additum
951 1987 1002 2018 est
1025 1996 1091 2023 ex‚·
1123 1983 1159 2017 in
1182 1985 1296 2018 Mai-k.
1319 1988 1361 2018 A.
1387 1995 1469 2018 vero
1493 1995 1540 2017 m.

157 2059 225 2083 sec.
248 2047 387 2091 scripsit
404 2047 537 2091 pauci
562 2057 609 2079 ex
632 2057 736 2091 greg.
762 2046 855 2088 mil„
881 2045 974 2090 quod
998 2045 1136 2079 VVassio
1160 2046 1262 2079 valde
1284 2045 1426 2089 placuit.
1473 2045 1542 2079 Sed

157 2113 345 2151 utrumque
370 2107 465 2142 haud
489 2107 593 2140 dubie
617 2111 786 2142 tentatum
809 2112 861 2141 est
884 2118 904 2141 a
927 2106 1071 2148 scribis,
1107 2105 1166 2149 qni
1198 2117 1265 2139 non
1296 2106 1542 2151 intelligerent,

156 2168 333 2213 quomodo
355 2169 424 2202 duo
447 2168 621 2203 adiectiva
653 2168 727 2202 sinc
750 2169 876 2212 copula
900 2168 960 2202 uni
990 2167 1206 2201 substantivo
1229 2167 1542 2210 praemitterentur,

158 2231 201 2263 de
224 2240 294 2273 quo
316 2233 511 2263 structurae
534 2240 662 2274 genere
684 2239 719 2264 v,
745 2234 863 2263 notata
886 2229 929 2263 ad
953 2240 984 2261 c.
1009 2228 1122 2269 XXX,
1148 2227 1181 2264 3.
1205 2228 1366 2262 Ceterum
1389 2227 1544 2273 Langius

156 2291 344 2335 gregarios
366 2290 495 2324 milites
519 2301 699 2334 perperam
725 2290 810 2324 dicit
835 2290 1009 2323 Thracum
1033 2299 1107 2322 csse
1129 2289 1286 2332 pedites,·
1316 2300 1357 2323 ex
1380 2287 1544 2322 universa

159 2350 253 2383 enim
278 2350 346 2383 loci
370 2350 506 2385 ratione
530 2355 625 2395 patet
651 2352 823 2385 Romanos
845 2350 978 2395 pedites
1001 2349 1163 2394 intelligi.
1195 2369 1241 2374 —
1274 2350 1342 2383 Pro
1374 2349 1544 2384 transiere

160 2411 269 2445 Febr.
286 2411 320 2444 1.
344 2410 378 2444 2.
406 2411 549 2446 Vrat.‘.'..
574 2411 654 2445 Son.
672 2412 706 2447 2.
733 2413 858 2446 lleuss.
882 2412 966 2446 ΝΜ.
992 2409 1068 2443 Pal.
1084 2409 1118 2443 2.
1144 2408 1246 2445 Misn.
1271 2416 1304 2443 ct
1328 2410 1448 2443 Goerl.
1471 2409 1540 2442 ha-

161 2471 245 2504 bent
269 2471 438 2513 transire,
471 2472 562 2515 quod
588 2472 727 2506 Cortins
751 2476 842 2505 recte
864 2470 996 2505 iudicat
1020 2473 1203 2514 propterea
1222 2469 1359 2503 illatum
1383 2481 1475 2511 esse,
1499 2480 1543 2502 ne

160 2531 205 2565 ad
222 2530 427 2574 primarium
442 2532 636 2567 subiectum
661 2533 800 2577 (cohors
818 2532 908 2575 una)
931 2530 1101 2575 singulari
1119 2541 1263 2564 numero
1278 2531 1425 2574 positum
1442 2541 1541 2574 pruc-

160 2590 268 2625 dicati
298 2591 443 2634 pluralis
474 2595 671 2627 referretur.
719 2594 820 2636 Quae
849 2591 1111 2626 constructionis
1142 2591 1234 2626 ratio
1257 2590 1301 2625 sit
1324 2590 1474 2624 diximus
1497 2590 1541 2623 ml

162 2654 236 2688 Cat.
261 2653 393 2695 xhul,
417 2652 451 2686 l.
479 2665 510 2697 p.
536 2654 615 2688 197.

255 2714 408 2747 centurio
425 2715 531 2757 primi
551 2715 630 2759 piu]
663 2715 702 2747 ln
726 2713 821 2747 omni
846 2713 983 2758 legione
1006 2712 1076 2746 tria
1099 2723 1228 2757 genera
1252 2715 1350 2745 crant
1376 2710 1540 2751 militum,

167 2775 324 2816 hautun,
349 2773 541 2818 principa,
565 2774 682 2809 triarii
703 2774 777 2808 sive
799 2775 937 2818 piloni:
962 2785 991 2807 c.
1019 2774 1138 2818 Veget.
1162 2774 1215 2814 ll,
1240 2772 1274 2806 8.
1309 2771 1540 2817 Singulorum
