1630 3034
134 216 223 263 ¹153
509 218 554 262 C.
584 217 912 262 SALLUSTI
941 215 1164 263 CRISPI

139 335 416 398 prolatandis
453 336 847 381 consultationibus
883 335 1056 396 dilapsa
1101 337 1244 391 foret3
1298 342 1420 381 tanta
1460 339 1525 382 vls

109 435 314 496 ggratiae
345 440 479 492 atque
514 433 733 493 pecuniae
767 433 887 494 regis
924 440 1031 481 erat.
1104 434 1199 479 Sed
1233 434 1310 479 ubi
1339 434 1527 478 Senatus

141 532 292 577 delicti
336 530 606 576 conscientia
649 531 875 591 populum
915 531 1065 588 timet,
1108 532 1213 592 lege
1257 531 1530 591 Sempronia

139 627 398 690 provinciae
443 627 598 671 futuris
640 628 896 673 consulibus
948 628 1161 673 Numidia
1217 634 1352 686 atque
1404 628 1530 672 Italia

107 727 375 779 4decretae‚
412 724 615 769 consules
663 724 875 770 declarati
920 725 971 773 P.
1030 726 1185 787 Scipio
1228 725 1390 769 Nasica
1409 760 1423 782 ‚
1473 724 1528 772 L.

142 927 196 962 dis
219 926 255 961 in
279 926 357 961 cod.
381 924 522 970 Ursini,
545 925 635 960 Tur.
661 925 694 959 1.
720 928 754 958 et
775 925 848 961 Ine.
873 925 909 961 2.
932 929 984 960 est
1004 927 1230 970 protelandis,
1255 925 1346 970 quod
1372 925 1533 960 Manutio

140 989 259 1034 magis
283 987 524 1031 antiquitatem
546 988 641 1020 olere
663 985 857 1020 videbatur.
890 985 958 1019 Sed
983 987 1126 1020 florente
1150 987 1337 1021 Latinitate
1359 988 1533 1032 protelare

141 1049 383 1086 tantummodo
415 1053 493 1082 erat
524 1049 560 1081 υἱ
591 1047 802 1092 propellere,
835 1047 891 1079 vel
926 1047 1092 1092 abigere,
1130 1051 1169 1080 ut:
1202 1051 1295 1080 recte
1333 1047 1533 1081 observavit

141 1111 283 1146 Cortius
306 1110 348 1144 ad
374 1109 479 1143 Catil.
504 1108 638 1149 XLIII,
662 1108 696 1142 3.
720 1107 923 1141 Postremae
945 1118 1030 1141 vero
1063 1107 1186 1142 aetatis
1216 1108 1401 1151 scriptores
1431 1119 1534 1142 usur—

142 1177 269 1217 parunt
291 1182 355 1215 pro
383 1170 541 1212 trahere,
567 1169 728 1213 differre,
750 1170 1028 1212 procrastinare,
1062 1179 1166 1212 quarn
1198 1173 1406 1212 potestatem
1440 1169 1533 1212 apud

142 1234 307 1278 probatos
331 1235 491 1266 auctores
513 1232 691 1274 prolatare
713 1230 834 1265 habet.
859 1241 892 1263 v,
919 1230 1181 1264 Drakenborch.
1206 1230 1249 1263 ad
1274 1229 1351 1264 Liv.
1376 1230 1449 1271 vn,
1474 1230 1532 1264 21.

140 1295 176 1329 2.
200 1294 245 1328 cf.
271 1293 359 1326 Sall.
383 1292 564 1337 Frngnnm.
592 1291 741 1325 Historr.
767 1291 801 1333 1,
828 1291 895 1332 19,
920 1291 976 1325 16.
1001 1292 1096 1326 Gerl.
1119 1291 1168 1325 ib.
1194 1291 1258 1332 lv,
1285 1290 1351 1333 12,
1377 1291 1434 1327 12.
1459 1291 1534 1324 Cic.

141 1355 179 1390 in
210 1354 313 1389 Catil.
346 1354 413 1396 IV,
444 1353 489 1393 3,
525 1351 548 1386 6
579 1360 670 1387 extr.
702 1352 780 1386 Liv.
816 1353 869 1393 11,
903 1352 972 1394 36,
996 1352 1031 1387 5.
1057 1352 1171 1385 Tacit.
1196 1352 1284 1386 Anu.
1308 1353 1377 1392 vt,
1403 1352 1475 1394 42,
1498 1351 1533 1386 4.

142 1417 244 1458 xm,
279 1415 346 1457 34,
378 1414 413 1451 2.
446 1432 491 1438 -
528 1413 631 1448 Feret
663 1417 822 1446 constans
853 1413 928 1446 fere
960 1413 1116 1447 omnium
1147 1414 1246 1447 codd.
1270 1413 1443 1456 scriptura
1468 1416 1530 1457 est,

141 1477 208 1512 nisi
238 1476 332 1522 quod
365 1475 482 1510 Guelf.
516 1474 550 1508 l·
589 1478 625 1508 et
655 1474 736 1508 Sen.
767 1474 799 1508 2.
831 1480 908 1507 erat
931 1473 1084 1516 habent,
1110 1474 1199 1518 quod
1226 1473 1364 1508 Cor-tius
1386 1474 1534 1518 recepit.

142 1538 236 1581 Quin
265 1537 301 1571 id
331 1548 371 1570 ex
404 1535 610 1570 Latinorum
642 1546 707 1568 usu
738 1539 832 1569 recte
860 1535 1016 1576 habeat,
1048 1546 1118 1568 non
1151 1540 1264 1579 potest
1298 1535 1472 1577 dubituri3
1495 1546 1532 1570 V.

141 1599 238 1634 Cort.
263 1598 306 1632 ad
330 1598 367 1631 h.
399 1597 422 1630 1.
448 1601 482 1630 et
509 1597 648 1640 Zumpt.
674 1597 832 1632 Gramm.
858 1595 936 1630 Lat.
960 1597 992 1638 §-
1016 1595 1086 1640 77,
1117 1596 1150 1630 2.
1177 1601 1246 1630 not.
1272 1596 1304 1633 l.
1331 1609 1362 1640 p.
1388 1596 1459 1630 388
1482 1607 1534 1640 sq.

140 1660 196 1695 ed.
230 1659 311 1700 lV.;
353 1657 410 1691 sed
439 1657 701 1691 coniunctirum
732 1661 916 1701 propterea
947 1667 1049 1690 nemo
1074 1658 1205 1691 falsum
1228 1657 1365 1691 dixerit.
1425 1657 1535 1691 Prae-

141 1726 239 1755 terea
262 1719 392 1753 mirum
417 1718 594 1759 videatur,
620 1717 793 1751 neminem
818 1717 1045 1751 librariorum
1070 1722 1147 1750 erat
1181 1717 1217 1750 in
1253 1723 1339 1752 esset
1370 1722 1534 1759 mutasse,

140 1781 170 1815 si
194 1781 279 1816 illud
306 1778 465 1814 Sallustii
488 1777 630 1819 fuisset,
655 1777 712 1811 sed
738 1789 856 1812 omnes
879 1779 1051 1823 singulari
1076 1779 1133 1811 vel
1156 1777 1351 1811 constantia
1373 1778 1429 1811 vel
1453 1790 1535 1811 casu

140 1839 177 1874 in
204 1841 303 1883 soret
333 1837 546 1882 conspirare.
602 1838 759 1882 Denique
791 1843 867 1872 erat
899 1850 941 1872 eo
964 1850 1102 1882 quoque
1125 1843 1320 1883 suspectum
1345 1843 1417 1880 est,
1442 1839 1535 1882 quod

139 1901 217 1934 cod.
253 1900 402 1940 neusa,
439 1897 500 1942 qui
531 1909 612 1932 cum
644 1898 724 1935 Sen.
758 1898 794 1933 2.
827 1899 878 1933 ita
902 1899 1092 1941 consentit,
1116 1903 1157 1932 ut
1181 1905 1325 1942 uterque
1347 1911 1389 1933 ex
1413 1898 1534 1933 eodem

141 1962 237 1995 fonte
264 1959 407 1994 fluxisse
439 1960 640 1993 statuendus
671 1960 733 2004 sit,
774 1959 862 1994 illud
887 1971 953 1993 non
979 1960 1108 1998 habet,
1143 1961 1202 1993 sed
1227 1960 1409 2004 vulgatum
1435 1970 1537 2003 prae-

140 2023 224 2063 bet;
248 2021 340 2055 unde
368 2019 532 2053 coniicias
557 2019 727 2064 peculiari
756 2021 869 2064 lapsui
894 2021 951 2054 vet
974 2019 1236 2064 interpolationi
1262 2025 1339 2054 erat
1363 2021 1397 2054 in
1414 2021 1535 2055 Guelf.

143 2084 176 2117 1.
196 2088 231 2117 et
247 2082 330 2117 Seu.
343 2081 378 2118 2.
390 2080 524 2116 deberi.
545 2100 584 2105 —
601 2082 704 2125 Quod
728 2082 764 2115 iu
787 2081 856 2115 fine
879 2081 1013 2125 periodi
1032 2080 1163 2125 legitur
1187 2086 1277 2122 emt,
1303 2081 1443 2115 Curtius
1466 2092 1535 2115 non

142 2144 275 2185 habet,
312 2142 396 2186 quia
426 2142 461 2175 in
497 2141 617 2176 Guelf.
652 2142 685 2176 1.
717 2147 796 2177 ante
828 2143 945 2188 regis,
981 2142 1015 2176 in
1051 2142 1162 2176 tribus
1187 2142 1266 2176 eliis
1293 2147 1373 2186 post
1393 2144 1537 2188 gratiae

143 2202 522 2244 collocatum'invenit,
547 2203 582 2236 in
606 2203 723 2237 Guelf.
749 2203 782 2237 2.
804 2208 922 2237 autem
945 2203 1132 2237 incesserat
1154 2201 1230 2236 eius
1253 2203 1370 2237 locum
1394 2203 1535 2237 obtinet.

143 2263 275 2309 Quodsi
298 2263 333 2296 in
357 2263 499 2307 optimis
522 2263 620 2297 codd.
647 2264 751 2308 plane
774 2264 926 2306 deesset,
950 2264 1018 2297 hae
1039 2273 1186 2298 caussae
1203 2264 1336 2308 aliquid
1362 2265 1537 2306 volemum

144 2336 235 2359 nune
270 2324 359 2358 nihil
384 2325 594 2359 mutandum
628 2336 774 2367 censeo,
806 2335 918 2368 neque
950 2323 1074 2366 video,
1119 2326 1294 2368 quomodo
1324 2325 1399 2359 sine
1427 2325 1537 2359 verbo

143 2385 271 2420 melior
300 2386 363 2419 fiat
393 2385 530 2429 oratio,
567 2389 607 2420 ut
638 2385 849 2420 Gerlachius
881 2385 916 2420 in
949 2385 1087 2420 Comm.
1112 2397 1145 2429 p.
1170 2384 1252 2420 254.
1277 2386 1409 2422 statuit.
1433 2387 1479 2420 cf.
1503 2396 1534 2420 e-

145 2445 225 2487 XL,
249 2446 281 2480 3.

237 2508 271 2549 §.
305 2506 328 2540 3
345 2526 387 2531 —
404 2505 439 2540 5.
466 2506 545 2551 lege
581 2506 802 2551 Sempronia]
826 2504 904 2540 Hac
928 2506 1007 2549 lege
1031 2515 1051 2539 ιι
1074 2505 1113 2539 C.
1140 2504 1347 2549 Sempronio
1371 2504 1535 2539 Graccho

145 2576 235 2601 anno
261 2578 296 2600 u.
320 2579 348 2599 c.
374 2566 454 2599 630.
480 2577 511 2600 a.
533 2567 616 2600 Chr.
643 2577 676 2601 n.
702 2566 780 2600 12⁴.
806 2567 898 2606 latu,
923 2572 1065 2599 cnutum
1091 2572 1166 2599 erut
1183 2592 1191 2607 ‚
1227 2572 1265 2600 ut
1292 2566 1536 2600 nnto‘romitiu

147 2627 344 2660 consularia
368 2631 507 2661 senatus
531 2627 747 2667 decerneret,
778 2627 811 2660 in
837 2637 924 2669 qnns
946 2627 1144 2670 provinciae
1167 2626 1332 2660 Cnmsuleu
1363 2625 1535 2670 designati

147 2687 234 2721 Inito
258 2688 438 2721 consulatu
464 2689 699 2729 mitterentur,
725 2688 826 2731 eique
848 2693 985 2721 sanutus
1008 2686 1168 2720 eonsnlto
1190 2695 1234 2720 ne
1257 2685 1420 2719 intercedi
1454 2694 1534 2729 pos-

147 2753 209 2782 cet.
258 2747 450 2782 Provinciis
472 2754 588 2782 antem
614 2749 830 2789 constitutis,
854 2760 945 2792 quiae
968 2748 1166 2781 consulares
1190 2746 1419 2787 vocabuntur,
1445 2745 1535 2778 Οοιι-

147 2809 238 2842 nnles
271 2820 332 2843 cao
363 2809 417 2841 vel
457 2810 708 2851 mnnpnralmnt
741 2809 831 2843 inter
859 2820 915 2847 se.
948 2809 1003 2842 vel
1034 2807 1276 2841 sortiebantur.
1309 2805 1354 2838 cf.
1399 2804 1534 2838 Ernesti
