1630 3034
431 142 794 209 IUGURTHA.
855 142 1136 187 cAP.x1V.
1419 148 1474 190 73

86 268 173 306 tres
231 261 501 320 conscripti,
561 260 773 318 quoniam
833 274 887 303 eo
938 260 1212 304 miseriarum
1262 263 1471 305 venturus

86 374 208 402 eram
233 390 245 413 ,
290 359 449 402 vellem
492 358 641 417 potius
695 357 755 400 ob
809 371 909 400 mea
962 373 1097 415 quam
1145 359 1204 401 ob
1253 359 1472 402 maiorum

86 470 289 500 meorum
322 454 542 498 beneficia
579 468 713 512 posse
741 468 767 496 a
803 453 928 497 vobis
959 455 1166 498 auxilium
1197 461 1372 514 petere,
1419 471 1472 498 ac

87 567 293 597 maxume
339 551 493 596 deberi
543 550 649 594 mihi
695 550 918 594 beneficia
965 566 992 593 a
1029 552 1204 611 populo
1246 553 1472 609 Romano,

87 726 158 759 lam
183 723 367 758 transitum
391 724 468 757 fieri
490 734 533 757 ex
556 722 770 767 praegressis
793 723 837 756 ad
859 722 1048 766 sequentia,
1073 723 1116 758 de
1138 736 1206 768 quo
1226 737 1290 758 usu
1316 737 1347 760 v.
1371 727 1475 760 Frot-

87 787 249 820 seherum
274 785 318 819 ad
353 785 520 829 Quinctil.
544 786 589 827 X,
614 784 648 824 2,
672 783 728 817 20.
761 796 795 827 p.
822 783 902 817 128.
925 803 971 808 -—
994 785 1152 819 Mem-um
1184 786 1321 819 Curtius
1346 792 1476 821 temere

86 847 238 890 delevit,
267 857 336 880 uno
361 846 436 879 cod.
458 846 584 878 Franc.
609 844 716 878 nisus.
762 845 859 878 Idem
880 845 988 879 verba
1013 858 1036 879 a
1052 847 1167 887 vobis,
1191 858 1280 890 quae
1304 848 1339 880 in
1360 848 1474 882 Guelf.

87 909 142 944 lo.
167 909 222 942 ll.
248 912 283 942 et
306 907 402 942 Leid.
426 907 470 940 F.
494 907 629 947 desunt,
652 904 804 948 expulit,
831 905 923 948 quod
947 916 1029 938 cum
1051 907 1242 941 sententiae
1269 908 1476 943 detrimento

88 970 220 1003 factum
243 980 317 1002 esse
339 972 432 1001 recte
455 966 626 1001 indicavit
650 966 871 1001 Gerlachius.
918 965 994 1000 Non
1019 970 1118 1010 optat
1147 968 1239 1001 enim
1271 969 1304 1002 in
1336 970 1476 1003 univer-

87 1041 164 1064 sum
188 1029 386 1070 Adherbal,
418 1033 456 1062 ut
486 1028 552 1062 sibi
579 1027 749 1061 auxilium
777 1031 894 1070 petere
923 1027 1050 1071 liceat,
1076 1028 1134 1061 sed
1159 1033 1198 1062 ut
1225 1029 1302 1063 iure
1325 1032 1477 1073 quodum

86 1101 150 1125 suo
174 1102 198 1123 a
222 1091 388 1123 Romanis
422 1092 540 1134 petere
572 1087 689 1132 possit.
737 1087 805 1121 Sed
836 1099 889 1121 me
912 1099 1119 1131 pronomen,
1153 1091 1244 1132 quod
1269 1092 1376 1136 vulgo
1397 1097 1478 1126 ante

87 1152 196 1184 verba
221 1163 243 1185 a
266 1151 360 1184 vobis
391 1150 539 1194 legitur,
574 1150 714 1183 eortius
747 1152 841 1182 reete
873 1148 1012 1190 omisit,
1051 1150 1242 1184 Gerlachio
1274 1163 1342 1185 non
1378 1153 1477 1186 obse-

87 1216 213 1256 quente
235 1211 270 1244 in
295 1212 347 1246 ed.
372 1210 526 1251 maiore,
561 1220 773 1253 quamquam
798 1209 832 1242 in
856 1209 1065 1244 Commentt.
1093 1223 1126 1255 p.
1151 1210 1228 1245 233.
1254 1222 1322 1244 non
1345 1211 1479 1255 impro-

88 1274 170 1315 hat,
192 1273 229 1306 in
261 1273 314 1306 etl.
340 1271 531 1305 novissima
552 1275 667 1304 tamen
692 1271 876 1315 vulgatam
908 1282 1028 1304 rursus
1051 1283 1207 1315 sequens.
1254 1273 1360 1306 Deest
1383 1273 1478 1308 enim

88 1334 122 1368 in
147 1332 388 1376 antiquissimo
406 1331 482 1366 Vat.
510 1332 563 1372 A„
589 1334 662 1364 tum
684 1331 717 1364 in
745 1331 823 1365 Vat.
847 1331 882 1364 4.
908 1331 1025 1364 Guelf.
1051 1331 1084 1365 4.
1111 1332 1168 1365 12.
1195 1333 1275 1367 Sen.
1297 1333 1329 1367 2.
1350 1336 1477 1369 Heuss.

88 1395 194 1429 Bern.
222 1393 256 1428 1.
274 1392 308 1426 4.
333 1394 416 1426 Bas.
439 1391 472 1425 4.
497 1392 594 1425 Leid.
624 1393 665 1426 D.
697 1392 749 1433 (ἲς
781 1391 817 1425 in
845 1392 920 1425 Erl.
951 1403 1034 1425 vero
1070 1397 1150 1427 ante
1178 1399 1300 1438 petere
1335 1395 1477 1440 legitur,

89 1456 180 1489 unde
211 1459 308 1499 patet
340 1456 361 1487 a
392 1452 547 1487 librariis
575 1452 742 1486 insertum
774 1464 865 1493 esse,
896 1452 956 1495 qui
991 1453 1142 1487 subiecti
1178 1454 1315 1497 ellipsin
1351 1455 1388 1489 in
1411 1456 1477 1490 tali

87 1521 260 1551 structura
284 1526 351 1549 non
376 1515 553 1547 ferendam
577 1516 748 1557 putarent.
797 1512 868 1546 Sed
891 1525 922 1547 v,
946 1513 989 1547 ad
1012 1514 1116 1547 Catil.
1135 1515 1263 1556 xxm,
1284 1516 1317 1549 7.
1342 1529 1375 1560 p.
1396 1517 1476 1551 147.

87 1577 274 1611 Praeterea
297 1576 344 1608 cf.
369 1574 541 1619 Krueger.
562 1574 604 1607 de
621 1574 765 1608 Attract.
793 1577 825 1616 ἓ.
840 1573 921 1609 133.
944 1574 1203 1618 pem—345.
1222 1580 1256 1610 et
1275 1577 1479 1612 'Walehium

87 1638 133 1672 ad
156 1637 244 1670 Tac.
269 1636 392 1681 Agric.
416 1648 446 1671 c.
473 1636 614 1669 xxm.
640 1646 673 1677 p.
697 1633 766 1667 319
783 1646 856 1678 sqq.
884 1635 1029 1680 egregie
1052 1636 1095 1669 de
1118 1637 1186 1670 hoc
1210 1649 1275 1671 usu
1298 1639 1480 1682 disputan—

88 1703 148 1732 tes.
196 1697 324 1731 Nostro
346 1695 457 1741 igitur
481 1696 558 1729 loco
582 1707 690 1739 quum
715 1697 900 1740 praecedat
923 1699 1236 1731 vellem—mea
1253 1718 1296 1723 —
1314 1711 1480 1742 meorum,

85 1769 154 1792 non
179 1762 230 1791 est
253 1758 346 1801 quod
369 1757 563 1791 subiectum
587 1756 715 1792 diserte
738 1758 889 1802 positum
913 1758 1097 1793 desideres.
1123 1759 1168 1794 cf.
1192 1759 1284 1793 infra
1308 1772 1337 1795 c.
1359 1762 1480 1803 LXIV,

86 1817 120 1853 5.
147 1819 300 1859 LXXVI,
325 1818 529 1861 l.—Quae
552 1822 743 1862 sequuntur
766 1829 834 1858 non
858 1830 926 1852 uno
949 1819 1090 1852 nomine
1113 1823 1238 1854 vexata
1261 1824 1351 1853 sunt.
1399 1822 1480 1855 Pri-

88 1891 185 1914 mum
208 1878 345 1912 Cottius
371 1878 536 1922 beneficia
559 1883 637 1922 post
661 1880 745 1912 mihi
768 1879 953 1922 expunxit,
985 1880 1086 1913 nullo
1111 1880 1269 1914 codicum
1293 1881 1478 1924 praesidio,

87 1947 122 1975 et
144 1945 263 1983 aperte
287 1939 503 1973 obstantibus
526 1938 767 1983 sequentibus3
799 1951 882 1974 nam
906 1951 949 1974 ea
974 1959 1018 1965 —
1041 1941 1277 1975 desideranda
1296 1942 1480 1976 —debitis

87 2012 155 2035 non
179 2001 247 2034 dici
270 2000 444 2044 potuisse,
469 2000 536 2034 nisi
561 2001 604 2034 ad
627 2011 871 2044 praegressum
893 2013 1020 2036 nomen
1043 2002 1284 2045 respiceretur,
1309 2007 1402 2036 recte
1425 2003 1480 2037 vi-

88 2061 138 2094 dit
163 2061 383 2094 Gerlachius.
430 2061 526 2094 Tum
558 2072 620 2104 pro
642 2062 828 2095 secundum
852 2073 895 2096 ea
918 2063 949 2095 si
972 2061 1135 2104 permulti
1160 2062 1243 2095 libri
1267 2063 1398 2098 habent
1420 2066 1482 2099 scd

90 2133 132 2155 ea
155 2121 186 2154 si
208 2121 266 2153 vel
290 2121 351 2154 secl
375 2122 406 2154 si
430 2133 500 2161 ρας
534 2122 715 2165 vulgatam
743 2133 827 2154 vero
851 2124 990 2165 praeter
1014 2121 1124 2154 Prisc.
1150 2122 1243 2164 XIV,
1268 2123 1303 2166 1,
1325 2124 1357 2158 5.
1383 2125 1428 2160 T.
1451 2127 1480 2159 Ι.

90 2194 124 2225 p.
150 2180 230 2215 584.
257 2181 310 2213 cd.
345 2182 408 2215 Kr.
432 2186 574 2215 tuentur
598 2182 674 2216 vat.
698 2180 739 2216 Α.
763 2181 845 2215 Bas.
872 2182 905 2217 1.
937 2181 1022 2215 ΜΖ.
1048 2183 1150 2216 Rem.
1177 2183 1209 2216 1.
1241 2184 1274 2217 2.
1303 2185 1423 2218 Guclt'.
1445 2186 1479 2219 2.

89 2241 122 2276 8.
147 2241 223 2274 tin.
245 2241 278 2276 1.
301 2241 334 2275 2.
360 2243 485 2275 Heuss.
510 2242 590 2275 Seu.
613 2242 648 2276 2.
674 2242 769 2275 Vrat.
792 2242 826 2275 2.
855 2253 896 2275 ex
920 2242 1115 2277 wassianis
1141 2245 1242 2278 Bodl.
1263 2247 1304 2279 Γ.
1331 2249 1364 2279 et
1389 2247 1480 2291 Reg.

87 2302 206 2336 Leidd.
232 2301 272 2334 Α.
293 2301 337 2335 Β.
361 2302 399 2335 C.
419 2304 461 2336 D.
481 2303 507 2336 Ι.
527 2302 568 2336 N.
621 2302 756 2336 Tamen
781 2303 823 2335 tle
847 2315 949 2336 sensu
971 2314 1013 2337 ac
1032 2304 1073 2338 de
1091 2305 1324 2349 grammatica
1344 2307 1482 2341 ratione

88 2362 194 2395 huius
217 2362 407 2405 scripturae
430 2361 634 2396 dissentiunt
658 2363 872 2406 interpretes.
922 2364 1060 2398 Col-tius
1084 2366 1198 2410 euim,
1223 2378 1327 2410 quem
1352 2368 1479 2402 Gerla-

88 2421 188 2456 chius
212 2422 342 2465 aliique
365 2427 575 2466 sequuntur,
611 2423 791 2458 prisciano
826 2428 967 2458 auctore
999 2426 1183 2460 secundum
1209 2439 1272 2471 pro
1296 2429 1478 2472 praeposi-

88 2483 182 2517 tione
214 2483 322 2516 habet
347 2495 425 2516 cum
451 2496 494 2517 ea
519 2484 782 2529 coniungenda,
818 2483 998 2527 Bipontini
1032 2490 1172 2530 autem,
1204 2492 1380 2523 commate
1403 2493 1480 2532 post

23 2551 29 2558 ·
88 2544 273 2578 secundum
307 2545 440 2587 posito,
473 2545 678 2579 adverbium
710 2557 785 2579 esse
811 2545 948 2588 volunt,
981 2546 1016 2580 id
1041 2549 1132 2590 quod
1164 2549 1320 2593 Longius
1343 2561 1481 2593 quoque

89 2605 320 2647 commendat,
344 2605 444 2639 uobis
467 2606 741 2640 assentientibus.
790 2606 829 2639 In
852 2610 1017 2651 promptu
1040 2612 1093 2642 est
1116 2609 1208 2643 enim
1229 2610 1479 2653 Adherbalem,

88 2676 195 2708 quum
218 2665 254 2698 in
279 2666 480 2700 universum
513 2670 666 2710 optasset
696 2672 833 2701 suamet
865 2667 971 2711 ipsius
1003 2669 1130 2703 merita
1154 2676 1313 2712 exstare,
1337 2675 1480 2715 propter

89 2734 180 2768 quae
203 2726 334 2761 auxilio
357 2727 483 2772 dignus
507 2727 695 2770 videretur,
717 2728 802 2763 huic
825 2732 948 2774 optato
970 2729 1181 2776 subiungere
1204 2731 1275 2766 duo
1298 2732 1381 2775 alia,
1404 2732 1478 2775 qui-
