1630 3034
506 213 865 256 IUGURTHA.
928 213 1056 255 CAP.
1088 213 1162 255 1V.
1481 217 1536 256 19

133 338 420 386 exercentur,
468 330 685 391 imprimis
729 344 898 390 magno
945 329 1042 373 usui
1092 335 1158 373 est
1200 330 1416 374 memoria
1459 347 1533 375 re—

133 445 232 474 rum
267 435 520 489 gestarum3
566 428 688 471 cuius
734 426 792 470 de
841 426 1001 470 virtute
1051 427 1155 484 quia
1191 428 1317 470 multi
1364 428 1565 484 dixere,2

130 525 510 586 praetereundum
541 529 679 583 puto,
715 523 870 577 simul,
907 538 963 566 ne
999 538 1085 582 per
1121 524 1399 567 insolentiam
1435 525 1533 582 quis

130 624 363 666 existumet
398 626 564 664 memet
600 619 794 663 studium
829 634 980 663 meum
1025 619 1254 663 laudando
1302 622 1531 666 extollere.

129 720 278 777 Atque
325 733 413 778 ego
451 717 589 761 credo
626 717 748 770 fore,
795 716 894 774 qui,
940 716 1044 773 quia
1088 716 1270 760 decrevi
1305 718 1467 776 procul
1504 723 1564 760 a3

127 863 199 896 lere
222 863 325 896 decus
349 862 396 895 ad
421 862 612 906 potentium
635 860 794 906 gratiam
819 860 1007 893 ineundam
1046 860 1272 901 abiicere,
1313 862 1447 905 illisque
1467 872 1530 905 pro

126 923 236 956 lubitu
260 923 529 956 conculcandum
553 922 747 955 concedere.
780 921 945 954 Alienum
971 924 1021 955 est
1046 921 1159 966 igitur
1184 921 1229 954 ab
1254 921 1409 955 auctoris
1433 933 1531 955 men-

124 987 178 1025 te,
209 983 302 1027 quod
327 982 538 1017 Gerlachius
563 982 812 1025 interpretatur
842 983 930 1016 douo
964 982 1070 1026 dare,
1102 982 1249 1017 alienius
1274 982 1404 1023 etiam,
1438 983 1529 1026 quod

123 1044 266 1077 Tellero
292 1043 330 1079 in
353 1042 471 1076 Indice
495 1054 530 1085 p.
554 1042 636 1076 371.
661 1042 798 1083 visum,
828 1054 1036 1076 consecrare.

216 1104 273 1136 lv.
321 1105 354 1145 §.
381 1103 414 1137 1.
463 1104 632 1137 memoria
654 1114 770 1136 rerum
792 1104 1002 1147 gestarum]
1038 1103 1290 1146 Interpretatur
1313 1101 1451 1136 Cortius
1475 1114 1528 1136 co-

124 1165 238 1208 gnitio
264 1169 300 1198 et
323 1164 518 1197 recordatio
542 1175 610 1197 rer.
634 1169 748 1208 gest.‚
781 1164 875 1207 quod
898 1174 1024 1207 parum
1048 1163 1142 1197 valet
1167 1164 1211 1196 ad
1235 1163 1418 1197 consilium
1442 1163 1529 1197 belli

124 1223 326 1269 Iugurthini
349 1224 520 1256 scribendi
544 1224 800 1266 excusandum,
835 1235 948 1268 neque
970 1227 1064 1257 recte
1088 1223 1213 1257 referri
1237 1230 1347 1267 potest
1370 1226 1412 1259 ad
1437 1230 1529 1259 artes

124 1284 246 1325 animi,
272 1285 392 1329 quibus
415 1295 551 1317 summa
579 1284 750 1318 claritudo
772 1290 934 1329 paratur,
959 1288 999 1318 ut
1016 1284 1106 1320 Sall.
1129 1284 1204 1327 ipse
1221 1285 1378 1328 loquitur
1397 1286 1525 1327 c.11‚4.

123 1347 242 1390 Quare
275 1345 463 1385 memoria,
499 1355 591 1387 quae
622 1355 693 1378 vox
725 1356 789 1389 pro
820 1345 920 1379 varia
951 1345 1120 1379 relatione
1153 1346 1257 1378 modo
1295 1346 1527 1381 subiectivam

122 1407 227 1439 modo
252 1405 462 1439 obiectivam
486 1409 695 1449 potestatem
719 1406 841 1446 habet,
867 1405 972 1439 modo
999 1405 1140 1449 passivo
1161 1406 1266 1439 modo
1291 1407 1405 1441 activo
1424 1419 1526 1442 sensu

124 1466 238 1510 posita
269 1466 463 1510 reperitur,
513 1466 551 1500 h.
583 1467 608 1500 l,
642 1465 850 1511 praegnanti
885 1477 987 1500 sensu
1017 1467 1111 1500 idem
1142 1478 1218 1500 esse
1249 1466 1388 1501 videtur
1422 1472 1526 1512 atque

121 1527 289 1560 memoria
320 1527 632 1570 conservatio,
666 1527 691 1562 i.
716 1538 747 1560 e.
779 1538 899 1561 rerum
933 1530 1116 1572 gestarum
1147 1529 1306 1562 narratio
1330 1529 1388 1562 vel
1411 1529 1523 1563 histo-

120 1587 197 1621 riae
220 1587 421 1621 scribendae
441 1586 608 1629 studium,
633 1598 726 1630 quae
746 1599 803 1622 res
825 1599 934 1632 quum
958 1587 1002 1621 ob
1027 1587 1135 1621 studii
1157 1587 1421 1634 iucunditatem,
1447 1593 1524 1625 tum

121 1649 166 1682 ob
190 1647 378 1688 eximium,
410 1647 471 1690 qui
494 1648 576 1682 inde
598 1648 812 1692 percipitur,
848 1651 1003 1683 fructum
1025 1648 1122 1682 hand
1145 1652 1361 1692 postremum
1385 1650 1422 1684 in
1447 1651 1524 1684 ani-

119 1708 170 1742 mi
193 1707 327 1742 artibus
348 1708 468 1741 locum
492 1707 637 1742 obtinet.
685 1710 788 1753 Quod
813 1709 1024 1744 Gerlachius
1059 1713 1180 1744 autem
1205 1714 1243 1744 ut
1274 1710 1385 1744 Cottii
1410 1711 1522 1756 expli-

119 1767 289 1801 cationem
307 1768 468 1811 refellat,
503 1770 555 1803 ait
577 1768 816 1814 cognitionem
839 1769 1010 1805 historiae
1033 1780 1103 1804 non
1125 1781 1226 1814 posse
1249 1770 1318 1804 dici
1341 1771 1523 1816 negotium

118 1829 212 1872 quod
236 1828 379 1873 ingenio
403 1833 626 1872 exerceatur,
663 1831 701 1864 id
725 1831 887 1880 equidem
911 1842 979 1865 non
1006 1830 1189 1876 intelligo,
1222 1831 1289 1865 nisi
1314 1831 1406 1865 forte
1432 1833 1521 1866 Ger—

117 1889 255 1923 lachins
278 1889 449 1924 historiae
473 1902 617 1935 operam
642 1891 720 1926 dari
744 1892 842 1933 vult,
866 1903 936 1926 non
963 1892 1132 1926 adhibitis
1156 1892 1288 1937 ingenii
1312 1892 1459 1927 viribus.

210 1953 242 1993 §.
281 1951 315 1984 2.
361 1952 681 1996 praetereundum]
731 1952 923 1986 Gerlachio
953 1963 1021 1986 non
1052 1964 1193 1997 possum
1227 1953 1407 1995 assentiri,
1453 1955 1522 1988 hoc

117 2010 265 2044 verbum
289 2021 370 2043 cum
395 2011 438 2045 de
462 2015 497 2046 et
521 2013 629 2048 ablat.
653 2012 896 2056 coniungenti3
923 2023 1005 2046 nam
1029 2013 1120 2056 quod
1137 2018 1280 2057 propter
1301 2015 1523 2059 Cati1.1v‚3.

117 2071 161 2104 de
186 2071 422 2105 coniuratione
445 2073 621 2106 absolvam
635 2097 644 2115 ,
668 2075 702 2106 et
724 2072 840 2107 Tacit.
865 2071 1015 2107 Historr,
1033 2074 1092 2116 IV,
1110 2073 1168 2114 48,
1188 2074 1236 2107 in.
1263 2075 1306 2108 de
1329 2076 1436 2110 caede
1461 2089 1519 2111 ex-

115 2131 277 2175 pediam,
312 2131 421 2166 etiam
457 2132 528 2166 dici
551 2144 652 2177 posse
686 2136 788 2176 putat
819 2133 862 2166 de
892 2133 1012 2177 aliqua
1035 2145 1074 2167 re
1095 2139 1300 2178 praetereo,
1337 2136 1518 2172 videatne

117 2203 172 2224 res
196 2191 448 2226 diversissimas
472 2192 752 2234 commiscuerit3
791 2204 825 2226 v.
851 2193 896 2227 ad
919 2205 950 2227 c.
974 2194 1166 2235 LXXXIV,
1192 2194 1225 2228 3.
1274 2196 1380 2230 Haud
1412 2197 1518 2232 dubie

117 2251 233 2285 verior
256 2255 308 2285 est
330 2252 440 2286 Cortii
464 2252 575 2297 ratio,
601 2253 660 2297 qui
686 2254 730 2287 de
753 2253 882 2287 virtute
905 2264 987 2287 cum
1012 2255 1131 2289 dixere
1152 2255 1367 2300 coniungens
1390 2268 1431 2291 ex
1454 2269 1516 2292 an-

117 2311 281 2356 tegressis
305 2311 512 2356 simpliciter
535 2313 761 2357 repetendum
784 2318 883 2358 putat
908 2315 1034 2356 dicere,
1060 2327 1273 2360 quamquam
1300 2318 1419 2361 paullo
1436 2319 1516 2352 bre-

115 2372 194 2406 vior
217 2372 268 2405 ita
289 2373 405 2407 existit
428 2374 552 2415 oratio,
577 2374 746 2418 siquidem
768 2376 1062 2418 praetercundum
1081 2383 1170 2421 puto
1194 2378 1238 2410 ad
1263 2379 1514 2421 antecedentia,

115 2444 207 2476 quae
230 2433 266 2466 in
291 2444 397 2467 unam
421 2434 627 2468 sententiam
651 2439 795 2476 coeunt,
827 2435 876 2470 ita
899 2437 1071 2477 refertur,
1096 2437 1195 2480 quasi
1216 2446 1336 2473 auctor
1360 2439 1514 2483 dixisset,

115 2494 159 2528 de
179 2506 220 2528 ea
236 2505 274 2528 re
291 2505 382 2527 nunc
402 2495 516 2528 dicere
532 2506 827 2539 supervacaneum
847 2497 997 2534 videtur.
1021 2517 1067 2522 -—
1094 2498 1202 2535 Simu!
1224 2510 1330 2542 quam
1354 2499 1427 2534 vim
1447 2501 1512 2535 ha-

114 2555 195 2588 beat
219 2554 254 2587 in
277 2554 454 2588 sententiis
478 2555 654 2590 nectendis
679 2557 831 2591 diximus
856 2558 905 2591 ad
926 2558 1030 2591 Catil.
1057 2569 1086 2590 c.
1113 2558 1209 2600 XIX,
1235 2560 1268 2593 2.
1295 2572 1329 2604 p.
1355 2560 1413 2594 91.

206 2620 333 2649 memet
360 2615 513 2649 studium
537 2627 651 2649 meum
679 2618 858 2652 laudando
888 2619 1070 2662 extollere]
1105 2619 1209 2652 Hunc
1232 2620 1348 2654 locum
1375 2621 1512 2656 Cortius

114 2675 264 2719 pessime
287 2674 444 2719 scripsit,
477 2675 691 2719 interpunxit
715 2683 749 2712 et
768 2679 1015 2723 interpretatus
1038 2682 1100 2712 est.
1149 2679 1232 2713 Vult
1255 2680 1348 2714 enim
1372 2693 1511 2716 sensum

114 2743 190 2766 esse
222 2745 277 2767 me
304 2745 367 2768 me
396 2737 547 2780 ipsum
575 2739 826 2781 extollere,
859 2739 1013 2774 studium
1042 2751 1157 2773 meum
1185 2741 1383 2783 laudando,
1421 2753 1511 2786 quae

114 2795 284 2830 sententia
307 2795 498 2839 quaesitior
521 2807 632 2840 neque
655 2799 864 2843 antegressis
892 2804 985 2834 recte
1003 2801 1205 2843 respondet,
1233 2813 1343 2845 neque
1365 2815 1406 2838 ex
1431 2815 1509 2837 ver-

1151 2873 1231 2914 Ζ*
