1630 3034
427 175 768 218 CATILINA.
827 175 962 218 CAP.
992 175 1065 218 IV.
1379 178 1438 221 25

53 291 331 351 reipublicae
365 291 535 336 animus
578 292 695 336 liber
740 296 846 338 erat.
926 290 1072 350 Igitur
1117 290 1177 336 de
1198 307 1201 311 ·
1222 290 1478 336 Catilinaess

52 383 358 430 coniuratione
392 398 528 440 quam
561 385 799 428 verissume
816 388 978 442 potero
1001 384 1156 441 paucis
1190 383 1441 436 absolvam3

51 489 157 518 nam
197 473 245 517 id
278 474 450 519 facinus
490 475 707 533 imprimis
750 490 840 534 ego
883 474 1177 518 memorabile
1220 467 1480 518 existumo4

55 565 237 611 sceleris
271 571 406 627 atque
449 566 642 631 periculi
675 566 882 613 novitate.
960 565 1032 610 De
1079 566 1204 613 cuius
1247 557 1480 611 hominis5

50 798 123 822 nan
151 787 334 833 particulis
374 789 517 834 propria
548 790 586 823 vi
615 789 738 833 positis
768 787 945 834 coniungi.
991 788 1119 823 Nostro
1143 788 1254 834 igitur
1277 790 1354 824 loco
1384 793 1440 824 in-

53 851 191 890 coptum
214 847 378 891 gencrale
399 849 547 881 verbum
570 852 645 889 est,
677 847 735 880 cui
759 850 881 881 auctor
904 846 1145 889 explicationis
1170 858 1293 881 caussa
1323 849 1443 883 statim

0 938 6 941 ,
51 903 236 949 subiungit
258 905 459 949 studioque,
493 908 533 938 ut
564 904 804 950 intelligatur,
845 905 948 948 quale
979 904 1069 937 illud
1104 904 1278 948 inceptum
1310 905 1441 947 fuerit3

51 961 206 995 studium
239 973 323 995 vero
355 966 534 996 contextus
558 962 658 995 docet
689 973 763 995 esse
786 973 894 1005 quum
917 962 1128 1004 litterarum,
1161 966 1237 995 tum
1270 963 1443 997 historiae

51 1017 220 1054 studium.
273 1019 369 1053 Male
393 1019 605 1053 Gerlachius
629 1020 821 1063 studioque,
845 1019 937 1062 quod
962 1019 998 1052 in
1022 1023 1118 1056 textu
1150 1021 1463 1063 expresserat,‘in-

53 1075 323 1110 Commentariis
346 1088 379 1120 p.
399 1078 457 1110 42.
486 1077 679 1120 improbat,
714 1079 788 1109 tum
812 1080 957 1119 propter
984 1077 1152 1109 Italorum
1176 1077 1350 1110 librorum
1373 1088 1441 1111 au-

53 1133 271 1175 ctoritatem,
296 1145 338 1167 ex
355 1134 481 1177 quibus
504 1132 783 1177 quattuordecim
808 1144 872 1176 que
895 1132 1072 1177 ignorant,
1105 1137 1183 1166 tum
1206 1134 1288 1176 quia
1307 1135 1441 1178 incepto

52 1192 256 1235 studioque,
290 1190 407 1234 figura
436 1189 479 1226 ἓν
515 1188 580 1225 διαὶ
613 1191 722 1224 δυοῖν
760 1189 912 1232 dictum,
956 1189 1123 1224 orationis
1160 1191 1273 1225 colori
1313 1203 1442 1236 parum

54 1247 248 1282 conveniat.

147 1304 289 1337 ambitio
312 1304 430 1348 mala]
464 1303 490 1337 i.
514 1315 543 1338 e.
576 1315 666 1346 quae
687 1304 825 1337 malum
847 1303 971 1344 affert,
1003 1304 1060 1337 vel
1083 1315 1174 1347 quae
1197 1306 1309 1340 malos
1341 1307 1441 1342 facit.

58 1371 94 1394 v.
123 1361 357 1398 Gerlaclwad
380 1361 416 1393 h.
440 1361 465 1393 l.
492 1365 526 1394 et
549 1362 594 1398 cf.
620 1361 802 1395 Heindorf.
828 1362 872 1394 ad
894 1360 982 1392 Hor.
1007 1359 1083 1394 Sat.
1107 1361 1134 1401 1,
1152 1361 1186 1404 6,
1208 1362 1287 1396 129.
1313 1365 1443 1398 misera

57 1419 220 1459 ambitio,
251 1418 345 1461 'quod
366 1422 463 1450 recte
484 1417 749 1461 interpretatur:
773 1429 862 1461 quae
886 1416 1031 1450 miseros
1052 1419 1176 1452 reddit.
1198 1436 1243 1443 —
1273 1421 1443 1465 Carptim,

52 1485 117 1519 pro
151 1485 221 1518 quo
243 1474 387 1517 antiqua
410 1474 659 1518 depravatione
689 1475 784 1518 apud
818 1473 972 1508 Nonium
1002 1474 1135 1518 legitur
1168 1478 1332 1520 strictim,
1357 1479 1443 1513 Tel-

52 1533 148 1565 letus
174 1532 268 1564 'bene
296 1531 510 1573 vindicavit3
543 1544 584 1566 eo
609 1532 702 1565 enim
725 1531 944 1576 significatur
967 1531 1126 1566 Sallustii
1158 1535 1342 1569 consilium
1373 1548 1443 1571 non

52 1593 241 1633 perpetuae
272 1588 442 1622 historiae
475 1591 731 1631 contexendae,
762 1589 823 1622 sed
857 1589 899 1621 de
922 1588 1071 1633 singulis
1095 1594 1232 1624 tantum
1255 1593 1356 1626 factis
1381 1605 1443 1627 ex-

52 1647 214 1691 ponendi.
260 1647 342 1680 Hoc
366 1658 469 1680 sensu
490 1649 706 1681 vocabulum
730 1647 836 1680 etiam
859 1645 990 1690 legitur
1013 1647 1105 1689 apud
1128 1648 1218 1681 Plin.
1243 1650 1329 1693 Epp.
1350 1652 1443 1693 vm,

52 1704 88 1746 4,
106 1703 140 1737 7.
166 1703 406 1747 respondebis,
433 1715 501 1736 non
522 1715 622 1747 posse
650 1705 795 1748 perinde
829 1704 996 1747 carptim,
1031 1709 1071 1737 ut
1102 1710 1262 1739 contexta
1292 1710 1442 1751 placere.

54 1761 102 1796 id.
127 1762 185 1801 vl,
203 1761 260 1803 22,
284 1760 318 1793 2.
355 1760 430 1804 egit
461 1762 607 1804 carptim
637 1766 672 1794 et
699 1760 795 1795 κατοὶ
826 1759 1023 1802 κεφάλαια.
1065 1761 1152 1796 Tac.
1185 1763 1277 1797 Hist.
1300 1766 1358 1807 IV,
1382 1766 1443 1801 46.

53 1820 186 1854 dimissi
210 1818 358 1862 carptim
390 1829 431 1850 ac
456 1819 596 1862 singuli.
654 1819 808 1852 Strictim
833 1823 972 1856 autem,
1009 1819 1102 1862 quod
1126 1820 1275 1855 breviter
1305 1823 1443 1868 signifi.

53 1879 130 1917 cat,
154 1875 240 1909 ferri
262 1886 331 1910 non
354 1879 484 1918 potest,
519 1875 672 1919 primum
696 1875 986 1919 quia'brevitatis
1009 1876 1105 1910 notio
1128 1887 1195 1910 non
1220 1883 1336 1921 potest
1359 1893 1444 1916 con-

52 1932 181 1968 sociari
205 1943 284 1966 cum
307 1932 415 1965 verbo
435 1933 658 1976 perscribere,
683 1933 707 1967 i.
733 1945 763 1967 e.
788 1937 951 1968 accurate
975 1933 1150 1975 scribere,
1176 1936 1275 1970 nulla
1297 1949 1336 1971 re
1358 1951 1443 1984 gra-

52 1990 153 2024 viore
175 1989 324 2032 omissa,
357 1999 393 2022 v.
416 1990 580 2024 Bremius
603 1992 648 2027 ad
670 1992 756 2035 Nep.
781 1993 921 2026 Datam.
946 1991 988 2032 V,
1006 1990 1053 2032 3.,
1078 1995 1113 2024 et
1136 1992 1337 2029 Frotscher.
1367 1997 1391 2030 l.
1415 1999 1440 2035 l,

52 2060 88 2093 p.
114 2047 171 2081 22.
206 2047 289 2080 coll.
314 2046 485 2080 Goerenz.
517 2048 562 2081 ad
587 2048 658 2083 Cic.
684 2050 726 2082 de
748 2049 850 2083 Finn.
874 2049 935 2089 lv,
953 2048 988 2088 1,
1009 2049 1042 2081 1.
1076 2049 1272 2085 Gernhard.
1297 2054 1342 2086 ad
1366 2055 1440 2090 Cic.

54 2106 98 2140 de
121 2105 257 2138 Senect.
282 2115 312 2138 c.
335 2103 393 2145 15,
416 2103 495 2145 52.;
520 2108 594 2138 tum
617 2106 701 2149 quia
724 2105 860 2139 adiecta
883 2105 1012 2138 verba:
1037 2110 1077 2139 ut
1100 2117 1252 2150 quaeque
1275 2113 1442 2146 memoria

53 2163 167 2208 digna
189 2162 417 2204 videbantur,
443 2166 564 2205 aperte
587 2174 710 2196 vocem
735 2163 894 2205 carptim,
919 2174 1030 2205 neque
1053 2174 1138 2196 vero
1161 2165 1305 2198 strictim
1330 2169 1442 2211 expli-

53 2224 143 2254 cant.
164 2239 210 2245 —
251 2219 307 2252 Ad
344 2219 454 2252 verba
485 2220 608 2263 paucis
644 2220 822 2252 absolvam
850 2219 988 2253 Curtius
1019 2221 1156 2263 supplet
1188 2225 1439 2270 narrationem,

53 2277 146 2320 quod
169 2276 200 2310 si
230 2276 438 2310 sententiam
462 2280 595 2320 spectas
625 2276 711 2309 ferri
737 2279 861 2319 potest.
917 2276 1046 2310 Melius
1073 2281 1189 2311 tamen
1214 2280 1363 2324 videtur,
1386 2283 1442 2317 ni-

52 2335 107 2369 hil
130 2333 296 2379 suppleri‚
330 2333 382 2367 ita
416 2338 455 2369 ut
478 2335 656 2367 absolvam
688 2333 782 2366 idem
815 2333 891 2367 fore
913 2334 958 2367 sit
988 2333 1081 2376 quod
1105 2346 1235 2379 agam,
1261 2339 1440 2384 disseram,

54 2393 222 2428 adiuncta
243 2391 297 2426 rei
321 2391 502 2425 confectae
531 2391 684 2425 notione.
731 2391 866 2424 Eadem
888 2390 925 2424 vi
948 2390 1122 2424 Ammian.
1143 2392 1255 2430 Marc.
1278 2407 1358 2430 cum
1383 2410 1443 2432 ac..

55 2462 128 2484 cus.
152 2451 222 2483 hoc
243 2448 392 2482 verbum
415 2448 605 2488 coniunxit,
629 2448 759 2489 xxm,
779 2447 813 2481 6.
839 2459 928 2481 nunc
951 2449 1101 2482 locorum
1123 2451 1227 2483 silum
1242 2477 1252 2492 ‚
1276 2460 1443 2496 quantum

54 2508 148 2541 ratio
172 2506 276 2546 sinit,
300 2505 489 2549 absolvam,
513 2516 618 2549 quem
640 2506 757 2538 locum
781 2505 877 2539 Cori.
901 2505 1054 2540 adduxit.
1087 2506 1213 2541 Noster
1234 2509 1311 2554 lug.
1333 2512 1442 2553 xvn,

54 2564 89 2598 2.
113 2568 229 2597 cetera
252 2573 357 2606 quam
376 2563 594 2606 paucissimis
617 2563 804 2598 absolvam.
838 2561 984 2608 Fragm.
1009 2562 1160 2602 Historr.
1179 2565 1209 2607 1,
1230 2576 1263 2600 n.
1284 2566 1320 2602 2,
1355 2568 1442 2603 Cato

58 2623 170 2657 multa
191 2620 314 2666 paucis
337 2619 497 2657 absolvit.
