1630 3034
115 164 199 204 104
486 157 532 200 C.
563 157 886 200 SALLUSTI
917 156 1140 201 CRISPI

116 282 317 328 tuosum3
353 288 463 334 ager
497 274 684 335 frugum
714 273 895 330 fertilis,
929 273 1075 318 bonus
1120 275 1306 334 pecori,
1350 275 1512 320 arbore

86 370 412 425 6infecundu33
461 372 591 416 coelo
625 377 835 429 terraque
876 371 1066 429 penuria
1100 386 1337 430 aquarum3
1372 387 1513 431 genus

120 467 354 511 hominum
400 468 568 512 salubri
617 481 837 527 corpore,
884 466 1041 524 velox,
1076 468 1251 527 patiens
1286 467 1516 521 laborum;

120 563 363 622 plerosque
407 569 614 608 senectus
653 562 876 618 dissolvit,
922 562 1005 607 nisi
1053 565 1130 622 qui
1166 564 1288 609 ferro
1325 569 1401 608 aut
1434 564 1519 609 be—

121 741 175 775 fit.
200 740 301 785 Quae
323 739 492 775 sententia
515 750 622 784 quam
647 741 831 774 commode
859 739 1019 774 ablativo
1049 739 1279 785 contineatur,
1303 741 1419 785 quivis
1444 753 1522 776 een-

122 801 206 843 tiet,
235 801 295 844 qui
312 801 488 845 secundus
511 805 546 835 et
569 802 774 845 infecundus
797 812 878 834 cum
903 799 1085 835 adiectivis
1106 802 1252 845 plenus,
1275 803 1422 848 dignus,
1443 814 1523 837 con·

124 866 263 903 tentus,
288 861 389 903 aliis,
414 862 621 905 contulerit,
646 873 797 906 quorum
820 861 913 896 ratio
938 856 1062 894 eadem
1086 866 1159 904 est,
1192 865 1231 896 ut
1254 862 1465 897 ostendimus
1487 862 1523 896 iu

125 922 244 956 Iahnii
275 922 416 956 Annali.
448 922 574 965 philol.
606 926 642 957 et
665 923 816 967 paedag.
841 933 874 958 a.
897 920 1001 956 1829.
1027 922 1073 955 Τ.
1097 923 1142 956 ΙΙ.
1166 923 1268 956 Fasc.
1292 922 1320 958 l.
1343 933 1378 965 P.
1403 921 1450 956 43
1471 934 1522 965 sq.

126 983 190 1017 ubi
214 983 319 1017 simul
343 982 517 1016 monitum
550 987 622 1025 est,
655 983 738 1027 quid
762 981 899 1017 intersit
920 982 1010 1016 inter
1034 982 1142 1017 ablat.
1168 988 1203 1016 et
1225 982 1443 1027 genitivum,
1467 983 1526 1016 cui

128 1042 226 1078 casui
243 1043 420 1087 secundus
442 1044 603 1078 usitatius
626 1044 807 1089 iungitur,
828 1047 869 1077 ut
894 1042 985 1086 apud
1010 1042 1142 1077 Catuli.
1163 1043 1278 1085 LXV,
1301 1043 1381 1078 281.
1406 1043 1523 1078 Tacit.

128 1103 218 1138 Anu.
241 1103 309 1144 IV,
334 1101 400 1144 65,
426 1103 460 1138 l.
491 1104 611 1138 Germ.
635 1116 665 1138 c.
694 1104 741 1149 5,
762 1105 798 1141 2.
844 1103 1001 1138 Ablativi
1026 1103 1225 1147 exemplum
1256 1104 1351 1138 idem
1383 1104 1528 1148 praebet

130 1165 218 1199 Anu.
236 1164 339 1205 XIII,
357 1161 422 1206 57,
446 1163 478 1198 l.
497 1167 632 1209 flumen
655 1167 837 1213 gignen
852 1167 902 1199 do
929 1165 1033 1199 sale
1051 1165 1253 1207 secundum.
1277 1164 1376 1209 Virg.
1397 1164 1525 1207 Georg.

128 1225 186 1268 11,
216 1225 298 1258 222.
332 1225 397 1258 illa
423 1227 569 1268 ferax
601 1227 714 1260 oleo.
764 1224 935 1258 Weissius
969 1236 1012 1258 ex
1036 1225 1207 1268 corruptis
1233 1224 1309 1258 edd.
1339 1224 1447 1258 edidit
1470 1236 1530 1257 ar-

130 1286 266 1319 boribus
294 1285 524 1329 infecundu33
559 1286 659 1321 Gerl.
692 1285 728 1320 in
760 1286 815 1319 ed.
841 1285 1032 1319 novissima
1055 1297 1178 1319 verum
1202 1286 1323 1319 habet.
1347 1304 1393 1310 —-
1420 1285 1528 1327 Que,

130 1350 228 1380 terra
251 1345 332 1380 voci
355 1345 530 1388 additum,
555 1346 693 1381 Curtius
716 1345 791 1379 sine
814 1346 915 1379 codd.
940 1346 1091 1388 delevit3
1126 1346 1334 1381 Gen-laenius
1365 1345 1401 1378 in
1435 1349 1532 1379 textu

131 1406 297 1449 retinuit,
336 1406 372 1440 in
406 1407 615 1443 Commentt.
646 1419 681 1451 p.
716 1405 819 1448 242„
851 1407 936 1450 quia
968 1408 1013 1441 ab
1036 1408 1148 1442 Vatic.
1175 1407 1208 1442 5.
1233 1407 1353 1448 abest,
1379 1406 1531 1439 deletum

133 1467 232 1508 vult,
267 1467 327 1501 sed
362 1466 399 1500 in
432 1466 486 1500 ed.
523 1467 608 1500 min.
641 1478 706 1511 pro
739 1468 970 1503 inconstantia
992 1480 1057 1502 sua
1079 1480 1148 1502 non
1173 1467 1313 1502 delevit.
1361 1467 1532 1511 Copulam

134 1528 256 1562 abesse
289 1538 409 1571 posse,
445 1525 476 1559 si
507 1527 607 1560 codd.
640 1527 822 1570 iuvarent,
853 1530 1003 1572 probant
1027 1533 1147 1563 notata
1169 1529 1214 1563 ad
1246 1529 1320 1562 Cat.
1346 1527 1417 1567 XI,
1440 1526 1474 1560 2.
1500 1531 1536 1561 et

134 1588 212 1623 Liv.
237 1588 368 1629 XLIV,
392 1586 460 1629 22,
485 1585 519 1619 8.
545 1592 627 1621 sunt
650 1589 710 1632 qui
729 1590 842 1623 sciant
866 1601 936 1633 qua
960 1595 1114 1630 terra,
1146 1589 1264 1623 mari
1298 1589 1535 1622 subvehantur

135 1653 371 1688 commeatum
402 1647 461 1681 sed
495 1658 603 1690 quum
634 1652 773 1691 praeter
807 1660 928 1682 omnes
961 1648 1063 1682 codd.
1098 1649 1205 1682 etium
1229 1650 1329 1683 Serv,
1367 1649 1410 1682 ad
1436 1650 1534 1694 Vin-g.

136 1708 221 1744 Aen.
249 1709 286 1750 1,
310 1708 369 1742 26.
393 1707 557 1741 voculam
581 1710 744 1750 tueatur,
776 1708 844 1743 ista
868 1709 1051 1754 negligere
1075 1709 1252 1743 temerarii
1279 1712 1341 1743 est.
1365 1709 1411 1743 cf.
1438 1710 1535 1746 Curt.

138 1770 206 1813 IV,
231 1769 275 1811 ⁷,
307 1769 342 1803 6.
378 1774 474 1804 terra
501 1770 686 1815 coeloque
719 1781 890 1814 aquarum
920 1770 1068 1814 penuria
1092 1775 1154 1802 est.
1183 1770 1299 1804 Tacit.
1324 1771 1419 1805 flist.
1442 1772 1478 1812 1,
1502 1771 1536 1807 3.

138 1829 331 1865 Nobiscum
362 1829 452 1864 facit
483 1830 592 1864 etiam
622 1830 806 1874 Zumptius
839 1830 875 1864 in
906 1830 1046 1864 Annali.
1076 1831 1172 1864 critt.
1206 1832 1340 1865 Beroli.
1375 1841 1409 1865 a.
1434 1831 1536 1866 1828.

138 1890 182 1926 Ν.
208 1890 264 1926 47.
289 1903 323 1935 p.
349 1890 440 1932 3733
466 1891 623 1925 Cortium
647 1894 839 1935 sequuntur
862 1890 1035 1925 Weissius
1059 1893 1093 1924 et
1116 1891 1246 1924 Faber.

235 1953 268 1994 ἓ.
296 1954 329 1988 6.
358 1952 491 1985 salubri
515 1954 669 1998 corpore]
698 1952 866 1995 Salubre,
898 1956 937 1985 ut
960 1952 1189 1985 vernaculum
1219 1952 1377 1997 gesund,
1412 1952 1538 1986 transi-

143 2011 216 2046 tivo
239 2023 342 2045 sensu
367 2011 544 2056 significat
568 2013 623 2054 id,
648 2013 739 2057 quod
763 2012 949 2047 sanitatem
974 2012 1102 2055 affert,
1127 2012 1346 2047 intransitivo
1370 2013 1405 2046 id
1420 2039 1430 2057 ‚
1448 2014 1539 2057 quod

142 2072 331 2107 sanitatem
355 2073 463 2107 habet
485 2073 562 2107 sive
585 2085 709 2107 sanum
733 2076 804 2114 est,
823 2084 1040 2116 quamquam
1064 2075 1108 2107 ab
1133 2075 1201 2108 hoc
1225 2074 1398 2108 vocabulo
1421 2086 1540 2109 rursus

144 2133 196 2167 ita
219 2132 359 2175 differt,
396 2137 435 2167 ut
458 2145 582 2168 sanum
606 2133 721 2180 magis
744 2133 790 2167 sit
817 2134 934 2166 morbo
966 2145 1035 2167 non
1069 2136 1256 2179 affectum,
1287 2136 1424 2169 salubre
1458 2147 1541 2169 vero

144 2197 268 2236 suapte
310 2198 442 2227 natura
481 2196 681 2236 robustum;
723 2194 816 2227 unde
850 2197 948 2237 patet
979 2196 1118 2229 salubre
1148 2195 1263 2230 maius
1296 2196 1472 2239 quoddam
1507 2202 1541 2231 et

145 2254 380 2297 praestantius
411 2265 504 2297 esse,
537 2266 644 2298 quam
679 2266 814 2289 sanum.
846 2265 879 2287 v.
912 2255 1115 2290 Doederlini
1140 2256 1336 2302 Synonym.
1362 2257 1440 2292 Lat.
1464 2258 1541 2294 voi.

146 2315 173 2348 1.
201 2326 234 2358 p.
260 2315 315 2348 32.
338 2317 371 2357 §-
395 2314 430 2350 9.
456 2319 491 2349 et
513 2315 570 2350 1⁰.
599 2316 659 2359 qui
683 2314 843 2349 laudavit
866 2315 956 2348 Tac.
982 2316 1115 2350 llistor.
1140 2317 1192 2358 V,
1217 2316 1252 2350 6.
1301 2317 1453 2361 Corpora
1479 2317 1541 2351 ho-

148 2375 280 2409 minum
318 2376 544 2410 salubria
576 2381 609 2410 et
635 2376 792 2420 ferentia
826 2376 994 2409 laborum.
1026 2376 1073 2409 id.
1108 2377 1253 2422 Dialog.
1282 2389 1312 2410 c.
1347 2376 1413 2419 41,
1449 2380 1540 2412 med.

153 2437 302 2480 Gentes,
333 2449 423 2482 quae
443 2437 644 2478 firmissima
677 2436 880 2470 valetudine
915 2447 958 2470 ac
990 2437 1324 2471 saluberrimis
1350 2439 1544 2482 corporibus

148 2502 305 2531 utuntur.
328 2497 405 2530 Liv.
435 2498 462 2539 1,
487 2496 544 2537 31,
568 2497 718 2531 5.—1)e
740 2498 839 2530 velot
863 2497 959 2531 vocis
984 2498 1128 2540 propria
1152 2501 1323 2541 potestate
1346 2509 1379 2531 v.
1406 2499 1543 2533 doctum

151 2556 350 2591 Doederlini
381 2560 608 2591 commentat.
641 2558 677 2591 iu
705 2557 938 2603 Synonymm.
971 2559 1062 2591 Lau.
1099 2558 1145 2591 T.
1171 2559 1213 2592 11.
1238 2570 1271 2591 n.
1296 2559 1358 2599 49,
1382 2558 1416 2592 3.
1440 2558 1474 2592 4.
1499 2559 1544 2592 16

151 2623 186 2651 et
220 2617 275 2653 17.
306 2630 338 2661 p.
376 2616 444 2651 125
476 2629 551 2660 sqq.
598 2617 632 2651 Is
667 2629 882 2662 quamquam
913 2618 1072 2652 concedit
1104 2630 1170 2652 usu
1202 2630 1327 2662 parum
1351 2618 1544 2653 distinxisse

151 2677 295 2712 Latinos
317 2678 407 2712 inter
430 2679 527 2711 uelox
552 2680 586 2712 ct
609 2679 736 2722 celere,
759 2679 849 2713 inter
872 2679 1090 2713 velocitatem
1115 2683 1150 2712 ct
1173 2681 1409 2720 celeritatem,
1442 2683 1544 2712 acuto

151 2743 266 2772 tamon
292 2737 441 2773 ostendit
465 2739 579 2781 velox,
607 2749 627 2772 a
652 2740 765 2772 volum
792 2739 963 2773 vocabulo
988 2739 1205 2779 derivatum,
1231 2738 1384 2774 maxime
1407 2738 1477 2773 dici
1502 2739 1545 2773 do
