1630 3034
102 231 188 272 374
463 223 511 266 C.
546 222 875 267 SALLUSTI
906 220 1132 265 CRISPI

69 350 164 389 Sex
205 355 295 400 quo
337 340 400 385 illi
435 339 580 400 gloria
627 354 830 400 opesque
863 340 1083 383 inventae.
1154 337 1294 397 Igitur
1329 337 1492 380 utrius-

107 454 197 498 que
243 437 425 482 consilio
477 436 572 481 dies
620 437 786 482 insidiis
834 436 1061 490 statuitur3
1113 441 1287 491 cetera,
1323 434 1389 478 uti
1422 449 1493 478 res

73 540 346 596 4posceret‚
395 549 451 578 ex
487 539 694 594 tempore
740 534 891 595 parari
931 533 1124 595 placuit3
1165 531 1397 576 Nabdalsa
1439 530 1498 574 ad

108 689 315 731 ptusque.
364 683 537 718 Similiter
567 685 691 719 Cicero
720 685 846 720 Tusce.
870 684 920 725 V,
945 682 1012 727 15,
1041 682 1100 718 45.
1151 682 1250 725 Quod
1284 680 1500 725 approbaris,

110 746 150 779 id
173 749 363 790 gratum
398 751 733 791 acceptumque
767 745 986 785 habendum3
1018 749 1054 778 et
1085 743 1169 787 Nep.
1195 742 1346 776 Hannib.
1373 753 1402 776 c.
1427 741 1502 781 vn,

111 805 147 840 3.
195 806 323 839 Munus
358 818 476 840 eorum
508 812 697 852 gratum
737 811 1066 850 acceptumque
1098 815 1179 838 esse.
1240 803 1398 847 Denique
1429 802 1506 845 ipsa

113 877 180 912 qne
205 866 399 910 particulae
422 866 476 900 vie
509 866 590 900 talis
621 872 696 908 est,
726 872 766 901 ut
798 866 982 902 adiectivis
1013 876 1154 909 prorsus
1176 862 1334 898 diversae
1355 863 1507 898 notionis

114 939 184 962 uon
208 927 376 961 inserviat
398 928 667 970 componendis,
695 939 805 971 quum
835 939 918 961 usus
939 927 1102 970 loquendi
1126 927 1249 960 doceat
1272 926 1340 958 duo
1363 925 1507 969 praedi-

116 989 189 1022 cati
211 988 384 1021 vocabula
398 1013 408 1029 ,
433 987 546 1021 eidem
564 988 698 1022 notioni
721 987 881 1033 generali
908 988 1087 1031 subiecta,
1119 988 1189 1021 hac
1213 985 1385 1030 particula
1408 985 1508 1029 quasi

117 1049 154 1083 iu
179 1060 288 1082 unum
311 1049 583 1092 comprehendi3
608 1061 641 1083 v.
667 1050 712 1083 ad
736 1062 766 1083 c.
791 1051 890 1091 LIII,
915 1049 948 1084 5.
974 1050 1050 1083 Cat.
1073 1049 1116 1088 11,
1141 1047 1176 1081 8.
1211 1048 1343 1081 indocti
1367 1047 1509 1081 inculti-

120 1122 198 1156 que.
221 1110 298 1154 lug.
330 1110 454 1151 xvm,
478 1110 512 1144 1.
547 1112 664 1155 asperi
687 1111 886 1155 incultique.
922 1110 1073 1151 LXVII,
1097 1109 1132 1143 3.
1168 1108 1341 1152 improbus
1365 1108 1512 1141 intesta-

120 1171 274 1214 bilisque.
299 1170 426 1211 LXXI,
449 1169 483 1204 3.
510 1172 606 1215 fidus
631 1178 868 1217 acceptusque.
893 1172 1050 1213 LXXIV,
1074 1171 1108 1204 l.
1141 1171 1261 1203 varius
1284 1170 1512 1213 incertusque.

122 1231 262 1272 LXVII,
286 1230 319 1264 1.
344 1231 467 1264 incerti
492 1224 691 1278 ignarique.
719 1234 893 1273 LXXVII,
919 1233 954 1267 3.
990 1233 1067 1266 bom·
1085 1232 1285 1276 fidelesque.
1310 1230 1454 1270 LXXX,
1479 1229 1512 1263 1.

116 1295 236 1338 serum
261 1292 507 1336 incultumque.
533 1291 579 1326 ib.
615 1296 648 1336 §.
672 1294 706 1327 4.
735 1295 882 1338 facilius
916 1294 1135 1338 proniusque.
1183 1292 1319 1335 Quibus
1352 1290 1516 1325 omnibus

124 1354 209 1388 satis
230 1356 433 1386 excusatum
459 1357 642 1398 putamus,
669 1357 761 1400 quod
785 1357 932 1399 clarum,
957 1366 1064 1398 quam
1087 1365 1210 1387 vocem
1235 1364 1315 1387 cum
1339 1357 1518 1397 acceptum

125 1413 291 1458 coniungi
314 1424 432 1447 sensus
456 1414 639 1459 prohibet,
665 1429 730 1461 que
753 1417 926 1462 particula
948 1416 1066 1459 iubet,
1091 1415 1126 1449 in
1150 1425 1268 1449 carum
1291 1413 1516 1447 mutavimus.

126 1474 217 1509 Nam
251 1474 343 1517 quod
383 1474 593 1510 Gerlachius
626 1477 731 1520 dicit,
776 1489 871 1518 „non
902 1478 946 1511 ad
979 1477 1140 1522 vulgaris
1163 1474 1334 1510 sermonis
1356 1485 1519 1508 normam

127 1535 346 1580 dirigendam
370 1546 444 1568 esee
474 1535 726 1572 Sallustianam
758 1539 1005 1581 orationem‚“
1035 1538 1069 1572 id
1104 1538 1153 1572 ita
1185 1547 1280 1582 vage
1310 1539 1344 1570 et
1367 1535 1440 1570 sine
1462 1546 1521 1570 ra-

129 1595 284 1631 tionibus
309 1596 483 1639 prolatum
509 1603 582 1631 tam
618 1610 742 1641 parum
776 1601 897 1643 valet,
930 1604 970 1633 ut
1000 1611 1109 1643 paene
1132 1599 1322 1633 absurdum
1347 1597 1520 1634 videatur.

129 1658 249 1701 Quare
284 1655 490 1700 videndum,
525 1670 568 1692 ue
605 1661 697 1703 apud
729 1661 896 1695 Tacitum
931 1671 1069 1704 quoque
1101 1660 1136 1693 in
1172 1661 1258 1693 Ann.
1291 1660 1369 1702 XII,
1403 1659 1461 1701 29,
1486 1659 1520 1695 1.

132 1717 202 1752 Per
233 1717 324 1751 idem
360 1721 495 1762 tempus
533 1720 689 1755 Vannius
727 1722 868 1764 pellitur
899 1733 1032 1767 regno,
1074 1721 1190 1765 prima
1227 1722 1366 1765 imperii
1402 1726 1522 1755 aetate

131 1779 294 1813 clarus
323 1784 637 1826 acceptusque
667 1782 912 1825 popularibus,
937 1793 1015 1815 mox
1039 1781 1270 1815 diuturnitate
1293 1782 1336 1815 in
1367 1793 1522 1826 super-

132 1839 255 1873 biam
286 1844 448 1881 mutans,
483 1846 519 1875 et
549 1843 648 1875 odio
682 1843 878 1876 accolarum
912 1843 1187 1883 circumventus,
1218 1860 1265 1867 —
1298 1842 1521 1876 scribendum

131 1899 177 1935 eit
198 1911 335 1934 caru·
365 1905 601 1946 acceptusque.
627 1921 669 1929 -
694 1904 852 1937 Seorsum
876 1903 920 1936 ab
944 1915 1030 1948 rege
1054 1903 1077 1937 i.
1103 1914 1133 1937 e.
1158 1903 1226 1946 ita,
1252 1907 1291 1937 ut
1311 1914 1381 1937 non
1403 1903 1479 1948 ipse
1501 1915 1524 1939 a

130 1972 216 2006 rege
239 1960 389 2005 imperia
411 1962 604 2005 acciperet,
628 1964 687 1997 ned
717 1975 779 2007 pro
803 1975 921 1997 rerum
947 1965 1050 2008 copia
1073 1964 1198 2007 agendi
1224 1969 1429 2007 potestatem
1458 1966 1523 1999 ha-

133 2023 244 2056 beret.
268 2041 314 2047 —
347 2022 399 2055 De
433 2024 542 2057 verbo
579 2025 779 2059 ductare
811 2026 998 2059 exerciturm
1022 2037 1055 2058 v.
1081 2026 1123 2059 nd
1149 2026 1252 2061 Catil.
1281 2028 1343 2066 xl,
1366 2026 1399 2061 5.
1424 2031 1459 2062 et
1480 2028 1525 2062 ad

135 2083 213 2128 lug.
239 2083 336 2126 XXI,
362 2083 395 2117 2.
419 2102 465 2108 —
496 2085 688 2119 Maioribus
713 2087 912 2120 astricto
945 2086 970 2120 i.
994 2098 1025 2120 e.
1051 2087 1243 2121 maioribus
1267 2087 1318 2122 ita
1342 2092 1527 2132 occupato,

136 2148 177 2178 ut
199 2148 392 2178 ceterarum
422 2156 539 2180 rerum
572 2159 693 2181 curum
724 2148 829 2182 simul
866 2148 1041 2192 suscipere
1073 2160 1140 2181 non
1177 2152 1310 2192 possen
1342 2149 1388 2182 cf.
1419 2149 1463 2183 ad
1495 2160 1525 2183 c.

137 2205 211 2247 LX,
233 2205 268 2239 6.
294 2224 336 2230 -
373 2205 471 2247 Quae
503 2215 755 2252 superaverant
787 2214 929 2243 auctore
961 2209 1079 2243 Gellio
1112 2209 1184 2243 RN.
1213 2211 1285 2243 ΑΛ.
1321 2210 1350 2252 1,
1373 2210 1442 2252 22„
1467 2210 1527 2254 qui

137 2265 181 2299 de
202 2265 441 2309 antiquiorum
465 2277 529 2300 usu
555 2267 659 2302 huius
684 2270 782 2303 verbi
805 2270 900 2315 agit,
923 2270 1100 2315 significat
1123 2283 1212 2315 quae
1234 2272 1365 2305 relicua
1382 2273 1530 2315 fuerant

142 2331 176 2361 et
204 2328 426 2368 restiterant,
451 2326 502 2361 ita
525 2331 562 2361 ut
587 2328 762 2375 Iugurtha
781 2341 823 2364 ea
847 2330 977 2364 intacta
1002 2331 1198 2374 relinquere
1219 2331 1368 2374 aliisque
1398 2333 1530 2366 obeun-

139 2386 184 2420 du
204 2387 402 2430 permittere
425 2394 623 2432 cogeretur.
646 2391 694 2425 cf.
718 2392 863 2436 Fragm.
887 2391 982 2426 nist.
1005 2393 1042 2434 Ι,
1068 2391 1123 2433 15,
1144 2393 1200 2426 ll.
1252 2392 1350 2435 Quae
1373 2393 1529 2426 humana

145 2458 222 2491 nup
237 2453 391 2488 erant,
417 2454 479 2483 aut
504 2451 626 2485 divina
650 2452 832 2497 impolluta
857 2453 962 2487 sunt?
1000 2454 1123 2487 Paullo
1146 2453 1252 2486 aliter
1276 2452 1387 2497 igitur
1410 2453 1527 2488 Sallu-

140 2507 226 2541 ntius
250 2508 285 2542 h.
310 2509 334 2542 l.
358 2511 466 2544 verbo
490 2523 572 2545 usus
595 2517 659 2555 eet,
684 2525 789 2557 quam
814 2514 889 2547 Cat.
916 2515 993 2554 XX,
1020 2514 1072 2547 11.
1099 2533 1144 2538 —
1173 2515 1340 2547 quentae
1364 2513 1387 2547 i.
1412 2525 1443 2547 ο.
1468 2523 1530 2558 pu-

142 2574 259 2611 rutue3
296 2571 450 2606 invenire
483 2573 575 2607 enim
609 2575 652 2608 ‹le
683 2574 805 2618 quovis
827 2575 1053 2618 comparandi
1084 2581 1118 2608 et
1143 2575 1293 2608 habendi
1316 2575 1420 2609 modo
1443 2574 1529 2607 dici-

143 2635 219 2671 tur;
247 2641 282 2664 v.
313 2631 394 2666 Cur.
428 2633 542 2669 Beier.
568 2635 612 2669 ud
645 2635 716 2671 Cic.
754 2636 797 2670 de
822 2636 892 2670 Oss'.
920 2637 992 2677 ΙΙΙ,
1016 2637 1075 2674 31,
1101 2636 1182 2670 112.
1237 2636 1390 2670 Manlius
1411 2640 1530 2680 torque

143 2691 298 2725 detracto
331 2704 581 2737 cognomen
619 2696 878 2730 invenerat.
910 2696 958 2730 ib.
996 2697 1029 2737 I,
1064 2696 1119 2738 13,
1155 2696 1211 2733 40.
1271 2696 1357 2730 luris
1388 2696 1530 2730 iurandi

138 2752 270 2795 fraude
299 2755 481 2798 eulpam
513 2757 777 2791 invenerat.
805 2756 879 2792 Liv.
905 2758 1014 2798 XXX,
1039 2757 1095 2798 ⁴2,
1120 2758 1153 2791 7.
1203 2758 1337 2791 Bellum
1363 2769 1529 2802 quaerere

146 2803 285 2859 regem,
320 2819 375 2856 ct,
410 2816 441 2849 ui
469 2822 622 2861 pergat,
664 2818 862 2862 propediem
898 2819 1200 2854 inventurum.
1228 2818 1347 2854 Tacit.
1385 2820 1473 2853 Anu.
1498 2819 1528 2858 I,
