1630 3034
115 180 199 222 118
478 176 523 218 C.
560 176 889 218 SALLUSTI
919 175 1146 219 CRISPI

251 291 376 337 XIX.
421 292 584 336 Postea
619 292 894 351 Phoenices,
940 292 1010 336 alii
1049 292 1335 337 multitudinis
1383 293 1507 338 domi

123 388 386 434 minuendae
441 389 608 447 gratia,
661 405 765 449 pars
821 389 983 450 imperi
1029 389 1238 449 cupidine
1277 389 1509 434 sollicitata

119 484 258 545 plebe
301 490 346 529 et
395 484 513 542 aliis,
558 500 773 532 novarum
817 501 966 532 rerum
1023 486 1185 543 avidis,
1229 486 1508 546 Hipponem,

120 644 163 668 eo
195 636 365 679 augetur,
401 634 493 676 quod
524 633 561 667 in
594 634 711 668 eodem
744 636 911 669 orationis
936 635 1085 669 membro
1110 634 1265 678 sequitur
1304 635 1508 679 perfectum,

119 703 232 735 neque
263 692 431 727 afferendi
463 693 583 727 cortio
616 697 715 729 erant
744 696 830 729 tales
863 696 954 738 loci,
983 696 1043 730 ubi
1076 696 1200 730 infinit.
1234 707 1256 730 a
1277 696 1388 729 verbo
1411 695 1510 729 finito

119 752 395 797 interpunctione
416 754 552 788 maiore
575 754 809 800 disiungitur,
844 760 882 792 ut
907 757 982 791 Cat.
1009 757 1115 798 XXI,
1149 757 1183 791 4.
1209 759 1243 790 et
1265 756 1342 801 lug.
1367 756 1453 798 XV,
1476 756 1510 790 2.

118 814 277 858 Denique
299 815 334 848 in
360 818 523 859 promptu
546 819 598 848 est
621 816 755 850 scribas
779 817 918 851 facilius
942 829 984 851 ex
1008 829 1152 862 coegere
1175 818 1340 851 aberrare
1363 816 1513 860 potuisse

117 874 156 910 in
180 886 325 921 cogere,
350 886 457 919 quam
481 879 612 909 contra.
636 894 683 899 —
705 877 776 911 Pro
797 889 954 922 possessa
982 883 1033 912 est
1068 877 1150 911 Seu.
1172 878 1206 912 2.
1232 880 1267 912 et
1297 878 1424 911 Heuss.
1453 877 1510 911 ob-

119 947 216 970 sessa
247 941 322 978 est,
355 935 480 970 scribis
509 936 610 969 verbi
642 937 815 972 rationem
846 951 915 973 non
948 938 1186 983 capientibus,
1211 949 1319 981 quam
1341 938 1513 982 explicavi

120 996 167 1031 ad
200 1008 232 1031 e.
260 997 360 1039 XVI,
391 996 426 1032 5.
459 1016 506 1022 —
539 998 806 1032 Concedere
838 999 874 1031 in
899 1005 1039 1044 gentem
1073 998 1215 1042 proprie
1246 998 1428 1040 dicuntur,
1453 999 1513 1044 qui

119 1057 202 1092 aliis
217 1057 363 1091 subiecti
379 1069 460 1092 cum
476 1057 520 1092 iis
538 1057 638 1101 quasi
661 1059 878 1101 coalescunt3
904 1060 951 1097 cf,
970 1059 1147 1092 Drakenb.
1165 1059 1211 1092 ad
1225 1058 1302 1092 Liv.
1319 1059 1514 1102 XXXVIII,

120 1118 188 1161 16,
212 1118 246 1153 9.
271 1119 410 1160 XXIX,
433 1118 497 1161 29,
522 1119 579 1153 10.
607 1119 777 1160 XXXIX,
802 1119 843 1160 2,
866 1119 901 1154 4.
924 1119 1046 1153 lustin.
1066 1120 1136 1161 lv,
1157 1119 1193 1153 2.

212 1180 309 1214 XIX.
358 1182 391 1223 ὃ.
425 1180 459 1214 l.
508 1181 714 1221 Phoenices,
756 1180 819 1213 alii
859 1200 905 1205 —
929 1181 1040 1224 pars]
1074 1181 1114 1213 In
1145 1178 1315 1222 partitiva
1345 1181 1516 1216 sententia

119 1240 327 1275 Sallustium
352 1251 456 1282 saepe
480 1240 694 1284 alii—pars
717 1252 779 1283 pro
802 1241 985 1284 geminato
1016 1241 1082 1274 alii
1113 1239 1229 1273 dicere
1260 1241 1434 1275 monitum
1464 1249 1516 1277 est

119 1300 164 1335 ad
188 1300 265 1334 Cat.
291 1300 347 1341 11,
372 1299 404 1332 1.
430 1299 499 1332 Sed
523 1300 616 1342 quod
638 1301 791 1343 partium
814 1301 1062 1346 significationi
1093 1312 1162 1334 non
1194 1299 1414 1346 genitivum,
1445 1312 1515 1344 quo

120 1371 183 1394 eae
207 1360 565 1404 comprehendantur,
591 1361 652 1394 sed
675 1361 932 1397 nominativum
966 1361 1167 1406 praemisit,
1201 1361 1276 1395 eius
1311 1360 1365 1394 rei
1393 1372 1517 1396 caussa

119 1421 209 1454 haec
233 1424 304 1461 est,
336 1421 429 1464 quod
452 1421 644 1465 respiciens
668 1422 712 1456 ad
745 1422 928 1466 superiora
961 1427 1049 1457 totos
1080 1423 1227 1466 populos
1263 1420 1330 1454 sibi
1361 1422 1516 1465 opponit,

120 1479 172 1515 ita
205 1484 243 1514 ut
276 1481 411 1522 Persis,
446 1482 561 1515 Medis
596 1486 631 1517 et
670 1483 846 1517 Armeniis
879 1483 1111 1528 respondeant
1148 1483 1342 1515 Phoenices.
1399 1483 1518 1526 Quare

122 1539 295 1584 primaria
325 1541 495 1576 sententia
528 1554 597 1576 non
627 1544 751 1586 pendet
786 1555 828 1577 ex
857 1545 1001 1578 vocibus
1039 1544 1104 1578 ulii
1123 1554 1289 1587 —pars‚
1314 1554 1405 1586 quac
1427 1544 1518 1578 ratio

123 1601 255 1634 valeret
277 1601 433 1645 genitivo
457 1604 698 1644 antecedente,
723 1604 783 1637 sed
806 1605 920 1647 potins
943 1616 986 1638 ex
1009 1606 1193 1639 universae
1221 1603 1339 1648 gentis
1367 1604 1518 1646 nomine,

124 1660 182 1694 cui
215 1661 393 1704 sequentia
425 1674 486 1705 per
510 1663 764 1707 appositionem
794 1665 912 1699 addita
934 1669 1035 1707 sunt,
1061 1669 1099 1698 ut
1123 1665 1242 1698 statim
1265 1668 1343 1707 post
1370 1668 1405 1698 et
1427 1668 1460 1707 ἓ.
1484 1665 1517 1699 5.

124 1719 253 1754 iterum
280 1722 433 1764 factum3
456 1724 503 1759 cf.
538 1735 569 1758 c.
602 1724 650 1765 L,
685 1725 720 1760 4.
753 1726 1011 1767 Numidae,
1048 1726 1112 1759 alii
1134 1731 1326 1770 postremos
1360 1726 1517 1768 caedere,

123 1792 236 1825 pars
260 1793 284 1815 α
308 1783 449 1817 sinistra
482 1796 523 1818 ac
552 1785 697 1819 dextera
727 1791 886 1826 tentare,·
914 1787 1017 1828 xlv,
1044 1785 1101 1819 15.
1137 1786 1263 1823 XLVI,
1288 1783 1322 1819 4.
1349 1786 1458 1827 mn,
1483 1786 1519 1822 4.

125 1842 222 1884 CIV,
245 1841 279 1876 3.
304 1843 472 1888 LXXIV,
498 1845 532 1879 1.
556 1846 631 1879 Cat.
657 1847 710 1887 11,
736 1847 769 1881 l.
795 1848 930 1881 Eodem
954 1847 1058 1880 modo
1083 1846 1200 1881 Tacit.
1223 1847 1312 1880 Anu.
1337 1847 1436 1888 xlv,
1460 1848 1519 1889 23,

125 1902 162 1936 2.
198 1903 422 1947 Barbari,
452 1917 516 1949 pro
544 1907 684 1951 ingenio
710 1909 870 1953 quisque,
903 1909 990 1942 alii
1017 1919 1136 1952 preces
1162 1908 1307 1951 offerre,
1331 1909 1520 1951 quidam

126 1963 284 1998 deserere
300 1966 400 1999 vicos.
422 1986 468 1991 —-
488 1967 537 2001 Et
560 1968 642 2001 aliis
656 1980 825 2002 novarum
847 1980 963 2003 rernm
985 1968 1099 2002 avidis
1118 1971 1228 2001 exstat
1253 1968 1288 2001 in
1311 1969 1396 2004 Naz.
1415 1971 1521 2006 Com-

127 2025 209 2058 mel.
234 2025 319 2062 Bas.
345 2027 378 2062 1.
413 2026 555 2061 Fabric.
579 2027 612 2061 1.
638 2038 660 2062 a
681 2039 729 2064 m.
754 2040 806 2072 pr.
832 2029 928 2062 Leid.
954 2029 995 2062 L.
1020 2028 1110 2073 Teg.
1136 2028 1285 2063 Gocrlit.
1319 2030 1399 2064 Sen.
1425 2032 1457 2066 1.
1483 2034 1518 2069 2.

127 2096 170 2120 ac
202 2091 381 2130 practerea
416 2087 452 2121 in
485 2088 607 2122 multis
639 2089 772 2131 Cortii,
803 2089 1079 2133 llavercampii,
1122 2090 1323 2132 Germ-hii,
1365 2092 1520 2128 aliorum

130 2146 230 2180 codd.
262 2147 471 2191 aliquantus
506 2153 624 2183 tamen
659 2161 824 2184 numerus
857 2155 890 2184 et
923 2151 1014 2185 aziz·
1045 2162 1120 2184 nov.
1150 2162 1219 2184 rer.
1243 2153 1377 2187 uvidi
1401 2155 1520 2198 habet,

128 2217 219 2250 qnae
242 2207 417 2251 scriptura
448 2209 534 2244 olim
572 2211 716 2254 vulgata
740 2209 819 2243 inde
843 2221 865 2244 a
891 2211 1043 2245 Grutero
1068 2214 1101 2244 ct
1125 2211 1245 2245 Curtio
1274 2218 1367 2248 recte
1389 2214 1522 2259 impro-

128 2268 212 2302 bata
234 2272 296 2302 est.
321 2269 411 2303 Vere
433 2269 521 2305 vidit
553 2271 692 2304 Cortiua
715 2271 802 2304 alios
826 2282 894 2304 non
918 2275 1075 2315 respectu
1099 2272 1375 2308 antecedentium
1403 2277 1521 2311 alii—

128 2339 214 2373 pars
237 2329 328 2371 dici,
352 2334 390 2363 ut
414 2330 517 2364 tertia
542 2341 663 2365 caussa
688 2331 905 2365 coloniarum
932 2333 1190 2367 condendarum
1214 2340 1520 2381 commemoretur,

130 2389 190 2422 secl
213 2389 446 2424 bimembrem
472 2402 546 2425 esse
569 2391 775 2426 sententiam
795 2404 836 2426 ex
865 2394 1053 2428 sollicitata
1084 2394 1308 2437 pendentem,
1340 2395 1392 2430 ita
1415 2402 1455 2432 ut
1479 2411 1521 2433 ex

130 2448 303 2492 singulm-i
338 2451 382 2484 ad
417 2453 497 2485 aliis
531 2453 739 2496 suplendmu
769 2453 813 2487 rit
847 2455 1065 2494 sollicitatis,
1098 2455 1190 2498 quod
1222 2460 1305 2499 apte
1337 2458 1522 2495 confirmat

130 2509 298 2553 exeinplie
329 2511 506 2546 Ciceronis
537 2524 579 2546 ox
614 2514 702 2558 Epp.
736 2514 780 2548 ad
818 2514 958 2549 Famm.
992 2516 1027 2552 Ι,
1066 2516 1111 2555 9,
1145 2515 1201 2550 63.
1233 2517 1306 2550 eius
1339 2519 1456 2554 onai
1486 2526 1521 2555 ct

130 2571 296 2613 gratia
321 2575 354 2605 et
381 2573 546 2616 opibus
570 2575 617 2607 sic
629 2577 752 2617 fruor,
776 2580 814 2608 ut
840 2577 934 2609 meis.
961 2576 1046 2610 ibid.
1072 2577 1170 2618 ΧΠ,
1198 2577 1237 2619 1,
1261 2577 1296 2614 5.
1321 2584 1354 2613 et
1371 2580 1521 2622 comites,

129 2634 164 2664 et
188 2635 429 2674 tempestates,
462 2639 494 2667 ct
514 2645 637 2668 navem
662 2635 872 2670 idoneam
898 2643 935 2671 ut
961 2638 1092 2672 habeas
1112 2639 1300 2683 diligenter
1313 2640 1458 2676 videbis.
1476 2661 1519 2667 —

132 2690 324 2734 Hipponem
349 2703 417 2725 non
449 2693 600 2739 intelligi
634 2695 807 2740 Regium,
838 2697 897 2730 sed
926 2698 1150 2742 Diarrhylmn
1174 2699 1248 2733 sive
1275 2700 1459 2743 Zur-mum,
1486 2701 1521 2736 in

126 2751 270 2796 regione
281 2753 475 2797 Zeugitana
501 2755 594 2790 haud
619 2756 740 2799 procul
763 2757 809 2791 ub
833 2758 932 2792 Utica
957 2758 1061 2794 situm
1079 2760 1236 2796 Iocorum
1253 2762 1337 2795 ordo
1362 2763 1522 2803 ostendit,
