1630 3034
461 165 824 212 IUGURTHA.
885 163 1014 209 cAP.
1043 164 1180 208 XLV.
1419 168 1505 210 257
1535 150 1537 152 ’

119 286 166 330 in
193 284 346 335 eastris
376 285 542 345 panem
573 289 649 327 aut
679 297 813 341 quem
843 282 977 325 alium
1007 287 1183 326 coctum
1214 281 1364 326 cibum
1390 297 1502 326 ven-

121 382 261 439 deret,
297 397 353 426 ne
388 382 501 425 lixae
536 380 777 424 exercitum
812 384 1116 437 sequerentur,
1153 393 1209 422 ne
1238 378 1363 422 miles
1393 393 1502 438 gre-

120 480 270 540 garius
305 479 351 522 in
386 477 536 522 castris
572 491 684 520 neve
720 476 763 518 in
799 475 977 535 agmine
1009 490 1184 519 servum
1219 481 1293 519 aut
1327 476 1502 519 iumen-

119 580 213 618 tum
242 574 452 626 haberet3
489 572 646 616 ceteris
682 578 776 615 arte
811 571 998 615 modum
1035 572 1246 618 statuisse.
1293 572 1502 615 Praeter-

120 686 174 715 ea
206 669 468 714 transvorsis
503 668 729 712 itineribus
767 668 929 712 cotidie
965 674 1107 711 castra
1141 682 1338 724 movere,
1378 666 1500 711 iuxta

119 813 230 848 edicto
251 812 433 856 respondet
455 812 549 846 infra
573 817 661 847 arte.
711 813 853 847 Scilicet
885 813 934 846 ita
967 811 1216 845 emendandam
1240 811 1400 844 censebat
1422 810 1501 844 Me-

118 875 222 909 tellus
254 877 453 916 corruptam
489 874 659 907 exercitus
694 874 934 917 disciplinam,
967 878 1005 907 ut
1037 872 1204 906 nonnulla
1234 871 1354 904 statim
1387 870 1500 904 edicto

117 936 277 976 tolleret,
308 934 379 968 alia
401 935 589 978 paullatim
612 935 637 969 i.
662 946 693 969 e.
718 939 792 968 arte
815 938 976 968 mutaret.
1026 935 1182 967 Primum
1205 931 1315 976 igitur
1338 931 1387 965 ita
1410 930 1503 974 posi-

117 998 193 1030 tum
216 998 286 1036 est,
310 998 350 1028 ut
376 994 411 1028 in
434 995 656 1038 sequentibus
680 995 846 1028 omissum
870 994 914 1028 sit
938 1000 1009 1028 tum
1035 995 1089 1027 vel
1114 994 1250 1036 deinde,
1276 992 1365 1036 quod
1391 991 1503 1036 poscit

118 1055 285 1090 emtionis
307 1060 470 1089 accurate
492 1057 679 1089 nectendae
704 1055 816 1095 rati03
842 1055 886 1088 cf.
904 1055 1046 1088 Ruhnk.
1073 1055 1119 1088 ad
1138 1055 1222 1088 Ter.
1246 1054 1351 1088 Andr.
1368 1053 1398 1094 I,
1414 1053 1449 1094 3,
1466 1052 1501 1086 6.

118 1115 382 1150 Drakenborch.
407 1115 450 1148 ad
476 1115 551 1148 Liv.
569 1116 689 1157 XXII,
715 1114 779 1155 43,
805 1114 838 1148 3.
868 1115 981 1148 Beier.
999 1116 1041 1149 ad
1059 1116 1129 1148 Cic.
1148 1115 1189 1147 de
1205 1113 1275 1147 Off.
1292 1113 1328 1153 Ι,
1353 1110 1417 1153 Η,
1442 1111 1501 1148 44.

118 1175 212 1219 Aug.
238 1174 406 1208 Matthias
429 1175 473 1208 ad
504 1187 554 1209 or.
581 1175 617 1208 in
641 1175 743 1209 Catil.
773 1175 824 1216 11,
851 1175 913 1217 10,
940 1175 996 1208 21.
1032 1175 1173 1208 ῖνειίοὶι.
1201 1174 1395 1207 Emendatt.
1423 1173 1499 1207 Liv.

118 1247 155 1280 p.
179 1235 258 1270 188.
281 1254 327 1260 —-
356 1236 541 1269 sustulisse
565 1237 713 1279 pendere
736 1248 778 1269 ex
802 1246 1004 1279 praegresso
1027 1236 1134 1268 verbo
1159 1235 1346 1278 comperior
1369 1233 1427 1266 vix
1452 1236 1504 1267 est

119 1296 213 1340 quod
236 1300 439 1336 moneatur3
464 1295 587 1329 vitiose
612 1296 721 1339 igitur
744 1296 780 1329 in
804 1295 976 1328 nonnullis
1003 1295 1099 1328 codd.
1115 1295 1301 1338 comperior
1316 1294 1503 1338 repetitum

119 1359 182 1390 aut
204 1355 278 1388 eius
300 1355 378 1388 loco
402 1355 530 1389 dieitur
553 1356 704 1398 positum
728 1360 788 1389 est.
822 1375 865 1380 —
903 1355 1030 1388 Ceteris
1055 1360 1152 1389 arte
1177 1356 1315 1389 modum
1339 1356 1503 1389 statuisse

119 1415 258 1451 Cottius
280 1415 330 1449 ita
353 1415 615 1460 interpretatur:
642 1415 788 1459 „ceteris
811 1416 993 1458 militibus,
1022 1415 1081 1462 qui
1105 1427 1172 1448 non
1197 1420 1309 1449 essent
1333 1415 1503 1460 gregarii,

119 1482 254 1512 aretum
274 1487 454 1510 servorum
477 1477 779 1520 iumentorumque
801 1488 979 1509 numerum
1007 1476 1216 1519 per1nisit;“
1241 1477 1298 1510 sed
1318 1477 1383 1510 isto
1400 1477 1503 1509 modo

119 1548 188 1571 non
211 1536 324 1570 solum
347 1536 496 1571 mirifice
518 1542 552 1572 et
575 1539 740 1582 ambigue
763 1537 926 1582 gregarii
950 1536 1079 1569 milites
1103 1537 1241 1579 ceteris,
1275 1536 1298 1570 i.
1325 1548 1355 1571 e.
1383 1541 1505 1570 centu-

119 1597 276 1632 rionibus
300 1600 334 1630 ct
357 1597 504 1632 tribunis
536 1602 779 1643 opponuntur,
813 1598 872 1630 sed
898 1597 1003 1630 etiam
1040 1598 1142 1631 valde
1175 1596 1410 1640 improbabile
1440 1599 1502 1641 est,

120 1659 306 1693 Metellum
329 1657 386 1691 his
409 1663 543 1693 arctum
567 1660 711 1692 modum
736 1652 932 1701 permisisse
957 1669 1078 1692 earum
1103 1669 1232 1699 rerum,
1259 1668 1345 1700 quas
1371 1661 1503 1690 tantam

121 1718 287 1754 exercitui
317 1719 505 1762 perniciem
539 1721 694 1754 attulisse
725 1718 963 1762 cognovisset,
997 1719 1152 1761 adeoque
1182 1721 1321 1761 prorsus
1352 1718 1505 1751 sublatas

120 1780 239 1825 vellet.
284 1778 429 1813 Rectius
460 1779 568 1825 igitur
600 1778 773 1823 Langius,
812 1779 1003 1812 Muellerus
1035 1783 1068 1812 et
1093 1778 1301 1812 Gerlachius
1331 1783 1407 1812 arte
1437 1789 1503 1822 pro

120 1841 275 1877 ablativo
297 1840 449 1880 habent,
481 1839 743 1883 interpretantes
765 1840 976 1883 prudentia3
1005 1839 1063 1873 sed
1088 1849 1268 1882 perperam
1295 1837 1506 1871 Gerlachius

121 1903 167 1939 ad
190 1903 282 1936 hanc
305 1899 571 1944 explicationem
593 1900 802 1934 firmandam
825 1899 936 1933 addit:
962 1900 1119 1941 „scilicet
1144 1898 1358 1932 centuriones
1383 1902 1418 1930 et
1442 1896 1506 1930 tri-

121 1965 234 1998 bunos
255 1962 368 1996 edicto
391 1971 532 1994 monere
563 1971 625 2006 seu
655 1960 819 1993 cohibere
851 1972 913 1993 nec
941 1961 1055 2003 potuit
1085 1971 1145 1993 nec
1172 1959 1327 1992 voluit.“
1376 1958 1506 1991 Ceteris

123 2024 216 2058 enim
239 2026 360 2056 neutro
383 2031 511 2066 genere
534 2020 665 2053 dictum
688 2020 865 2064 significat
888 2020 1011 2053 ceteris
1034 2019 1154 2061 rebus,
1193 2018 1267 2062 sive
1299 2018 1420 2050 ceteris
1451 2018 1505 2050 ἰη-

124 2083 325 2122 commodis,
349 2092 437 2124 quae
461 2084 582 2122 suapte
605 2084 731 2113 natura
755 2091 822 2112 non
845 2080 1026 2112 commode
1048 2082 1186 2122 possent
1210 2079 1317 2110 edicto
1342 2077 1506 2118 coerceri,

124 2144 222 2178 velut
253 2141 432 2183 socordia,
467 2140 629 2181 licentia,
662 2139 791 2173 laboris
826 2139 1000 2181 taedium,
1036 2139 1126 2180 alia,
1158 2148 1313 2181 quaeque
1346 2130 1506 2170 Metellus

126 2210 223 2245 arte,
247 2204 285 2236 h.
304 2214 334 2236 e.
359 2199 614 2241 adhortatione,
637 2200 806 2243 exemplo,
831 2200 1049 2233 severitatem
1075 2200 1108 2232 et
1132 2200 1324 2232 modestum
1349 2198 1506 2231 animum

126 2263 335 2300 ostendendo
359 2260 541 2305 paullatim
566 2264 600 2293 et
630 2260 688 2293 vix
721 2261 793 2294 ullo
827 2261 994 2293 sentiente
1025 2263 1213 2293 amoveret.
1262 2258 1404 2291 Modum
1431 2263 1506 2292 sta-

125 2331 223 2361 tuere
246 2324 357 2368 igitur
380 2321 472 2355 valet
495 2321 646 2362 mederi,
681 2319 755 2353 sive
786 2331 860 2353 rem
893 2321 936 2353 ad
969 2320 1097 2354 iustum
1124 2320 1340 2363 probumque
1363 2319 1506 2352 modum

125 2395 301 2420 revocare.
319 2403 360 2408 —
388 2381 520 2415 Cotidie
537 2380 703 2425 scriptum
727 2385 837 2414 exstat
861 2380 894 2413 in
910 2381 993 2413 Bas.
1010 2381 1042 2413 1.
1067 2381 1170 2413 Bern.
1187 2379 1220 2412 3.
1248 2378 1357 2412 Paris.
1375 2379 1409 2411 b.
1430 2390 1460 2412 c.
1476 2390 1506 2411 z.

128 2445 175 2482 cf.
198 2445 242 2479 ad
266 2444 342 2478 Cat.
367 2442 470 2484 XIV,
493 2441 528 2475 4.
561 2445 595 2475 et
618 2442 775 2482 xum,
797 2441 831 2475 2.
855 2460 900 2466 —
928 2441 1041 2474 Verba
1066 2440 1207 2485 vigilias
1236 2440 1418 2472 crebras
1439 2451 1507 2483 po-

128 2516 212 2540 nere
236 2508 271 2539 et
294 2515 370 2538 cum
393 2502 505 2547 signis
522 2504 792 2545 frequentes
825 2501 1020 2534 incederent
1044 2500 1228 2533 admonent
1252 2504 1290 2533 ut
1314 2499 1431 2543 paucis
1455 2499 1508 2533 ‹li-

130 2575 251 2599 camus
278 2562 451 2607 quomodo
476 2561 591 2595 creber
615 2561 754 2595 differat
777 2573 798 2595 a
815 2565 982 2606 frequens
1012 2561 1207 2602 vocabulo,
1239 2560 1507 2594 secutiffiudov.

130 2624 328 2659 Doederlin.
352 2623 581 2667 Synonymm.
606 2622 697 2656 Latt.
723 2622 797 2655 Vol.
821 2621 848 2654 Ι.
877 2633 910 2665 p.
938 2620 992 2655 19.
1041 2622 1234 2664 Utrumque
1266 2625 1300 2654 et
1333 2620 1375 2653 de
1406 2621 1510 2654 rebus

131 2688 166 2719 et
188 2685 231 2718 de
253 2683 408 2728 personis
429 2686 637 2727 usurpatur,
660 2692 872 2726 quamquam
896 2682 938 2715 de
960 2681 1030 2715 illis
1053 2682 1180 2723 creber,
1204 2681 1247 2714 de
1269 2680 1324 2714 his
1339 2683 1509 2725 frequens
1555 2692 1559 2693 ⁷

133 2744 249 2790 magis
271 2743 307 2778 in
333 2755 398 2779 usu
420 2747 493 2785 θείς
527 2743 586 2778 sed
613 2743 729 2777 creber
753 2741 894 2786 proprie
916 2741 959 2774 de
983 2740 1026 2775 iis
1048 2740 1193 2782 dicitur,
1229 2751 1318 2785 quae
1342 2740 1377 2774 in
1402 2751 1509 2774 unum

201 2817 256 2860 11.
1014 2857 1018 2861 ,
1171 2811 1233 2856 ΙΊ
