1630 3034
338 146 707 211 ¹mGURTHA.
767 147 889 191 GAP.
912 147 1169 192 xxxvm.
1361 154 1441 194 221

66 267 220 310 tertiae
255 264 443 325 legionis
478 279 562 324 per
595 263 906 319 munitionem,
942 280 1091 323 quam,
1127 266 1190 310 uti
1225 265 1447 311 defende-

65 369 156 418 ret,
192 366 452 421 acceperat,
488 360 638 404 locum
673 359 874 404 hostibus
909 361 1157 406 introeundi
1193 355 1330 420 dedit.
1367 378 1446 408 ea-

65 474 156 517 que
197 456 420 503 Numidae
463 457 610 500 cuncti
654 456 870 515 irrupere.
941 457 1095 501 Nostri
1138 459 1273 502 foeda
1318 460 1480 520 fuga,7

66 556 271 616 plerique
299 554 478 599 abiectis
506 552 637 596 armis
665 568 933 613 proxumum
961 554 1122 597 collem
1141 570 1447 615 occupavere3

68 667 158 696 nox
192 658 326 710 atque
361 650 533 711 praeda
569 655 814 693 castrorum
855 649 992 693 hostis
1038 652 1269 708 quominus
1307 653 1488 696 ficto-8

66 748 130 792 ria
164 753 392 792 uterentur
435 752 656 790 remorata
699 752 810 792 sunt.
881 745 1056 790 Deinde
1100 748 1316 808 Iugurtha
1358 721 1486 808 pb-S)

46 851 186 901 „stem
218 844 290 889 die
322 859 424 888 cum
451 844 569 888 Aulo
603 843 650 886 in
686 843 909 901 colloquio
944 843 1082 888 verba
1116 845 1241 889 facit:
1278 845 1450 889 tametsi

65 988 233 1023 generum
256 977 375 1011 decem
401 977 537 1012 ordines
560 978 679 1017 eraut,
712 975 925 1020 totidemque
947 977 1172 1012 centuriones.
1221 978 1357 1012 Primus
1379 977 1450 1023 igi-

66 1043 123 1073 tur
142 1039 300 1084 princeps
323 1049 392 1072 non
415 1038 530 1072 solum
552 1037 686 1081 primus
708 1035 814 1077 ordo,
847 1038 907 1070 sed
931 1038 1037 1073 etiam
1060 1039 1194 1082 primus
1217 1040 1372 1073 centurio
1397 1038 1451 1072 in-

65 1103 120 1134 ter
142 1099 318 1144 principes
341 1086 538 1140 dictus'esu
564 1097 732 1132 secundus
755 1096 890 1139 deinde,
917 1101 1051 1142 tertius,
1077 1111 1187 1143 usque
1208 1100 1251 1133 ad
1268 1100 1451 1141 decimum,

66 1160 160 1204 iique
182 1160 303 1194 ordine
325 1164 360 1194 et
382 1160 516 1193 honore
538 1170 613 1192 sese
636 1158 866 1202 excipiebant.
889 1159 934 1193 cf.
959 1159 1034 1193 Liv.
1052 1161 1177 1201 XXVI,
1199 1160 1246 1201 6,
1271 1161 1306 1194 1.
1346 1160 1451 1193 Primi

65 1223 230 1267 principis
253 1222 405 1266 signum.
452 1221 513 1254 Sic
543 1220 635 1253 inter
665 1220 782 1253 decem
808 1220 946 1254 ordines
968 1220 1185 1254 hastatorum
1208 1220 1340 1263 primus
1365 1220 1452 1253 ordo

66 1283 198 1316 honore
221 1281 368 1326 insignis
390 1283 485 1321 erat,
508 1279 652 1323 eiusque
673 1280 828 1314 centurio
849 1282 982 1325 primus
1005 1281 1184 1320 hastatus,
1207 1280 1284 1314 Liv.
1311 1280 1453 1321 xxvn,

66 1343 132 1385 14,
156 1343 189 1377 8.
214 1343 348 1382 xxm,
372 1339 415 1382 5,
439 1339 496 1376 15.
528 1341 662 1374 Eodem
687 1342 790 1375 modo
815 1341 906 1375 inter
929 1341 1048 1374 decem
1072 1340 1291 1375 centuriones
1312 1339 1453 1375 triario-

66 1415 146 1438 rum
178 1402 252 1437 sive
285 1402 484 1446 pilanomm
515 1401 651 1444 primus
685 1403 880 1436 vocabatur
910 1402 1043 1444 primus
1071 1402 1162 1445 pilus
1196 1402 1270 1436 sive
1298 1401 1453 1436 centurio

66 1464 170 1509 primi
191 1464 275 1508 pili,
300 1461 362 1506 qui
377 1465 410 1496 et
424 1461 573 1495 relicuos
587 1462 801 1506 triariorum,
826 1466 861 1496 et
877 1462 1028 1506 primum
1044 1461 1232 1505 principem
1249 1466 1282 1496 et
1300 1462 1453 1505 primum

67 1526 247 1559 hastatum
271 1522 441 1568 dignitate
464 1522 636 1563 anteibat3
660 1523 706 1556 cf.
728 1523 825 1556 Caes.
850 1523 893 1556 B.
921 1523 965 1558 G.
987 1523 1038 1564 11,
1062 1522 1120 1557 25.
1145 1522 1225 1567 (ubi
1248 1533 1282 1557 v.
1306 1523 1452 1556 doctam

67 1584 237 1630 Herzogii
260 1584 411 1627 notam.)
457 1585 510 1617 De
541 1594 729 1628 progressu
758 1584 803 1617 ab
835 1582 1001 1617 inferiore
1024 1582 1167 1617 honoris
1190 1582 1303 1627 gradu
1327 1583 1371 1616 ad
1393 1594 1453 1616 su-

67 1646 239 1691 periorem
263 1643 411 1690 insignis
432 1643 528 1678 locus
551 1647 604 1677 est
627 1644 718 1684 apud
743 1641 817 1676 Liv.
841 1642 957 1684 XLII,
989 1643 1048 1678 34,
1081 1643 1142 1676 ubi
1166 1643 1226 1686 Sp.
1250 1642 1455 1687 Ligustinus

67 1709 111 1742 de
134 1719 196 1742 suo
219 1707 394 1741 honorum
418 1715 521 1737 cursu
544 1702 593 1737 ita
617 1703 785 1746 disputat:
833 1703 1018 1738 Biennium
1043 1705 1173 1738 miles
1198 1704 1455 1748 gregarius

62 1769 121 1813 fui
143 1769 309 1802 adversus
334 1766 531 1810 Philippum
561 1775 680 1809 regem
689 1779 702 1803 ,·
734 1763 837 1797 tertio
872 1775 963 1798 anno
993 1766 1133 1799 virtutis
1157 1776 1279 1798 caussa
1302 1765 1388 1799 mihi
1413 1765 1455 1797 Τ.

72 1830 251 1873 Quinctius
275 1828 468 1862 Flaminius
492 1827 717 1861 decumum
745 1825 947 1859 ordinem
977 1826 1214 1860 hastatum
1248 1825 1454 1869 assignavit.

68 1912 114 1918 -—
143 1890 244 1924 Miles
265 1888 481 1923 voluntarius
504 1899 581 1921 cum
609 1886 659 1919 M.
686 1884 804 1918 Porcio
829 1887 965 1919 consule
989 1887 1024 1920 in
1051 1886 1259 1930 Hispaniam
1281 1888 1456 1929 profectus

69 1963 170 1992 sum,·
192 1970 238 1976 —
269 1951 324 1984 hic
347 1961 401 1984 me
427 1950 616 1993 imperator
640 1945 785 1990 dignum
809 1945 980 1981 iudicavit
1003 1947 1058 1980 cm·
1079 1946 1266 1990 primum
1290 1946 1455 1979 hasta-

70 2017 162 2046 tum
193 2010 318 2055 prioris
348 2010 524 2043 centuriae
557 2007 769 2050 assignaret.
820 2006 937 2040 Tertio
971 2006 1094 2039 iterum
1118 2005 1335 2040 voluntarius
1358 2006 1456 2039 miles

63 2074 184 2115 sactus
207 2081 304 2110 sunu
328 2089 373 2094 —
397 2081 421 2103 a
445 2070 542 2103 Man.
560 2067 672 2101 Acilio
695 2066 781 2099 mihi
802 2067 974 2110 primus
995 2066 1210 2110 princeps
1230 2066 1355 2110 prioris
1376 2078 1455 2100 cen-

72 2132 186 2166 turine
203 2135 254 2164 est
269 2130 480 2175 assignatus.
495 2147 541 2152 —
560 2128 690 2170 Quater
706 2127 800 2161 intra
820 2137 950 2170 paucos
973 2137 1081 2160 annos
1100 2128 1291 2171 primum
1314 2127 1456 2171 pilum

73 2192 166 2226 duxi.
192 2191 238 2226 cf.
264 2190 360 2234 Lips.
382 2190 426 2223 de
448 2188 555 2223 Milit.
579 2189 684 2222 Rom.
707 2188 751 2229 11,
766 2186 800 2223 8.
823 2187 900 2221 Ald.
923 2188 1058 2222 Manut.
1082 2187 1238 2230 Quaesit.
1264 2198 1327 2231 per
1342 2186 1454 2230 Epist.

72 2253 126 2294 11,
147 2251 180 2286 3.
205 2251 319 2285 Coa'r.
343 2249 440 2284 Adde
461 2249 724 2285 Drakenborch.
747 2248 791 2282 ad
815 2247 890 2283 Liv.
914 2249 968 2290 Π,
992 2248 1050 2290 27,
1075 2247 1108 2281 7.
1135 2247 1297 2281 Creuzeri
1314 2247 1453 2292 Antiqq.

72 2314 178 2346 Rom.
203 2313 235 2353 §-
255 2310 335 2344 242.
359 2322 392 2354 p.
409 2310 489 2345 376.
513 2311 566 2344 ed.
589 2310 635 2346 11.
666 2327 715 2334 —-
745 2310 868 2353 anue
897 2309 948 2344 ita
978 2310 1022 2343 ad
1054 2318 1297 2353 praegressum
1327 2318 1456 2342 nomen

71 2373 234 2413 refertur,
257 2375 295 2405 ut
317 2371 556 2405 tantummodo
583 2369 745 2404 universa
766 2370 832 2403 loci
855 2369 972 2412 notio,
995 2381 1062 2403 non
1085 2367 1318 2413 grammatica
1340 2368 1456 2403 forma

73 2431 237 2467 vocabuli
260 2430 486 2474 respiciatur3
511 2430 556 2463 αἱ.
581 2430 624 2464 ad
648 2431 723 2467 Cat.
741 2431 854 2471 Lvn,
869 2429 904 2465 3.
928 2433 963 2464 et
984 2430 1028 2463 nd
1051 2430 1130 2474 lug.
1145 2428 1272 2469 xvnl,
1296 2428 1330 2462 2.
1356 2429 1455 2463 Caes.

74 2495 115 2528 B.
140 2493 185 2527 G.
210 2493 254 2536 V,
274 2491 332 2536 51,
349 2491 383 2526 4.
410 2491 506 2525 Curt.
522 2491 582 2532 111,
598 2490 632 2533 4,
651 2491 686 2526 7.
710 2491 797 2525 ven.
815 2491 860 2533 Π,
877 2490 956 2527 111.
982 2490 1104 2525 Bremi
1127 2489 1172 2524 ad
1194 2488 1283 2534 Nep.
1306 2489 1454 2523 Eumeu.

72 2554 171 2595 vul,
192 2553 226 2587 4.

163 2615 196 2655 §-
213 2611 342 2648 7.-9.
368 2616 543 2646 remorata
558 2613 654 2656 sunt]
677 2611 874 2647 Praedicati
897 2613 940 2647 ad
965 2612 1065 2656 plura
1087 2610 1230 2646 nomina
1244 2610 1456 2654 appellativa

74 2673 273 2715 pertinentis
288 2684 397 2718 genus
410 2673 662 2707 illustravimus
677 2674 721 2707 ad
742 2673 819 2709 Cat.
837 2673 881 2713 X,
898 2672 922 2706 2
956 2684 989 2716 p.
1007 2671 1063 2706 52.
1088 2671 1174 2706 ibid.
1194 2671 1271 2712 XX,
1288 2670 1323 2704 2.
1346 2674 1381 2705 et
1396 2670 1454 2703 14.

77 2732 212 2774 XXXI,
239 2733 271 2769 1.
306 2733 425 2768 lustin.
450 2733 489 2776 1,
512 2733 556 2776 7,
580 2732 613 2767 ⁷.
640 2754 684 2759 —
716 2734 787 2768 Pro
812 2733 938 2767 deinde
960 2731 1119 2774 Cottius,
1157 2735 1195 2766 ut
1216 2731 1305 2765 solet
1328 2730 1362 2764 in
1385 2731 1454 2764 hoc
