1630 3034
404 169 759 213 IUGURTHA.
821 170 948 213 GAP.
982 169 1154 214 XXXI.
1387 175 1466 216 181

87 290 162 348 qui
199 305 251 333 ea
285 289 458 344 fecere,
493 286 637 347 pudet
670 292 747 330 aut
779 287 1001 346 poenitet,
1038 288 1117 331 sed
1146 287 1354 332 incedunt
1383 303 1468 349 per

86 402 166 430 ora
201 392 351 429 vostra
384 383 634 444 magnifici,
685 383 931 427 sacerdotia
969 391 1012 427 et
1045 385 1318 444 consulatus,
1363 401 1468 445 pars

87 521 251 554 Incedunt
284 517 420 552 Cortius
450 521 637 561 praeeunte
660 516 800 550 Wassio
831 522 926 550 recte
961 517 1095 551 monuit
1125 518 1257 551 habore
1284 520 1401 561 fastus
1434 523 1468 553 et

86 581 320 625 impudentiae
344 578 646 624 significationem.
672 577 717 610 cf.
737 576 872 610 Ernesti
896 576 940 610 ad
959 577 1074 613 Tacit.
1089 577 1225 612 Annall.
1239 579 1330 621 XIV,
1353 579 1409 621 53,
1435 579 1468 613 4.

86 642 174 676 Sall.
201 641 382 684 Fragmm.
405 639 556 673 Historr.
574 640 608 679 l,
634 637 699 679 15,
723 637 780 671 24.
817 638 932 680 Quare
949 638 1060 683 igitur
1078 644 1175 672 tanto
1196 641 1339 685 agmine
1363 646 1468 685 atque

86 702 211 735 animis
237 700 443 734 incedit?
467 700 603 733 Lucret.
619 700 685 741 ΠΙ,
711 697 768 732 75.
807 699 963 733 Macerat
982 700 1115 732 invidia
1134 706 1216 734 ante
1236 703 1349 735 oculos
1370 703 1467 736 illum

85 773 156 796 csse
177 766 372 804 potentem,
396 762 496 795 Illum
515 761 688 805 aspectari
706 761 863 803 claroque
888 760 958 793 inc
972 771 988 792 e
1002 760 1024 792 d
1037 771 1110 793 ere
1134 761 1271 796 honore.
1305 773 1339 795 v.
1366 761 1467 795 Serv.

84 823 129 855 ad
155 822 247 866 Virg.
273 822 356 854 Aen.
381 821 416 862 I,
448 821 506 854 5⁰.
541 821 639 854 cuius
673 816 881 854 auctoritate
911 822 1014 854 simul
1040 827 1251 856 sustentatur
1273 823 1468 866 magrzffici,

83 883 175 925 quod
199 882 307 915 etiam
330 882 538 916 vetustiores
563 880 706 915 Grnteri
731 880 832 923 libri,
861 880 1036 915 Ciacconii
1061 886 1095 915 et
1123 882 1237 916 Ursini
1262 882 1336 916 cod.
1355 908 1364 924 ,
1392 887 1466 916 tum

84 944 227 978 Eccard.
254 943 372 976 Guelf.
397 944 432 976 3.
456 943 532 976 Vin.
557 944 591 977 2.
621 943 728 976 Acad.
755 942 836 975 Seu.
861 941 894 975 2.
921 943 1044 976 Heuss.
1069 944 1153 977 Bas.
1176 944 1198 976 l.
1235 943 1330 976 Leid.
1357 943 1395 976 Α.
1423 944 1465 976 Β.

83 1006 124 1039 Ε.
146 1005 186 1038 F.
212 1005 254 1038 G.
280 1004 306 1037 I.
334 1004 372 1038 [ι.
399 1004 448 1037 Μ.
482 1005 586 1037 Ber-n.
612 1004 645 1037 1.
675 1003 792 1036 Berol.
818 1004 851 1037 2.
883 1003 986 1036 Misn.
1012 1008 1046 1037 et
1074 1004 1221 1038 Goerlit.
1245 1016 1292 1038 m.
1319 1016 1386 1038 sec.
1413 1009 1469 1038 tu-

83 1070 194 1101 entur.
243 1064 382 1098 Relicui
415 1066 602 1110 magnifice
634 1065 780 1105 hahent,
823 1066 914 1106 quod
941 1065 1079 1098 Cor-tius
1103 1070 1136 1099 et
1161 1066 1352 1098 Muellerus
1374 1065 1469 1099 male

83 1126 331 1170 praetulerunt.
379 1124 468 1158 Nam
492 1125 550 1168 qui
576 1124 792 1168 reputaverit
818 1125 1024 1157 Memmium
1045 1136 1211 1169 personas
1235 1126 1405 1160 nobilium
1432 1126 1467 1160 in

83 1186 251 1220 invidiam
277 1196 403 1219 vocare
427 1187 577 1226 studere,
602 1190 731 1229 quanto
754 1186 965 1219 adiectivum
990 1186 1134 1229 gravius
1159 1190 1192 1219 et
1217 1187 1469 1232 significantius

84 1248 129 1281 sit
152 1246 321 1281 adverbio
345 1247 448 1280 facile
471 1247 613 1287 sontiot3
639 1257 673 1278 v.
699 1247 742 1279 ad
769 1248 802 1290 ᾗ.
819 1246 852 1280 2.
871 1266 914 1271 -—-
941 1246 1008 1279 Pcr
1032 1258 1092 1280 ora
1117 1247 1140 1279 i.
1158 1259 1176 1279 e
1213 1248 1247 1280 in
1272 1252 1467 1290 conspectu,

84 1320 154 1352 quo
188 1319 288 1341 sensu
312 1307 500 1340 Sallustius
532 1307 567 1340 in
590 1306 758 1340 Historiis
791 1306 921 1340 alieubi
955 1306 1042 1340 (lixit
1075 1307 1274 1351 (Fragmm.
1307 1307 1467 1343 lncc.79.

85 1369 201 1413 Gerl.)
227 1369 270 1402 in
294 1379 368 1401 ore
392 1367 553 1412 gentibus
573 1379 707 1412 agens‚·
742 1372 776 1402 et
798 1369 856 1401 Fr.
880 1369 950 1402 Inc.
978 1367 1043 1409 17,
1065 1365 1098 1400 4.
1136 1368 1172 1400 in
1200 1378 1258 1400 ore
1287 1372 1399 1401 vostro
1423 1386 1468 1392 --

85 1432 155 1476 egi.
187 1429 303 1464 Nostri
337 1428 403 1462 loci
435 1428 540 1471 plane
563 1428 694 1462 similia
718 1430 876 1473 exempla
900 1428 1058 1461 laudavit
1080 1427 1216 1462 Cortius
1241 1429 1348 1461 haec:
1378 1428 1466 1462 Hor.

83 1492 156 1526 Sat.
181 1491 234 1532 11,
259 1492 302 1532 1,
326 1487 381 1523 65.
417 1489 561 1523 Nitidus
582 1501 651 1533 qua
672 1490 812 1534 quisque
835 1501 914 1534 per
938 1501 1017 1523 ora
1041 1490 1246 1532 cederet,
1283 1490 1467 1522 introrsum

83 1553 207 1596 turpis.
230 1550 351 1584 lustin.
378 1550 457 1583 xv}
470 1574 479 1592 ,
504 1549 549 1592 5,
573 1549 608 1583 5.
639 1551 753 1584 Victor
771 1552 926 1595 captiuos
945 1556 1119 1584 senatores
1139 1562 1218 1594 per
1240 1562 1317 1584 ora
1341 1550 1467 1583 civium

84 1613 203 1647 trahit.
228 1611 278 1645 ld.
304 1611 462 1652 XXXVI,
487 1611 531 1653 l,
555 1609 587 1644 5.
619 1612 815 1645 'I'raductus
835 1623 919 1656 per
941 1624 1018 1646 ora
1043 1613 1233 1645 civitatum.
1260 1611 1305 1644 cf.
1329 1610 1404 1643 Liv.
1421 1610 1466 1651 Π,

82 1673 152 1715 38,
175 1672 211 1706 3.
246 1671 334 1705 Tac.
359 1672 512 1705 Historr.
537 1672 604 1712 Ill,
629 1671 696 1713 77,
723 1673 812 1706 med.
848 1673 969 1706 Senec.
993 1674 1037 1706 de
1059 1673 1193 1707 Beneff.
1218 1673 1298 1714 vll,
1324 1671 1380 1705 19.
1413 1671 1466 1705 Ad

83 1745 125 1768 ea
147 1744 238 1777 quae
259 1736 449 1775 sequuntur
470 1732 620 1776 respexit
642 1733 788 1767 Tacitus
811 1734 845 1767 in
869 1734 1020 1769 Historr.
1039 1734 1078 1777 I,
1102 1734 1144 1778 2,
1171 1733 1261 1767 med.
1300 1732 1374 1766 Nec
1401 1732 1466 1764 mi-

82 1807 146 1829 nus
161 1795 321 1840 praemia
341 1794 534 1827 delatorum
549 1794 686 1835 invisa,
711 1807 814 1838 quam
836 1797 987 1835 seelera,
1012 1807 1138 1839 quum
1163 1795 1274 1836 alii,
1308 1805 1466 1828 sacer-

84 1853 214 1890 dotia
238 1860 280 1889 et
303 1855 574 1888 consulatus
605 1859 653 1887 ut
686 1856 836 1898 spolia
870 1857 1056 1900 adepti,
1091 1861 1258 1900 agerent,
1292 1858 1467 1888 verterent

83 1922 205 1951 cuncta
225 1917 302 1950 odio
325 1921 359 1949 et
380 1920 522 1950 terrore.
547 1933 594 1939 —
619 1916 695 1957 Ea,
719 1916 810 1958 quod
836 1917 931 1950 deest
954 1916 987 1950 in
1014 1917 1133 1950 Guelf.
1150 1917 1182 1950 1.
1200 1916 1234 1950 9.
1248 1916 1304 1949 12.
1329 1914 1466 1949 cortina

82 1978 211 2012 omisit.
233 1997 279 2003 —-
312 1977 382 2010 Pro
403 1976 550 2020 perinde
574 1976 689 2009 Guelt'.
715 1976 747 2008 1.
771 1976 804 2008 3.
839 1977 908 2010 lnc.
935 1977 968 2012 2.
994 1977 1110 2010 Struv.
1137 1977 1216 2010 Sen.
1241 1976 1274 2009 2.
1300 1979 1333 2009 et
1357 1976 1465 2010 Heus.

82 2039 213 2071 habent
234 2038 390 2082 proinde,
414 2037 505 2080 quod
521 2048 604 2070 sane
619 2036 757 2069 admitti
774 2047 874 2079 posse
889 2038 1023 2080 patebit
1039 2049 1080 2070 ex
1096 2037 1222 2070 notatis
1239 2036 1281 2069 ad
1307 2048 1336 2069 c.
1352 2036 1411 2076 IV,
1429 2034 1463 2069 8.

83 2098 152 2131 Sed
175 2098 344 2131 bonorum
370 2097 540 2130 librorum
566 2097 755 2130 auctoritas
778 2108 847 2129 non
874 2101 1003 2131 temere
1024 2099 1216 2140 spernenda
1240 2101 1302 2130 est.
1318 2117 1363 2121 —
1386 2096 1465 2129 Vim

84 2170 153 2191 non
173 2158 365 2201 particulae
381 2161 461 2190 ante
475 2158 630 2201 praedae
647 2168 767 2189 vocem
783 2156 866 2190 satis
880 2156 1134 2190 illustravimus
1150 2158 1192 2191 ad
1212 2158 1287 2191 Cat.
1310 2158 1384 2200 Lu,
1408 2156 1464 2191 15.

83 2218 211 2252 Sensus
233 2221 286 2251 est
307 2218 420 2251 enim:
457 2218 588 2251 nobiles
612 2217 690 2250 illos
712 2218 982 2261 haudquaquam
1008 2218 1135 2261 pudere
1161 2217 1354 2260 potentiae,
1388 2229 1466 2260 pes-

83 2279 180 2313 simis
202 2278 336 2312 artibus
359 2283 393 2313 ct
417 2278 515 2322 quasi
544 2278 734 2312 latrociniis
757 2281 888 2321 partae,
912 2279 969 2311 sed
994 2277 1044 2311 ita
1061 2290 1098 2311 se
1113 2289 1245 2323 gerere,
1270 2278 1370 2322 quasi
1394 2278 1467 2312 vir-

85 2339 153 2373 tuti
176 2350 258 2372 suae
282 2339 406 2372 debitis
430 2338 621 2372 honoribus
644 2340 879 2383 perfruantur.
912 2340 1029 2382 Quare
1051 2339 1160 2374 Cortii
1184 2338 1380 2382 explicatio,
1405 2338 1466 2383 qui

83 2400 332 2434 sententiarum
355 2401 460 2434 talem
486 2411 611 2433 nexum
637 2404 756 2443 putat,
793 2404 831 2433 ut
854 2412 920 2433 non
945 2400 1060 2433 valeat
1084 2411 1125 2432 ac
1147 2411 1212 2432 non
1231 2400 1366 2443 potius,
1400 2411 1467 2432 non

83 2463 118 2496 in
142 2463 323 2508 vulgatam
346 2462 553 2505 scripturam
579 2461 692 2501 cadit,
716 2461 774 2493 sed
799 2459 833 2493 in
859 2460 1040 2494 lectionem
1066 2460 1140 2494 cod.
1167 2461 1309 2494 Eccard.
1336 2466 1377 2495 et
1398 2473 1468 2494 non

82 2524 258 2569 praedae,
291 2534 380 2567 quae
403 2534 424 2556 a
449 2521 609 2555 Memmii
643 2524 759 2554 mente
790 2520 904 2553 aliena
940 2525 1003 2554 est.
1051 2521 1126 2554 Non
1159 2521 1251 2554 euim
1278 2521 1469 2566 corrigitur

84 2585 180 2628 prior
202 2584 381 2624 sententia,
404 2583 462 2616 sed
487 2583 520 2616 ei
544 2581 749 2625 simpliciter
771 2581 946 2615 contraria
969 2581 1164 2625 opponitur.
1185 2582 1230 2615 cf.
1255 2582 1292 2615 h.
1310 2594 1340 2615 c.
1364 2582 1467 2625 §.m

86 2644 263 2688 Beneficia
293 2649 411 2678 vostra
433 2655 538 2688 penes
567 2647 740 2687 optumos,
773 2655 839 2675 ποπ
872 2642 1129 2676 audacissumos
1144 2643 1263 2684 forent
1273 2655 1286 2683 ,-
1320 2642 1412 2677 infra
1435 2652 1467 2675 e.

86 2703 220 2746 mun,
247 2704 279 2738 3.
322 2705 459 2738 Marius
485 2704 665 2748 stipendiis
687 2703 887 2746 faciundis,
921 2714 986 2736 non
1023 2703 1157 2737 Graeca
1188 2702 1360 2746 facundia
1396 2713 1469 2735 sese

90 2765 251 2799 exercuit.
274 2764 454 2806 LXXXV,
478 2763 534 2797 40.
559 2764 639 2807 CII,
665 2763 697 2796 4.
