1630 3034
449 152 804 196 IUGURTHA.
863 153 1141 196 GARXLI.
1200 130 1204 137 ’
1397 159 1482 199 237

105 271 326 314 civitatem
364 271 591 316 retinebat.
663 270 759 315 Sed
802 270 879 314 ubi
923 271 997 314 illa
1030 270 1224 315 formido
1259 272 1518 317 mentibus3

105 367 314 422 decessit,
361 367 525 411 scilicet
561 382 638 421 ea,
681 382 795 425 quae
830 366 1053 412 secundae
1088 383 1158 412 res
1196 374 1367 423 amant,
1410 368 1478 412 la-

104 465 237 508 scivia
267 470 400 522 atque
433 464 643 523 superbia
678 463 908 507 incessere.
954 463 1020 507 lta
1052 464 1177 522 quod
1205 464 1250 507 in
1281 464 1518 515 advorsis4

103 562 235 605 rebus
264 566 529 620 optaverant
559 561 709 618 otium,
745 566 986 619 postquam
1015 560 1169 619 adepti
1197 566 1310 616 sunt,
1345 576 1480 620 aspe-

104 686 263 728 XXXVL
283 686 317 720 4.
333 686 379 720 cf.
393 686 499 720 etiam
510 686 581 720 Cic.
596 687 680 729 Epp.
692 685 735 719 ad
746 686 920 729 Fammd,
932 686 968 727 7,
980 686 1036 720 16.
1063 687 1130 728 Qui
1148 697 1220 726 nos,
1234 697 1316 730 quos
1325 688 1482 728 favendo

100 747 139 779 in
154 747 322 780 communi
343 757 464 781 caussa
487 747 687 781 retinere
708 752 904 791 potuerunt,
927 747 1113 780 invidendo
1138 747 1481 782 abalienarunt.

192 809 224 848 ἓ.
248 805 283 840 3.
332 807 490 851 decessit]
517 808 569 841 Ita
592 807 761 850 scriptum
785 811 896 841 exstat
918 807 953 841 in
978 808 1061 841 Bas.
1085 807 1118 841 l.
1143 807 1238 841 Leid.
1263 808 1327 849 Ιι.,
1352 808 1484 841 Wassii

101 867 242 901 Ballioi.
266 868 356 912 Reg.
375 868 502 901 Arond.
527 869 636 902 Laud.
655 868 687 902 1.
704 867 738 902 2.
754 868 803 903 3..
826 868 939 901 Paris.
954 870 994 901 A.
1007 869 1045 901 C.
1065 869 1169 903 Bern.
1183 868 1216 901 1.
1239 868 1336 901 Flor.
1350 868 1405 902 14.
1425 868 1483 904 15.

100 928 220 962 Ber-ol.
246 928 279 961 1.
313 932 365 969 et,
399 929 429 962 si
452 929 538 962 fides
565 928 702 968 Curtio,
743 928 850 962 etiam
876 929 912 961 in
935 928 1015 962 Sen.
1041 928 1075 962 1.
1111 930 1213 962 Rem.
1238 928 1271 964 1.
1295 928 1329 961 2.
1363 929 1484 963 Guelf.

100 988 135 1022 2.
158 987 193 1023 4.
217 988 250 1022 G.
276 987 308 1021 7.
334 987 367 1021 8.
394 989 450 1022 ll.
475 989 531 1025 12.
566 990 710 1023 Eccard.
745 989 862 1036 Struv.
895 989 999 1023 Acuti.
1033 989 1129 1024 Vrat.
1159 989 1190 1022 1.
1216 989 1250 1025 2.
1274 990 1309 1024 3.
1343 989 1484 1023 Relieui

100 1049 255 1083 discessit
279 1052 413 1087 tenent.
447 1050 539 1093 quod
563 1061 682 1084 omnes
706 1049 740 1082 in
764 1052 924 1083 contextu
949 1049 1121 1083 exhibent.
1174 1049 1244 1083 Sed
1265 1050 1295 1082 F
1298 1061 1326 1085 r.
1350 1050 1484 1083 Grono-

101 1109 179 1143 vius
195 1110 248 1143 'ad
272 1109 348 1144 Liv.
372 1111 440 1151 IV,
465 1110 531 1151 52,
557 1110 590 1145 8.
615 1111 761 1144 decessit
784 1110 929 1153 probat,
964 1110 1100 1143 ratione
1123 1112 1239 1143 tamen
1261 1121 1330 1143 non
1353 1110 1485 1152 addita,

100 1181 207 1214 quam
232 1175 327 1214 petas
350 1182 391 1204 ex
414 1170 635 1204 annotatione
658 1174 777 1204 nostra
802 1171 846 1204 ad
872 1171 989 1211 cxx,
1009 1170 1044 1205 1.
1067 1169 1157 1204 Nam
1181 1181 1287 1213 quum
1312 1171 1484 1205 discedere

99 1231 145 1266 sit
167 1231 203 1264 in
227 1233 335 1265 alium
360 1233 503 1265 locum
529 1243 565 1264 se
586 1232 754 1273 conferre,
781 1232 943 1265 decedere
969 1236 1086 1263 autem
1109 1231 1275 1264 translato
1297 1242 1398 1264 sensu
1420 1242 1484 1265 va-

101 1293 170 1326 leat
194 1291 348 1335 aliquid,
373 1291 465 1335 quod
491 1296 593 1325 autea
617 1296 787 1333 tenueras,
817 1303 883 1324 non
909 1290 1058 1334 amptius
1080 1290 1239 1331 retinere,
1260 1290 1296 1323 in
1320 1294 1484 1335 promptu

98 1356 151 1386 est
172 1353 342 1396 posterius
360 1352 598 1386 tantummodo
617 1352 762 1385 verbum
780 1353 926 1396 probum
949 1363 1087 1385 sensum
1119 1352 1309 1395 praebere;
1332 1352 1484 1386 formido

99 1413 214 1455 enim,
237 1424 326 1456 quae
347 1417 480 1446 mentes
505 1418 754 1456 occupaverat,
779 1414 957 1456 aliquanto
982 1417 1060 1456 post
1082 1423 1139 1445 eas
1162 1423 1230 1446 non
1254 1413 1405 1455 amplius
1428 1418 1482 1446 te-

98 1475 196 1517 nuit,
228 1475 288 1507 sed
323 1472 474 1506 evanuit.
520 1471 589 1505 Sed
612 1472 704 1515 quod
727 1472 815 1506 ratio
840 1474 1015 1516 postulat,
1046 1473 1168 1506 suadet
1189 1472 1296 1507 etiam
1321 1473 1483 1516 loquendi

98 1546 204 1575 usus‚·
228 1535 274 1568 cf.
298 1532 469 1574 Liv.1X,
491 1532 548 1573 29,
574 1533 607 1566 1.
637 1533 841 1577 Priusquam
867 1545 909 1567 ea
933 1545 1039 1567 cura
1064 1534 1306 1567 decederet
1327 1533 1483 1577 patri—

99 1596 186 1628 bus.
214 1595 264 1636 ΙΙ,
287 1593 354 1634 31,
379 1592 412 1629 7.
447 1594 498 1627 De
523 1593 786 1629 domesticarum
808 1606 923 1628 rerum
948 1599 1071 1628 eventu
1095 1606 1157 1627 nec
1180 1595 1398 1638 patribus
1419 1605 1482 1628 uec

95 1655 219 1700 plebi
242 1666 352 1688 eura
376 1654 655 1688 decesserat.
695 1654 865 1696 XXXIII,
889 1654 955 1697 31,
978 1655 1034 1688 11.
1067 1655 1182 1688 Donec
1206 1666 1290 1688 cura
1314 1656 1356 1688 de
1379 1656 1482 1689 Anti-

97 1716 180 1750 ocho
206 1715 492 1750 decessisset.
517 1702 635 1758 Quare
650 1714 871 1749 scribendum
888 1715 993 1749 etiam
1011 1715 1103 1758 apud
1120 1715 1216 1749 Caes.
1235 1716 1277 1749 B.
1291 1715 1429 1756 G.n‚7‚
1446 1715 1482 1749 2.

98 1778 319 1810 Hostibus
342 1776 462 1809 eadem
488 1776 530 1809 dc
554 1787 678 1809 caussa
703 1786 804 1819 spes
824 1776 985 1819 potiundi
1009 1775 1128 1819 oppidi
1152 1775 1382 1815 decessit‚·
1411 1786 1481 1819 quo

96 1837 174 1870 Ioco
198 1835 462 1880 Oudendorpius
486 1836 621 1870 consilii
644 1836 794 1869 incertus
818 1840 915 1878 erat,
952 1840 1069 1871 utrum
1099 1836 1188 1877 hoc,
1220 1847 1263 1870 an
1294 1837 1481 1882 vulgatum

97 1899 270 1942 probaret.
294 1898 390 1931 Curt.
418 1898 506 1939 vm,
532 1898 574 1938 2,
601 1898 633 1931 1.
664 1898 844 1941 Postquam
868 1898 924 1930 ira
949 1904 1093 1931 mente
1118 1898 1396 1932 decesserat.
1428 1898 1482 1932 lta

95 1959 222 1994 Noster
244 1958 352 1991 etiam
375 1959 449 2002 lug.
475 1959 711 1999 LXXXVIII,
739 1959 770 1990 1.
810 1959 970 1992 Metedus
992 1959 1085 2003 plebi
1108 1959 1351 2002 patribusque,
1386 1963 1482 2001 post-

97 2031 201 2064 quam
225 2019 359 2051 invidia
383 2019 665 2059 decesserat,
699 2020 797 2051 iusta
830 2030 943 2054 carus.
974 2037 1020 2043 —-
1055 2019 1248 2052 Scilicet
1272 2019 1480 2062 particulam

96 2090 164 2112 non
188 2083 419 2112 concoxerunt
441 2079 663 2121 interpretes3
689 2079 858 2112 Gruterus
884 2079 976 2112 enim
1000 2079 1147 2112 otiosam
1171 2078 1318 2119 iudicat,
1341 2079 1481 2113 Palme-

96 2140 168 2173 rius
187 2139 334 2172 coniecit
356 2140 462 2180 ilicet,
486 2139 663 2183 Bipontini
688 2140 774 2172 adeo
800 2139 980 2172 ediderunt
1003 2140 1106 2180 illico,
1131 2150 1219 2182 quae
1243 2139 1360 2172 omnia
1384 2143 1482 2173 rectu

95 2199 230 2234 ratione
256 2199 497 2233 destituuntur.
545 2201 674 2233 Contra
698 2200 838 2233 Cottius
869 2201 995 2233 scilicet
1027 2199 1225 2233 affirmandi
1259 2210 1361 2232 sensu
1393 2200 1482 2234 tole-

95 2259 168 2294 rari
191 2271 290 2303 posse
311 2263 446 2302 censet,
470 2270 683 2303 quamqualn
707 2272 774 2293 non
798 2261 872 2294 sine
896 2261 1137 2301 incommod03
1166 2259 1373 2293 Gerlachius
1397 2271 1482 2293 vero

96 2333 171 2355 rem
193 2320 406 2363 expedivisse
427 2319 495 2353 sibi
518 2319 611 2353 visus
635 2324 687 2354 est
708 2321 924 2355 observando
948 2321 1060 2361 „haec
1087 2321 1340 2364 elegantissime
1359 2332 1381 2354 a
1401 2321 1481 2354 Sal-

96 2382 201 2416 Iustio
226 2382 318 2415 dicta
342 2383 452 2415 esse.“
499 2380 622 2414 Verius
645 2381 773 2415 dixeris
797 2383 924 2415 scilicet
947 2380 1090 2424 propria
1114 2380 1151 2413 vi
1173 2379 1323 2423 positum
1347 2380 1480 2415 ironiae

96 2453 234 2476 sensum
267 2442 415 2482 habere3
450 2440 578 2484 quippe
609 2447 729 2476 auctor
759 2442 809 2475 ita
838 2453 918 2475 cum
949 2441 1139 2475 acerbitate
1171 2441 1320 2484 quadam
1345 2440 1480 2485 ingenii

95 2502 243 2537 humani
272 2513 417 2545 pravam
449 2503 730 2537 consuetudinem
760 2503 864 2536 rebus
895 2501 1052 2536 secundis
1075 2502 1293 2544 superbiendi
1324 2505 1422 2535 notat
1444 2506 1479 2535 et

96 2563 196 2607 quasi
219 2563 454 2606 conqueritur.
479 2564 525 2597 cf.
550 2575 581 2598 c.
593 2564 724 2606 xxm,
750 2563 805 2598 19.
831 2563 1019 2597 Ruhnken
1043 2561 1086 2596 ad
1111 2561 1195 2596 Ter.
1209 2562 1314 2596 Andr.
1330 2561 1359 2604 1,
1370 2561 1393 2594 2
1396 2561 1478 2603 ,14

97 2641 142 2648 ——
167 2626 295 2658 Amant
317 2623 566 2667 explifflvimus
588 2625 632 2658 ad
656 2636 686 2658 c.
715 2624 874 2664 XXXIX,
900 2623 933 2657 1.

189 2685 223 2725 §-
242 2684 384 2717 4.1ta
408 2685 512 2728 quod]
539 2685 641 2718 Hunc
663 2685 779 2717 Iocum
803 2684 1000 2728 Ilerzogius
1025 2682 1068 2716 ad
1093 2683 1189 2716 Caes.
1206 2683 1250 2716 B.
1273 2682 1317 2715 G.
1343 2681 1390 2722 11,
1415 2680 1472 2714 19.

96 2743 232 2786 2134.
263 2744 313 2779 ita
342 2745 455 2779 voluit
483 2745 702 2791 interpungi,
739 2749 777 2779 ut
800 2747 974 2779 commate
996 2746 1073 2787 post
1095 2745 1262 2777 incessere
1285 2752 1344 2785 pos
1331 2741 1397 2775 sito
1421 2741 1473 2774 ita
