1630 3034
401 187 750 232 oA'rILlNA.
809 187 947 233 oAP.
975 158 1112 232 xvu.
1399 194 1455 235 81

203 303 349 350 XVII.
415 305 562 365 Igitur
597 303 772 350 circiter
805 303 1033 349 Kalendas
1067 302 1227 363 lunias,
1259 304 1316 352 L.
1336 304 1456 352 Cae-

65 412 163 442 sare
198 402 245 442 et
285 395 338 442 C.
386 395 557 456 Figulo
592 393 883 450 Consulibus,
925 395 1075 455 primo
1121 394 1322 456 singulos
1367 412 1456 457 ap-

63 487 262 547 pellare3
295 486 470 531 hortari
503 487 640 542 alios,
676 485 788 530 alios
822 492 1015 539 tenta-re3
1062 501 1175 546 opes
1209 501 1332 543 suae,
1366 486 1456 532 im-

62 583 268 638 paratam
301 577 656 637 rempublicam,
691 590 859 637 magna
890 576 1093 637 praemia
1137 577 1453 624 coniurationis

63 668 242 716 (locere.
344 667 439 713 Ubi
496 669 599 714 satis
659 668 889 728 explorata
949 674 1049 712 sunt
1111 683 1230 727 quae
1294 668 1451 727 voluit,

61 802 224 838 Gramm.
257 800 335 836 Lat.
368 802 401 843 5.
429 797 488 843 84,
513 798 546 835 6.
579 811 615 845 Ρ.
644 797 726 835 474.
761 798 900 835 videtur
929 798 1157 842 intellexisse,
1188 810 1332 836 monens
1363 802 1454 837 nihil

59 860 206 906 gravius
228 869 359 904 negare
383 868 488 901 quam
510 870 602 898 non,
639 869 748 903 quum
771 858 816 894 sit
838 857 1042 903 germanice
1063 858 1101 892 in
1134 856 1254 892 keiner
1277 859 1451 894 Hinsicht.

60 918 106 952 cf.
131 918 286 961 Herzog.
311 916 355 948 ad
379 916 477 948 Caes.
503 914 546 948 Β.
573 916 618 949 G.
638 917 684 958 11,
705 916 762 951 20.
786 934 832 941 —-
874 917 990 949 Erant
1023 912 1060 949 in
1089 915 1159 949 fine
1182 915 1330 959 capitis,
1360 915 1454 960 quod

58 973 141 1017 Bip.
171 975 207 1006 et
235 970 389 1016 Langius
427 976 652 1015 receperunt,
692 973 728 1007 in
759 973 922 1007 omnibus
955 972 1079 1014 codd„
1120 977 1255 1017 septem
1288 974 1452 1019 exceptis,

59 1031 167 1072 deest,
190 1039 300 1074 quare
322 1040 402 1062 cum
428 1029 521 1062 Cort.
549 1032 583 1063 et
606 1030 703 1064 Gerl.
727 1031 922 1065 omisimus.

150 1087 257 1121 XVII.
293 1087 336 1127 =§.
362 1085 394 1119 1.
444 1085 485 1119 L.
514 1086 663 1120 Caesare
701 1091 737 1121 et
778 1088 815 1121 C.
848 1085 976 1132 Figulo
1012 1084 1128 1131 Coss.]
1169 1083 1197 1121 I.
1231 1098 1262 1121 c.
1294 1097 1385 1122 anno
1415 1097 1452 1123 u.

61 1143 184 1185 meno,
206 1143 280 1176 sive
302 1152 335 1175 a.
361 1142 443 1175 chr.
466 1154 499 1176 n.
524 1142 582 1178 64.
614 1144 667 1177 De
691 1142 731 1178 L.
758 1144 910 1177 Caesare
932 1154 967 1177 v.
993 1143 1066 1177 Cic.
1092 1143 1129 1176 in
1153 1142 1328 1184 Catil.1v‚
1349 1145 1451 1187 6,13.

59 1201 179 1245 ibique
207 1202 300 1244 Aug.
334 1199 530 1240 Matthias3
562 1200 757 1233 avunculus
790 1199 857 1233 fuit
892 1200 942 1234 M.
975 1200 1116 1234 Antonii
1147 1201 1344 1243 triumviri,
1377 1201 1451 1238 eie.

57 1259 147 1302 ΈΡΡ.
172 1257 216 1292 ad
237 1257 376 1290 Famm.
397 1257 441 1296 X,
462 1256 520 1298 28,
544 1261 634 1290 extr.
659 1276 704 1282 -—
735 1258 773 1290 C.
796 1257 944 1301 Figulus
970 1257 1132 1290 Ciceroni
1155 1259 1247 1302 Epp.
1273 1259 1318 1292 ad
1342 1259 1450 1293 Attio.

58 1315 95 1356 1,
122 1314 166 1357 2,
202 1313 278 1347 init.
298 1312 518 1346 *nominatur
553 1313 594 1348 C.
626 1313 781 1347 Marcius
814 1312 984 1357 Figulus;
1027 1314 1115 1347 olim
1147 1311 1341 1349 eirnomen
1374 1319 1452 1351 erat

59 1370 212 1405 Minucio
247 1370 413 1410 Thermo,
448 1380 482 1402 v.
509 1370 581 1403 Cic.
614 1370 659 1404 ad
681 1370 785 1404 Attio.
805 1370 833 1411 Ι,
853 1371 886 1403 1.
919 1370 979 1404 sed
1010 1370 1047 1404 in
1081 1369 1233 1404 Marcios
1263 1372 1450 1415 adoptatus

58 1432 119 1463 est.
154 1429 210 1461 Cf.
234 1422 386 1461 Ernestii
419 1426 518 1460 Clav.
551 1427 624 1461 Cio.
649 1427 706 1461 cui
729 1428 768 1461 hi
799 1427 870 1462 loci
894 1427 1073 1463 debentur.
1089 1446 1133 1454 -—-
1164 1429 1219 1462 De
1242 1430 1351 1464 verbo
1384 1436 1451 1473 αι)ό

53 1487 188 1531 pellere
212 1486 363 1529 aliquem
378 1493 421 1517 -ν,
447 1483 493 1516 ad
516 1484 595 1529 Ing.
609 1484 708 1528 xlv,
729 1484 785 1518 17.

148 1541 248 1585 §.2
303 1551 393 1587 quae
433 1541 568 1583 voluit]
621 1541 714 1576 Nota
752 1541 950 1586 perfectum
994 1549 1059 1585 pro
1099 1537 1249 1576 relativo
1292 1545 1450 1587 tempore

59 1598 229 1644 positum,
254 1604 325 1641 quo
348 1608 416 1631 non
435 1598 480 1632 ad
503 1601 636 1632 certum
659 1599 748 1632 illud
773 1604 924 1643 tempus,
949 1611 1017 1643 quo
1034 1610 1090 1634 res
1112 1600 1229 1639 fiebat,
1251 1600 1450 1644 respicitur,

53 1658 116 1693 sed
138 1655 365 1700 praeteritum
399 1656 640 1689 tantummodo
673 1660 809 1700 tempus
840 1656 1018 1690 indefinite
1041 1660 1076 1691 et
1099 1655 1279 1702 ἀορίστως
1312 1652 1450 1702 signifi:

54 1717 164 1748 catur.
212 1714 290 1758 lug.
311 1712 422 1754 LXX,
439 1713 472 1746 1.
499 1714 696 1753 Bomilcar,
730 1713 827 1746 cuius
849 1714 999 1757 impulsu
1023 1714 1198 1758 Iugurtha
1222 1711 1448 1757 deditionem,

52 1782 158 1816 quam
181 1775 276 1805 metu
300 1771 323 1804 tl
336 1770 529 1812 eseruit,
554 1771 729 1814 inceperat
746 1774 812 1803 etc.
840 1770 894 1804 De
916 1771 986 1804 hoc
1009 1768 1156 1814 perfecti
1179 1782 1246 1805 usu
1268 1767 1342 1806 iam
1364 1770 1449 1806 satis

51 1827 189 1863 monuit
219 1828 260 1862 F.
284 1828 328 1863 A.
351 1828 502 1862 Wolfius
535 1828 580 1862 ad
611 1827 708 1861 Suet.
744 1827 843 1861 Caes.
867 1838 898 1862 c.
923 1826 980 1862 84.
1003 1838 1038 1870 Ρ.
1059 1822 1140 1862 107.
1184 1824 1342 1862 Eandem
1371 1836 1449 1864 rem

52 1885 218 1920 tractavit
253 1884 362 1919 etiam
399 1886 442 1919 G.
475 1886 564 1920 Lud.
588 1883 773 1918 W'alchius
804 1883 971 1920 Emendd.
1003 1883 1105 1918 Livv.
1130 1896 1166 1928 Ρ.
1187 1882 1233 1919 72
1256 1897 1331 1929 sqq.
1367 1881 1446 1920 mv.

50 1943 149 1985 xxl,
169 1943 204 1985 1,
224 1943 260 1977 2.
286 1943 374 1977 adeo
397 1943 502 1976 varia
522 1943 604 1977 belli
619 1944 771 1984 fortuna
786 1942 876 1984 suit,
900 1946 940 1976 ut
960 1943 1103 1986 propius
1131 1940 1324 1986 periculum
1340 1945 1369 1985 f
1375 1955 1399 1976 u
1410 1954 1449 1976 e·-

51 2001 173 2041 rint,
205 2000 265 2044 qui
296 2000 518 2034 vicerunt.
565 2000 656 2039 XLI,
674 1999 733 2041 31,
749 1998 784 2033 5.
817 2000 877 2043 qui
910 2000 1186 2043 superfuere
1214 2000 1371 2043 praelia,
1407 1999 1450 2033 in

51 2058 183 2102 oppida
213 2068 278 2091 sua
307 2057 437 2101 dilapsi
467 2061 558 2091 sunt.
607 2055 739 2099 xm,
757 2056 816 2097 23,
837 2056 872 2091 2.
904 2055 1002 2089 haud
1031 2066 1180 2100 parvum
1212 2057 1247 2091 et
1282 2052 1350 2100 ipsi
1372 2064 1449 2090 mo*

51 2118 205 2148 mentum
248 2114 475 2155 adiecerunt,
525 2113 725 2148 societatem
769 2111 939 2158 Syphacis
980 2113 1101 2158 regis,
1151 2113 1249 2147 cuius
1294 2109 1449 2148 maxime

43 2171 183 2215 fiducia
214 2172 398 2205 traiectum
432 2171 470 2203 in
502 2170 661 2213 Africam
684 2171 834 2205 Romam·
865 2170 1193 2204 crediderunt.
1244 2168 1332 2213 Nep.
1366 2165 1448 2205 Hae·

50 2227 146 2261 milc.
165 2227 195 2270 1,
209 2227 244 2263 5.
284 2238 388 2271 quum
423 2227 568 2260 Catulus
601 2233 751 2273 negaret
780 2239 817 2262 se
841 2227 965 2261 bellum
989 2226 1273 2270 compositurum,
1295 2222 1364 2259 nisi
1385 2222 1446 2261 ille

51 2295 129 2317 cum
151 2283 244 2325 suis,
277 2285 335 2327 qui
359 2285 504 2327 Erycem
537 2288 820 2327 tenuerunt,
857 2282 978 2318 Sicilia
1011 2282 1224 2317 decederent.
1258 2278 1305 2328 id.
1327 2279 1444 2319 Alcib.

50 2339 113 2382 lx,
135 2340 170 2373 2.
208 2340 360 2375 Thraces
393 2341 539 2374 insidias
565 2340 598 2374 ei
612 2345 799 2386 fecerunt3
830 2341 890 2387 qui
922 2352 989 2384 ea,
1022 2350 1111 2385 quae
1146 2336 1446 2384 apportavit,

51 2395 288 2439 abstulerunt,
316 2398 428 2442 ipsum
459 2409 584 2442 capere
615 2410 685 2432 uon
703 2402 912 2443 potuerunt,
943 2397 989 2433 ad
1012 2404 1116 2442 quem
1138 2394 1254 2431 locum
1276 2393 1446 2431 Bremius

49 2464 176 2499 parum
199 2459 360 2489 accurate
390 2456 484 2489 hunc
507 2455 655 2499 perfecti
685 2467 788 2489 usum
812 2454 953 2499 Nepotis
977 2457 1111 2488 tantum
1141 2449 1327 2498 proprium
1349 2449 1446 2488 iudi-

51 2514 120 2553 cat,
144 2509 289 2555 gravius
311 2522 395 2547 vero
418 2512 455 2546 in
478 2523 520 2546 eo
543 2522 682 2554 erranS,
715 2511 808 2555 quod
830 2512 900 2546 hoc
923 2512 1080 2556 perfecto
1106 2514 1242 2554 tempus
1273 2510 1445 2555 praeteri⁴

49 2571 127 2603 tum
174 2567 367 2612 significari
420 2572 555 2613 censet,
613 2570 714 2613 plene
765 2565 811 2603 ad
848 2567 887 2603 id
927 2578 1037 2612 usque
1082 2570 1318 2609 momentum,
1372 2576 1445 2613 quo

50 2625 163 2659 altera
207 2624 300 2658 actio
341 2625 471 2670 fiebat,
513 2625 700 2671 pertinens.
749 2627 789 2662 V.
821 2626 930 2662 etiarn
973 2637 1065 2672 quae
1114 2625 1359 2663 annotavimus
1396 2623 1444 2662 ml

49 2692 81 2716 c.
102 2680 270 2726 XXXIX,
294 2680 330 2718 5.

118 2740 155 2785 1.
1130 2740 1166 2790 o

1467 671 1495 712 &0
