1630 3034
394 135 758 181 IUGURTHA.
817 137 949 181 CAP.
982 138 1113 182 CXII.
1356 143 1441 184 599

0 266 29 274 ’·
67 254 281 298 Romanis
316 269 477 314 pacem
513 260 775 299 conventam
810 256 972 300 frustra
1006 256 1155 302 fuisse.
1200 256 1474 305 -Ceterum3

67 353 105 395 si
144 351 363 396 ambobus
399 352 646 396 consultum
691 359 735 397 et
776 360 917 398 ratam
950 369 1118 415 pacem
1153 355 1308 413 vellet,
1354 355 1437 399 da—

67 454 136 493 ret
180 463 390 509 operam,
435 455 484 494 ut
529 465 617 495 una
651 450 708 499 ab
755 451 958 496 omnibus
995 453 1121 512 quasi
1156 452 1214 497 de
1247 467 1362 514 pace
1391 453 1436 498 in

60 606 209 652 plenus,
240 607 415 641 ablativus
445 618 528 641 vero
558 606 736 641 insuavius
764 610 800 641 et
828 607 1066 652 imperfectius
1088 609 1202 644 cadat.
1246 609 1434 653 Aliquanto

59 667 263 713 prudentius
296 668 491 703 iudicarunt
525 668 735 702 Goerenzius
768 669 813 702 ad
845 668 916 702 Cic.
947 669 990 702 de
1014 669 1125 714 Legg-
1149 669 1211 712 111,
1234 670 1291 713 17,
1314 670 1371 704 37.
1397 675 1432 704 et

57 730 267 764 Ramshorn.
291 730 448 764 Gramm.
471 729 546 764 Lat.
572 732 603 772 §.
623 728 702 770 15⁰,
725 728 759 763 2.
783 732 855 763 not.
878 730 911 763 2.
936 741 971 774 p.
993 729 1073 764 291.
1099 731 1152 764 ed.
1175 731 1214 772 L,
1243 730 1303 774 qui
1325 742 1431 764 accu-

55 790 160 825 sativi
190 790 262 824 vim
293 794 516 835 agnoscentes
547 790 654 824 verba
686 791 722 824 in
741 795 945 837 potestatem
968 802 1039 825 esse
1062 791 1119 824 vel
1144 791 1271 826 habere
1293 794 1431 826 vertunt

54 863 98 885 zu
121 851 332 895 Disposition
355 852 445 894 sein,
477 852 601 886 haben.
647 851 717 886 Sed
746 863 854 896 quum
885 851 952 886 ista
981 850 1224 895 interpretatio
1255 853 1430 897 plerisque

10 933 15 938 ·
52 912 138 946 locis
161 923 284 956 parum
308 912 508 954 conveniat,
539 924 649 956 neque
672 913 789 947 valeat
819 913 862 947 ad
894 913 981 947 alias
1005 912 1172 947 dictiones
1194 914 1347 947 eiusdem
1368 924 1428 958 ge-

53 972 145 1006 neris
167 972 414 1015 illustrandae,
450 973 531 1008 talis
559 973 651 1008 ratio
679 973 826 1008 ineunda
850 978 920 1013 est,
952 985 1041 1018 quae
1065 985 1182 1007 omnes
1203 974 1307 1007 huius
1330 973 1425 1007 inso—

51 1034 179 1067 lentiae
211 1033 341 1077 species
373 1034 654 1077 comprehendat.
711 1035 884 1069 Nimirum
906 1035 1010 1069 latius
1032 1038 1150 1078 patere
1171 1035 1263 1068 hunc
1285 1045 1426 1068 accusa—

50 1094 115 1129 tivi
140 1107 240 1129 usum
263 1095 367 1129 facile
391 1094 532 1137 patebit,
557 1095 695 1129 collatis
718 1096 815 1129 hisce
840 1096 1025 1139 exemplis:
1051 1095 1122 1129 Cic.
1147 1095 1299 1129 Divinat.
1321 1094 1356 1128 in
1384 1096 1425 1138 Q.

49 1155 176 1189 Caecil.
210 1168 241 1189 c.
274 1156 331 1198 20,
363 1156 420 1189 66.
471 1156 665 1190 Clarissimi
694 1157 762 1191 viri
793 1158 855 1190 hoc
885 1158 951 1191 sibi
975 1157 1219 1200 amplissimum
1243 1156 1424 1196 ducebant,

48 1217 93 1249 ab
117 1218 241 1250 exteris
263 1218 478 1258 nationibus,
503 1228 591 1261 quae
615 1218 660 1250 iu
685 1219 941 1252 amicitiam
964 1217 1082 1261 populi
1106 1217 1256 1250 Romam·
1278 1217 1423 1250 dicio-

46 1289 230 1321 nemque
264 1283 440 1318 essent,
471 1279 618 1311 iniurias
646 1280 859 1322 propulsare.
893 1278 1006 1312 Tacit.
1037 1276 1187 1311 Historr.
1225 1277 1254 1320 1,
1284 1276 1342 1318 87,
1373 1276 1421 1310 in.

46 1338 205 1372 Relicuos
226 1340 376 1372 saevitia
399 1339 534 1372 Galbae
557 1340 602 1372 in
626 1341 880 1374 custodiam
904 1340 1101 1374 habitos.
1125 1337 1200 1371 Liv.
1226 1337 1338 1377 XXII,
1361 1335 1420 1378 23,

44 1398 80 1434 6.
108 1399 158 1433 Μ.
184 1399 373 1433 Minucium
396 1412 501 1444 prope
524 1401 568 1434 in
593 1401 849 1434 custodiam
873 1399 1096 1441 habitum.
1121 1398 1276 1440 XXXIV,
1301 1397 1359 1438 27,
1383 1396 1418 1429 7.

46 1460 168 1503 Itaque
192 1460 356 1503 quosdam
380 1472 416 1494 se
448 1461 492 1494 in
525 1461 785 1495 cuetodiam
817 1461 1102 1500 habiturum,
1127 1450 1419 1501 quemadmodum

42 1524 152 1553 exstat
182 1519 217 1553 in
250 1531 311 1553 sex
342 1521 453 1561 codd.‚
488 1531 573 1564 quos
602 1521 751 1555 editores
781 1533 849 1554 non
876 1520 985 1555 secuti
1006 1524 1094 1554 sunt.
1119 1519 1280 1560 xxxnl,
1302 1518 1360 1559 10,
1382 1517 1417 1552 4.

43 1580 190 1614 Parcere
226 1579 325 1613 victis
360 1581 407 1613 in
442 1582 637 1614 animum
673 1582 852 1616 habuit.
887 1582 920 1622 1,
948 1580 1012 1621 14,
1039 1580 1095 1613 ll.
1143 1579 1351 1612 Haerens
1373 1577 1417 1610 in

41 1644 181 1683 terga
206 1639 384 1674 Romanus
407 1641 501 1674 velut
523 1641 666 1686 agmine
690 1653 757 1675 uno
779 1641 949 1685 irrumpit.
975 1640 1090 1674 Tacit.
1114 1639 1264 1673 Histoi-r.
1288 1639 1333 1680 11,
1358 1637 1416 1672 34.

43 1700 163 1733 Turris
187 1700 231 1733 in
256 1705 504 1734 extremam
528 1702 677 1734 navim
702 1702 838 1736 educta.
862 1702 976 1735 Plaut.
1000 1701 1077 1735 Cas.
1101 1699 1154 1740 11,
1177 1698 1218 1740 3,
1241 1698 1300 1732 26.
1350 1698 1417 1731 Ubi

40 1761 83 1794 in
107 1761 255 1795 lustra
279 1760 504 1795 iacuisti?
528 1760 726 1804 Epidic.11,
750 1762 786 1803 2,
808 1762 842 1795 7.
867 1763 946 1806 Ego
970 1761 1067 1794 illum
1090 1760 1212 1793 audivi
1234 1759 1280 1792 in
1304 1769 1414 1805 amo-

38 1832 128 1854 rem
162 1820 366 1854 haerere.
399 1820 571 1864 Amphitr.
601 1822 629 1862 1,
660 1822 692 1865 1,
713 1821 770 1856 25.
819 1822 921 1856 Nunc
945 1831 1024 1854 vero
1046 1820 1131 1853 mihi
1157 1820 1203 1852 in
1226 1822 1414 1852 mentem

32 1882 136 1925 ,tuit
169 1881 223 1915 dis
256 1881 494 1915 aduenientem
525 1883 667 1925 gratias
696 1893 759 1925 pro
790 1882 922 1916 meritis
945 1891 1064 1925 agere.
1087 1879 1220 1913 Bacch.
1244 1879 1274 1919 Ι,
1297 1878 1334 1920 2,
1355 1877 1413 1913 53.

41 1942 174 1986 Ecquid
197 1942 246 1974 in
268 1946 450 1975 mentem
474 1946 543 1974 est
565 1941 654 1974 tibi?
688 1942 789 1975 Haec
818 1941 980 1984 exempla
1004 1938 1120 1972 omnia
1142 1938 1191 1972 ita
1213 1942 1413 1981 comparata

37 2006 136 2045 sunt,
163 2006 216 2042 ut,
249 2012 462 2045 quamquam
487 2000 661 2034 ablativus
684 2002 812 2036 usitata
841 2002 985 2044 ratione?
1007 1998 1089 2043 poni
1110 2002 1265 2042 poterat,
1296 2002 1411 2032 tamen

38 2062 182 2106 propria
205 2061 395 2095 accusativi
421 2065 570 2105 potestas
593 2066 735 2103 constet,
758 2061 817 2096 scd
846 2061 908 2102 ita,
933 2064 970 2094 ut
991 2063 1136 2103 quartus
1160 2070 1258 2093 casus
1280 2070 1348 2093 non
1372 2070 1412 2092 ex

36 2134 78 2156 eo
102 2123 210 2156 verbo
234 2122 392 2166 pendeat,
417 2122 508 2164 quod
533 2122 629 2155 adest
654 2126 757 2165 atque
778 2122 814 2155 in
836 2120 1130 2165 praepositionem
1154 2131 1234 2152 cum
1255 2118 1412 2152 ablativo

38 2183 194 2217 iunctam
224 2182 334 2227 regit,
366 2181 424 2215 sed
455 2193 496 2215 ex
519 2192 700 2225 suppressa
723 2182 942 2226 cogitatione,
963 2181 1020 2214 cui
1042 2179 1286 2223 concipiendae
1307 2189 1411 2213 accu-

36 2243 167 2277 sativus
188 2242 343 2284 inservit,
366 2242 571 2285 repetendus
594 2243 652 2276 sit.
696 2242 871 2276 Nimirum
898 2241 1013 2276 Latini
1036 2238 1290 2284 perspicuitatis
1310 2249 1409 2272 sensu

35 2303 130 2337 ducti
151 2302 323 2337 interdum
346 2313 416 2336 non
438 2301 586 2336 contenti
608 2306 706 2336 erant
726 2303 779 2336 rei
803 2306 935 2336 certum
955 2307 1083 2335 statum
1105 2304 1139 2334 et
1160 2299 1408 2341 condicionem,

36 2363 148 2407 qualis
170 2375 230 2406 per
253 2374 289 2396 se
311 2367 373 2405 est,
396 2362 591 2405 declarare,
615 2363 673 2395 sed
696 2362 803 2396 simul
825 2362 932 2396 etiam
955 2361 1056 2405 quasi
1077 2361 1250 2404 quandam
1270 2358 1411 2405 γένεσιν

34 2423 109 2456 eius
142 2422 354 2457 condicionis
387 2422 609 2467 sig-nificare,
650 2422 673 2456 i.
698 2433 729 2456 e.
762 2433 831 2466 quo
860 2422 966 2456 modo
998 2421 1066 2455 ieta
1096 2420 1252 2455 condicio
1282 2420 1410 2455 effecta

35 2486 123 2517 esset
155 2483 332 2517 ostendere
363 2482 574 2516 nitebantur.
627 2484 728 2526 Quod
758 2484 910 2518 studium
942 2486 981 2516 ut
1012 2492 1034 2516 a
1056 2480 1227 2515 familiari
1250 2490 1411 2519 sermone

34 2544 152 2587 paullo
175 2543 361 2587 prolixiore
387 2543 582 2587 profectum
603 2543 766 2586 videtur,
786 2544 838 2578 ita
861 2543 1014 2577 eiusdem
1037 2541 1206 2576 sermonis
1226 2541 1410 2587 negligen-

36 2603 85 2638 tia
117 2604 252 2646 effecit,
283 2607 321 2638 ut
353 2596 461 2637 animi
492 2615 630 2637 sensum
660 2616 727 2638 non
756 2605 851 2638 iusta
883 2602 1050 2650 orationis
1075 2602 1190 2636 forma
1211 2602 1409 2646 proderent.

36 2664 94 2698 sed
127 2669 310 2707 utramque
340 2674 434 2706 rem,
467 2664 598 2697 duabus
627 2664 928 2699 enunciationibus
951 2662 1219 2706 designandam,
1246 2662 1283 2695 in
1303 2674 1409 2696 unam

37 2727 295 2767 contraherent,
330 2725 420 2768 quod
453 2724 636 2760 brevitatis
664 2735 778 2770 gtmus
807 2735 875 2761 non
904 2724 949 2760 ad
976 2722 1112 2768 ellipsin
1139 2722 1409 2768 grammaticam
