1630 3034
117 146 202 187 212
479 137 525 181 C.
554 135 874 180 SALLUSTI
903 134 1129 179 CRISPI

119 259 286 313 forent,
332 259 524 300 maturat
565 253 612 298 iu
646 253 848 298 Africam
883 259 1089 312 portare,
1137 269 1190 299 ac
1226 253 1373 298 statim
1406 254 1505 313 ipse

121 354 374 415 profectus,
412 352 474 395 uti
502 356 604 395 ante
637 351 834 408 comitia,
865 350 990 409 quod
1013 357 1191 410 tempus
1218 349 1342 393 haud
1369 350 1507 410 longe

122 452 299 506 aberat,
335 449 465 492 armis
501 453 575 491 aut
606 447 833 492 deditione
869 453 943 491 aut
978 448 1134 506 quovis
1168 447 1306 491 modo
1336 447 1506 501 bellum

82 548 374 592 econfieeret.
445 545 507 589 At
554 550 709 588 contra
751 545 970 605 Iugurtha
1016 543 1195 588 trahere
1239 543 1409 600 omnia,
1464 549 1509 586 et

124 645 255 703 alias,
304 641 468 686 deinde
516 618 622 685 alias
664 656 819 686 morae
865 656 1041 686 caussas
1085 642 1259 700 facere,
1306 639 1509 700 polliceri

123 741 396 785 deditionem
425 754 478 783 ac
501 738 664 783 deinde
694 744 861 782 metum
892 739 1110 794 simulare,
1141 737 1316 781 instanti
1346 736 1510 780 cedere

126 844 170 882 et
205 837 357 898 paullo
391 843 519 896 post,
554 852 612 880 ne
650 836 716 880 sui
752 806 1033 890 diffiderent,
1070 836 1255 888 instare3
1303 835 1363 877 ita
1403 833 1511 877 belli

87 933 289 990 3mod0,
335 933 474 977 modo
516 933 641 993 pacis
688 947 816 976 mora
861 932 1090 976 consulem
1139 931 1371 977 ludificari.
1443 929 1512 974 Ac

126 1031 275 1087 fuere,
319 1031 397 1088 qui
430 1035 527 1073 tum
560 1029 776 1073 Albinum
809 1028 934 1072 haud
966 1030 1171 1089 ignarum
1207 1027 1358 1072 consili
1393 1026 1513 1086 regis

127 1127 465 1182 existumarent,
508 1142 656 1185 neque
692 1142 747 1171 ex
780 1131 901 1170 tanta
937 1125 1228 1185 properantia
1261 1130 1353 1168 tam
1385 1123 1515 1166 facile

127 1230 318 1270 tractum
353 1224 523 1268 bellum
551 1223 757 1269 socordia
786 1223 930 1283 magis
961 1237 1096 1281 quam
1128 1222 1235 1265 dolo
1268 1220 1514 1265 crederent.

128 1348 162 1380 p.
184 1334 287 1380 245.)
310 1335 420 1369 refert
441 1333 698 1379 principem
722 1334 916 1379 ludficari,
950 1332 1049 1367 cuius
1081 1333 1159 1367 loco
1182 1332 1218 1366 in
1240 1332 1329 1366 Maii
1354 1331 1516 1372 editione,

127 1396 423 1440 quiExempla
455 1395 776 1429 elocutionum
800 1394 969 1429 Frontoni
999 1393 1138 1435 tribuit,
1174 1393 1303 1437 legitur
1331 1393 1518 1438 praeei-

125 1465 220 1498 pem
255 1454 438 1498 ludificari.
486 1456 525 1489 ld
560 1466 775 1500 quamquam
806 1457 851 1490 ab
885 1454 1042 1490 omnium
1075 1444 1175 1488 codd.
1208 1453 1381 1498 scriptura
1413 1453 1519 1497 longe

127 1514 277 1556 recedit,
310 1518 447 1557 tamen,
480 1515 565 1559 quia
593 1527 673 1551 cum
704 1517 954 1551 sententiarum
978 1527 1068 1550 nexu
1097 1517 1187 1550 bene
1213 1514 1397 1550 convenire
1419 1514 1517 1547 vidc-

128 1575 244 1617 batur,
270 1574 360 1608 mihi
384 1576 570 1620 aliquando
595 1577 740 1621 placuit,
764 1581 803 1611 ut
825 1577 1023 1623 significavi
1048 1577 1081 1609 in
1106 1575 1221 1610 tahnii
1239 1575 1374 1610 Annali.
1389 1574 1519 1609 Philon.

129 1639 163 1669 et
192 1636 346 1680 Paedag.
381 1647 412 1670 a.
437 1637 539 1671 1829.
570 1638 714 1672 V01.11.
748 1637 850 1670 Fasc.
874 1637 899 1670 1.
932 1649 966 1681 p.
989 1638 1047 1672 45.
1086 1638 1156 1672 Sed
1193 1648 1301 1680 quum
1335 1636 1520 1670 emendata

131 1695 357 1730 Lindemann?
395 1697 490 1731 Edit.
533 1688 693 1730 ostendat
728 1697 926 1741 praecipem
963 1698 1090 1732 falsam
1127 1698 1310 1732 lectionem
1349 1707 1444 1736 esse,
1484 1694 1520 1728 iu

129 1761 292 1801 promptu
315 1760 367 1791 est
387 1759 576 1802 principem
600 1758 792 1792 memoriae
816 1759 916 1801 lapsu
949 1770 1012 1802 pro
1036 1759 1156 1792 ducem
1179 1759 1223 1792 ab
1248 1757 1421 1791 Arusiano
1445 1767 1521 1790 esse

130 1816 309 1860 scriptum.
359 1816 428 1851 Sed
452 1819 628 1862 ludificari
652 1819 802 1852 formam
826 1829 893 1852 non
918 1818 1075 1853 dubitavi
1100 1830 1163 1864 pro
1187 1818 1304 1853 activo
1328 1818 1518 1862 ludificare,

131 1877 223 1920 quod
248 1888 366 1911 omnes
390 1879 489 1914 codd.
515 1884 649 1921 tenent,
674 1879 834 1913 Arusiani
859 1880 1063 1914 auctoritate
1086 1890 1272 1923 reponere,
1303 1890 1408 1923 quam
1437 1890 1520 1912 cou-

132 1937 250 1970 firmat
272 1936 394 1971 Taciti
417 1939 535 1981 locus,
569 1952 611 1974 ex
634 1941 704 1974 hoo
728 1940 889 1975 Sallustii
914 1952 1111 1984 expressus,
1142 1941 1279 1975 Annali.
1302 1941 1371 1983 111,
1397 1939 1461 1979 21,
1485 1939 1518 1973 3.

135 1998 346 2041 Tacfarinas
361 2000 528 2043 perculsis
543 2000 703 2035 Numidis
723 2007 757 2036 et
774 2002 907 2035 obsidia
931 2001 1197 2046 aspernantibus
1220 2001 1358 2046 spargit
1383 2001 1521 2040 bellum,

134 2060 207 2093 ubi
230 2060 496 2095 instaretur
520 2061 703 2104 cedens,
727 2075 776 2097 ac
800 2074 973 2097 rursum
998 2063 1042 2096 ἰη
1071 2067 1211 2106 terga
1233 2072 1462 2100 remeans,-
1488 2065 1522 2094 ct

134 2122 216 2155 «lum
240 2132 282 2155 ea
305 2122 396 2156 ratio
421 2121 568 2156 barbaro
585 2121 681 2165 suit,
704 2123 840 2158 irritum
858 2125 1056 2168 sessumque
1073 2123 1268 2156 Romanum
1291 2123 1429 2167 impune
1453 2122 1522 2155 lu-

134 2183 438 2227 dificabatnr.

227 2242 259 2287 §.
274 2242 308 2276 3.
333 2245 368 2276 et
390 2241 423 2275 —l-
472 2242 560 2287 tum]
585 2243 687 2276 Hanc
711 2244 920 2289 particulam
938 2243 1147 2278 Gerlachiue
1170 2254 1383 2287 quamquam
1408 2242 1522 2288 positu

135 2301 274 2336 insolito
300 2303 342 2336 ad
362 2305 466 2346 suere
490 2304 710 2338 referendam
733 2304 838 2346 dicit;
871 2305 930 2339 sed
962 2305 991 2339 si
1024 2305 1107 2339 licet
1130 2305 1240 2339 verba
1264 2305 1314 2339 ita
1338 2305 1522 2343 collocare.

135 2363 291 2407 protecto
314 2364 419 2398 licent
442 2363 570 2398 omnia.
618 2365 743 2400 Paullo
775 2365 900 2400 melius
925 2364 1066 2400 Curtius
1096 2370 1130 2403 ct
1154 2367 1267 2400 Faber
1290 2371 1363 2400 tum
1385 2367 1523 2398 censent

136 2423 180 2457 ad
207 2424 452 2459 existumarent
485 2428 660 2468 spectare3
693 2425 752 2459 sed
784 2425 954 2461 sententia
984 2438 1097 2470 aeque
1129 2437 1170 2461 ac
1199 2427 1396 2470 particulae
1427 2426 1523 2459 locus

137 2482 297 2527 flagitat,
331 2488 367 2518 ut
390 2490 461 2519 tum
486 2485 529 2518 ad
554 2485 720 2530 ignarum
744 2487 929 2529 referatur,
961 2499 1068 2531 quum
1100 2489 1267 2532 posterior
1290 2486 1408 2521 Albini
1429 2484 1522 2519 ratio

136 2546 330 2587 opponatur
351 2547 523 2588 prioribus
547 2546 622 2581 eius
649 2547 824 2589 consiliis,
860 2548 1032 2592 principio
1066 2548 1148 2582 belli
1172 2548 1278 2583 initis.
1327 2549 1404 2581 uoc
1429 2544 1521 2580 enim

138 2604 248 2638 voluit
273 2604 477 2640 Sallustius:
524 2608 680 2642 nonnulli
713 2612 877 2651 putarunt
907 2614 986 2653 post
1008 2609 1139 2643 multae
1162 2621 1217 2643 res
1240 2609 1337 2642 nullo
1360 2617 1521 2641 successu

137 2674 158 2697 a
182 2665 323 2698 consule
345 2670 460 2711 gestae
483 2679 564 2701 eum
589 2669 657 2702 iam
680 2681 747 2702 uon
772 2670 920 2714 amptius
937 2670 1130 2714 Iugurthae
1152 2669 1361 2703 deditionem
1384 2667 1523 2700 ornem-n

137 2722 311 2766 voluisse,
342 2727 400 2759 scd
434 2727 479 2760 ab
511 2727 574 2761 ino
608 2733 812 2772 corruptum
846 2730 937 2764 clam
973 2729 1006 2764 ei
1038 2729 1186 2769 favisse,
1220 2740 1262 2763 ac
1285 2729 1363 2763 dolo
1386 2728 1519 2764 bellum
