1630 3034
459 149 819 226 menum.
854 182 983 227 GAP.
1013 183 1110 227 xc,
1391 189 1478 230 483

92 304 239 348 fuerat
281 302 402 346 iussu
444 300 565 361 regis
600 300 643 344 iu
686 299 789 343 loca
825 299 994 361 inunita
1030 300 1331 359 contulerant,
1369 317 1481 363 ager

91 404 242 445 autem
277 398 427 443 aridus
465 404 511 442 et
546 398 729 457 frugum
765 387 931 441 vacuus
968 412 1022 440 ea
1056 403 1349 459 tempestate,
1376 415 1480 445 nam

91 497 267 542 aestatis
313 501 561 540 extremum
601 494 742 553 erat),
789 499 941 537 tamen
974 509 1061 554 pro
1095 495 1161 538 rei
1206 497 1338 556 copia
1373 497 1477 542 satis

88 593 380 655 providenter
423 598 632 644 exornat3
663 605 819 649 >pecus
868 604 1025 646 omne,
1076 590 1199 650 quod
1235 593 1514 653 superiori-2

86 692 172 736 bus
205 691 364 735 diebus
393 688 594 749 praedae
617 687 776 744 fuerat,
814 686 1034 745 equitibus
1069 688 1301 735 auxiliariis
1335 706 1480 752 agen-

87 831 173 866 dicit
206 836 327 865 autem
357 839 425 862 nou
461 827 594 861 habere
628 825 700 860 vim
735 825 1015 869 adversativam,
1051 826 1110 860 sed
1143 826 1341 872 significare
1374 835 1479 875 atque

86 892 187 927 ideo!
211 910 256 916 -
280 891 332 924 De
357 892 531 923 structura
562 889 707 921 aestatis
740 892 926 923 extremum
958 898 1022 931 pro
1050 893 1167 922 aestas
1200 894 1353 924 extrema
1377 901 1411 925 V.
1434 891 1479 924 ad

86 966 117 988 c.
139 952 318 993 xxxvn,
344 950 378 985 4.
404 962 437 994 p.
464 949 545 983 21ss
569 968 616 973 —
652 949 784 981 Tamen
808 948 851 981 ad
878 949 984 982 verba
1009 949 1062 982 dis
1082 951 1200 992 fretus
1237 954 1317 983 ante
1352 962 1477 994 paren-

85 1013 199 1049 thesin
230 1012 346 1056 posita
375 1022 477 1044 sensu
500 1009 639 1053 quidem
672 1009 834 1050 refertur,
859 1009 918 1042 sed
944 1020 1012 1042 non
1038 1013 1230 1051 structura,
1254 1021 1344 1054 quae
1368 1012 1477 1046 inter-

84 1075 185 1109 iectis
214 1072 331 1107 verbis
363 1073 503 1106 turbata
535 1071 729 1104 orationem
768 1068 1035 1106 ἀνακόλουθον
1069 1071 1197 1105 effecit.
1243 1071 1333 1104 Nam
1366 1083 1474 1115 quum
1535 1090 1541 1094 ·

85 1135 274 1171 Sallustius
296 1134 364 1167 hoc
388 1133 502 1165 dicere
528 1132 655 1174 vellet,
683 1130 800 1164 Mario
823 1143 920 1174 spem
945 1137 979 1165 et
1000 1132 1247 1175 confidentiam
1271 1132 1306 1165 iu
1331 1133 1476 1167 deorum

84 1208 151 1241 ope
166 1195 316 1241 positam
340 1193 615 1236 haudquaquam
641 1192 808 1234 offuisse‚
834 1197 870 1226 ut
897 1191 1072 1227 interdum
1097 1192 1174 1226 fieri
1198 1193 1303 1234 solet,
1337 1194 1476 1237 quomi-

82 1269 147 1292 nus
169 1256 390 1302 providenter
412 1258 558 1299 ageret,
592 1254 678 1287 duos
708 1253 843 1286 dicendi
866 1253 1008 1295 modos,
1042 1253 1167 1297 quibus
1191 1254 1260 1287 hoc
1286 1255 1476 1289 enunciare

82 1323 239 1364 poterat,
280 1314 446 1351 confudit.
493 1318 564 1348 Aut
598 1314 689 1347 enim
726 1314 873 1348 debebat
905 1314 1094 1358 praemisso
1120 1315 1275 1348 subiecto
1300 1315 1353 1349 dis
1380 1318 1474 1358 fre-

82 1383 179 1420 tus,
216 1381 293 1422 post
323 1375 569 1420 parenthesin,
601 1375 808 1409 arctioribus
832 1375 957 1409 finibus
980 1375 1303 1420 constringendam,
1326 1377 1474 1419 praedi-

81 1445 198 1474 catum
231 1438 373 1482 aliquod
409 1436 604 1478 subiicere,
637 1436 735 1470 velut
766 1441 903 1470 tantam
928 1447 1001 1468 rem
1032 1436 1197 1479 suscepit,
1231 1435 1289 1469 cui
1313 1437 1475 1480 apodosis

80 1500 133 1534 ita
155 1511 193 1533 se
215 1499 440 1543 adiungeret:
473 1497 783 1531 nihilominus
804 1509 866 1542 pro
891 1509 920 1531 c.
945 1508 975 1531 r.
999 1508 1026 1531 s.
1059 1497 1373 1541 prouidenter
1406 1509 1473 1531 ex-

82 1565 245 1600 omui,-
280 1565 341 1593 aut
367 1558 497 1602 protasi
529 1557 579 1591 ita
609 1558 814 1598 constituta:
846 1569 1114 1603 quamquam
1150 1569 1239 1591 rem
1274 1569 1471 1602 aggres-

80 1634 152 1656 sus
183 1626 289 1669 erut
304 1645 313 1662 ,
345 1621 446 1654 credo
479 1620 533 1653 dis
549 1622 688 1663 frctus,
709 1638 755 1644 -
777 1620 876 1663 sequi
900 1623 1048 1663 poterat,
1071 1629 1161 1661 quae
1183 1618 1218 1651 in
1235 1619 1382 1663 vulgata
1405 1620 1472 1653 ha-

80 1684 204 1725 betur,
236 1681 398 1726 apodosis
431 1687 586 1716 tamen
616 1687 653 1724 p.
687 1691 717 1713 r.
750 1692 778 1714 c.
803 1682 890 1714 satis
922 1681 1238 1725 providenter
1270 1684 1471 1714 exornat.

78 1745 182 1779 Patet
211 1743 323 1789 igitur
353 1747 533 1777 auctorem
569 1753 612 1775 ex
645 1740 762 1785 priore
793 1741 854 1774 illo
886 1742 992 1775 modo
1026 1740 1191 1774 transisse
1229 1739 1266 1773 in
1304 1740 1469 1782 alterum,

78 1817 188 1850 quum
210 1805 332 1849 paullo
355 1803 517 1848 longiore
539 1801 739 1846 parenthesi
762 1801 925 1837 seductus
947 1802 1103 1846 inceptae
1125 1803 1320 1836 structurae
1343 1799 1472 1833 oblitus

81 1871 180 1900 esset.
230 1867 307 1899 Hoc
331 1870 450 1899 autem
482 1862 774 1898 anacolutborum
799 1874 909 1906 genus
933 1874 1042 1906 neque
1067 1863 1144 1896 vitii
1169 1859 1302 1903 aliquid
1326 1861 1470 1901 habere,

79 1930 115 1960 et
148 1926 244 1959 haud
269 1925 470 1968 infrequens
498 1935 573 1957 esse
609 1927 703 1956 recte
735 1923 870 1956 monuit
894 1924 1101 1956 Kuehnerus
1125 1923 1168 1956 ad
1194 1921 1265 1954 Cic.
1290 1921 1417 1954 Tusce.
1442 1922 1470 1963 1,

79 1986 138 2028 13,
161 1985 218 2019 30.
243 1997 277 2028 p.
300 1985 357 2018 70.
405 1984 482 2018 Non
512 1983 595 2016 satis
630 1986 877 2025 perspexerunt
913 1984 1018 2016 huius
1055 1983 1123 2016 loci
1147 1985 1307 2016 naturam
1332 1981 1469 2015 Cottius

80 2051 116 2081 et
137 2047 275 2086 Faber,
309 2044 370 2088 qui
405 2050 524 2078 tumen
555 2054 622 2076 uon
654 2043 698 2076 ad
731 2053 892 2076 mancam
926 2042 1098 2085 protasia,
1133 2042 1192 2075 sed
1227 2042 1271 2089 331
1296 2052 1356 2081 ea,
1380 2053 1470 2085 quae

79 2106 277 2152 parenthesi
302 2104 530 2145 continentur,
556 2107 714 2146 spectare
737 2105 879 2148 putant3
903 2113 1042 2145 prorsus
1059 2106 1177 2135 autem
1199 2090 1348 2135 coebum
1373 2101 1469 2135 Wei-

78 2169 171 2210 sius,
202 2166 424 2212 parenthesin
457 2165 530 2199 iam
563 2175 585 2198 a
615 2165 724 2198 verbo
757 2165 858 2198 credo
891 2163 1043 2206 incipere
1066 2166 1230 2196 statuens.
1253 2183 1300 2188 —
1326 2161 1393 2194 Pro
1416 2163 1469 2196 rei

80 2231 182 2275 eopia
205 2228 416 2272 explicatum
440 2227 485 2260 ad
509 2237 537 2259 c.
563 2225 650 2269 Liv,
674 2225 709 2259 9.
732 2245 779 2250 —
811 2226 865 2259 Ad
891 2228 1036 2257 exornat
1059 2222 1198 2256 Cortius
1221 2222 1362 2265 supplet
1387 2223 1468 2265 iter,

80 2291 274 2325 Muellerus
297 2289 504 2328 exercitum,
535 2286 690 2331 Langius
719 2297 775 2327 se;
807 2285 867 2319 sed
891 2283 980 2317 nihil
1003 2284 1134 2316 horum
1151 2283 1234 2317 satis
1257 2287 1380 2327 aptum
1403 2289 1466 2319 est.

81 2353 264 2386 firmare
295 2350 456 2385 absolute
486 2348 619 2382 dictum
647 2346 740 2379 valet
771 2346 942 2379 instruere
975 2347 1009 2377 ct
1035 2353 1167 2386 parare
1199 2354 1288 2388 quae
1322 2344 1371 2377 ad
1393 2355 1467 2378 rem

79 2423 166 2457 opus
188 2417 289 2455 sunt,
314 2411 407 2454 quod
429 2409 619 2443 vernacula
641 2407 792 2441 dicimus
817 2405 1019 2444 Αιιείαὶῐεη,
1044 2403 1283 2449 Massregeln,
1313 2405 1467 2439 Vorkeh-

79 2484 219 2518 mugen
249 2473 386 2516 treffen.
431 2470 486 2504 Ad
516 2470 612 2503 hunc
643 2467 846 2501 ahsolutum
877 2463 976 2498 verbi
1009 2475 1112 2498 usum
1135 2475 1204 2499 uon
1225 2465 1379 2500 alienum
1401 2466 1467 2502 erit

80 2544 285 2578 comparare
313 2531 466 2566 militare
489 2529 700 2564 vocabulum
724 2538 870 2568 curare,
893 2536 961 2569 quo
986 2524 1029 2558 de
1047 2536 1079 2558 v.
1106 2525 1149 2558 ad
1173 2526 1248 2561 Cat.
1267 2528 1359 2569 LlX,
1382 2527 1418 2562 3.

172 2593 206 2635 ἓ.
231 2590 267 2626 2.
314 2592 362 2625 ad
386 2592 550 2635 oppidum
573 2589 696 2632 Laris]
730 2589 783 2621 De
806 2586 842 2620 vi
866 2586 913 2619 ad
937 2585 1204 2630 praepositionis
1227 2586 1275 2620 cf.
1299 2589 1467 2622 annotata

83 2650 129 2684 ad
151 2663 184 2686 e.
209 2651 314 2693 nvn,
337 2652 371 2685 1.
395 2670 442 2676 —
466 2652 594 2695 Laris,
623 2648 716 2693 quod
740 2646 858 2692 oppidi
880 2657 1006 2681 nomeu
1028 2646 1187 2680 nonnulli
1209 2647 1358 2683 secundo
1383 2659 1467 2682 casu

82 2709 235 2753 positum
262 2716 424 2755 censent,
458 2710 596 2746 Cortius
625 2714 721 2746 recte
751 2720 816 2754 pro
839 2706 1044 2745 accusativo
1067 2707 1158 2751 plur.
1181 2707 1325 2750 habuit,
1358 2719 1467 2753 quum

84 2779 153 2804 ΜΕ
181 2771 300 2808 solnm
327 2772 365 2808 iu
395 2772 559 2808 Antonini
591 2771 798 2812 mactatio,
831 2771 891 2805 sed
921 2770 1028 2805 etiam
1060 2769 1154 2813 apud
1176 2768 1362 2816 Augustin-
1383 2768 1465 2804 adv.

1072 2839 1185 2884 31*
