1630 3034
174 187 259 229 222
340 147 342 149 ’
539 180 587 225 c.
616 179 944 224 SALLUSTI
975 179 1196 224 cmsm

174 302 322 362 ipsum
366 313 470 345 cum
514 298 708 343 exercitu
753 297 873 342 fame
916 298 1128 357 ferroque
1177 297 1376 342 clausum
1420 304 1557 352 tenet,

176 403 325 441 tamen
371 411 442 450 se,
488 395 782 440 humanarum
825 410 976 439 rerum
1017 410 1290 452 memorem,
1335 395 1370 439 si
1406 409 1559 438 secum

176 494 337 539 foedus
366 493 549 551 faceret,
576 491 807 537 incolumis
838 491 979 536 omnis
1008 492 1091 536 sub
1117 492 1272 553 iugum
1299 491 1559 543 missurum3

176 644 370 685 vocabulo,
401 654 471 677 non
497 642 631 678 monito
664 643 795 678 lectore
824 641 966 687 scripsit
998 643 1102 683 dein3
1130 642 1191 676 sed
1214 646 1399 695 receptam.
1414 651 1437 675 a
1459 639 1560 674 nobis

176 707 329 742 formam
352 714 472 740 omnes
494 703 618 738 relicui
640 704 738 738 codd.
763 707 913 739 tuentur.
929 723 976 729 —
995 704 1102 738 Tenet
1126 703 1231 749 longe
1253 702 1397 747 plurimi
1419 700 1562 746 optimi-

175 750 245 812 qu⁰e
267 766 351 801 libri
371 766 522 806 habent3
546 765 606 800 sed
631 764 668 800 in
691 764 810 810 paucis
834 765 944 807 nivii,
969 766 1089 800 Guelf.
1110 764 1144 799 3.
1169 765 1226 799 11.
1251 769 1286 800 et
1309 763 1409 799 Leid.
1434 763 1478 797 G.
1501 773 1559 796 ex-

175 831 246 863 stat
268 831 409 869 teneat,
433 825 470 860 in
492 826 638 860 Barbcr.
662 825 698 860 2.
721 828 886 869 tenebat,
917 826 954 860 in
978 827 1097 863 venet.
1121 826 1157 861 4.
1180 830 1333 868 teneret,
1364 825 1402 858 in
1424 824 1503 858 Vat.
1526 821 1561 856 5.

176 894 315 930 tenent,
339 898 429 932 quae
451 887 582 931 partim
604 899 647 921 ex
668 886 956 931 interpolatione,
986 889 1115 932 partim
1139 889 1241 932 lapsu
1263 886 1460 921 scribarum
1485 888 1563 917 orta

175 956 267 985 sunt.
313 949 405 984 Nam
436 948 496 992 qui
527 948 655 982 scirent
678 949 934 983 coniunctimm
957 948 993 982 in
1017 950 1174 983 oratione
1196 948 1341 992 obliqua
1363 945 1563 991 legitimum

142 1052 143 1055 Ἴ
175 1023 261 1054 esse,
286 1015 406 1046 teneat
419 1012 618 1051 exararunt,
645 1009 736 1044 unde
758 1020 878 1054 errore
900 1009 1039 1044 aurium
1061 1011 1195 1044 factum
1218 1013 1270 1043 est
1292 1008 1453 1048 tenebat,
1478 1016 1563 1040 ocu-

174 1073 294 1106 lorum
316 1076 454 1115 teuent,
477 1071 603 1106 mentis
625 1076 770 1107 teneret.
802 1071 871 1105 Sed
894 1070 1103 1105 indicativus
1124 1071 1219 1105 haud
1241 1080 1324 1104 raro
1347 1068 1384 1103 in
1408 1066 1564 1102 oratioue

175 1127 321 1177 obliqua
341 1132 473 1177 positus
495 1132 681 1176 reperitur,
696 1131 727 1166 si
749 1137 872 1167 auctor
894 1133 952 1166 vel
975 1144 1077 1167 suum
1100 1132 1208 1176 ipsius
1229 1129 1398 1165 iudicium
1409 1125 1566 1169 ,alterius

174 1194 382 1241 cogitationi
416 1193 611 1236 immiscet,
648 1194 704 1228 vel
735 1192 787 1228 rei
814 1194 929 1228 factae
951 1195 1136 1229 veritatem
1159 1205 1223 1238 per
1245 1204 1283 1227 se
1304 1189 1453 1236 spectari
1475 1189 1565 1230 vult,

175 1267 244 1291 non
267 1267 310 1290 ex
332 1255 451 1289 aliena
482 1254 696 1300 cogitatione
719 1255 951 1297 considerari3
983 1256 1031 1291 cf.
1054 1255 1146 1300 Aug.
1172 1252 1380 1288 Grotet'endi
1403 1252 1563 1286 Gramm.

175 1318 255 1352 Lat.
279 1317 391 1351 schol.
426 1317 461 1361 §.
486 1315 567 1350 411.
603 1327 638 1360 p.
660 1315 743 1350 334.
775 1317 873 1350 Adde
896 1320 1014 1351 notata
1038 1317 1080 1351 ad
1107 1317 1184 1350 Cat.
1208 1315 1361 1356 xxvn,
1385 1312 1419 1349 4.
1452 1316 1488 1346 et
1519 1311 1565 1345 ad

174 1379 252 1423 lug.
275 1377 410 1419 LXllI,
436 1377 470 1411 1.
497 1396 544 1402 ——-
571 1377 645 1419 Que
668 1379 831 1421 copulam
855 1382 932 1422 post
947 1381 1046 1422 ferro
1070 1377 1209 1411 Cortius
1232 1375 1370 1417 omisit,
1395 1373 1567 1419 probante

175 1437 370 1474 Gerlachio
393 1438 431 1473 in
454 1438 664 1472 Commentt.
689 1450 722 1481 p.
738 1439 840 1481 2714
864 1439 915 1474 ita
937 1439 1031 1473 enim
1055 1442 1168 1473 exstat
1189 1437 1226 1472 iu
1248 1437 1365 1472 Mark.
1379 1438 1423 1471 A.
1445 1433 1564 1469 Guelf-

174 1499 211 1534 9.
239 1499 311 1534 Ine.
335 1499 371 1533 2.
395 1497 525 1533 Medic.
549 1498 583 1533 2.
607 1498 642 1534 7.
667 1499 785 1535 Berol.
810 1499 866 1542 1.,
902 1511 1051 1544 eamque
1072 1499 1282 1544 scripturam
1305 1494 1566 1542 quodammodo

176 1560 387 1594 confirmare
407 1559 570 1593 videntur
593 1560 693 1596 codd.
718 1561 758 1595 C.
784 1562 951 1606 Popmae,
975 1562 1060 1596 Bas.
1083 1560 1118 1595 1.
1141 1560 1247 1595 Acad.
1272 1559 1390 1594 StruV.
1415 1559 1519 1593 Rem.
1532 1556 1566 1590 l.

176 1621 303 1655 Franc.
321 1620 415 1654 Med.
429 1619 464 1653 4.
485 1618 520 1653 5.
539 1618 574 1655 8.
598 1620 710 1655 Vatic.
724 1621 757 1656 1.
771 1621 806 1657 2.
823 1621 858 1656 3.
870 1622 904 1656 4.
931 1621 1119 1656 Einsiedel.
1144 1620 1257 1656 Paris.
1283 1631 1317 1655 x.
1341 1631 1374 1653 z.
1396 1618 1515 1653 Berol.
1531 1617 1565 1651 2.

176 1686 213 1717 et
237 1681 384 1716 Goerlit.
407 1680 468 1725 qui
494 1685 528 1715 et
543 1684 644 1725 serre
668 1681 822 1723 habent3
857 1693 968 1725 neque
994 1694 1063 1716 non
1086 1681 1220 1725 aliquid
1243 1679 1461 1716 auctoritatis
1481 1688 1567 1713 suae

176 1742 367 1776 sententiae
389 1752 431 1776 eo
454 1741 619 1776 accedere
641 1745 741 1786 putat
766 1742 990 1785 Gerlachius,
1014 1743 1106 1787 quod
1125 1743 1161 1777 in
1183 1743 1258 1777 cod.
1276 1741 1365 1776 Min.
1380 1741 1415 1775 2.
1434 1740 1568 1786 legitur

171 1807 291 1849 serre,
316 1806 436 1846 same,
465 1803 761 1847 quemadmodum
794 1802 902 1837 etiam
934 1808 986 1838 est
1009 1803 1044 1838 in
1069 1804 1175 1838 Misn.
1197 1808 1326 1838 nostro.
1373 1802 1442 1836 Sed
1463 1801 1568 1836 valde

178 1864 388 1905 verendum,
421 1875 465 1897 ne
488 1875 704 1909 magnopere
726 1864 835 1898 falsus
859 1863 915 1905 sit,
939 1864 999 1908 qui
1013 1863 1151 1909 'ubique
1174 1865 1336 1909 copulam
1359 1864 1484 1898 scribis
1507 1864 1568 1898 de-

176 1924 254 1959 beri
277 1927 426 1966 censeat,
450 1924 512 1958 ubi
535 1924 598 1958 alii
621 1925 719 1960 codd.
746 1930 792 1967 et,
818 1926 878 1960 alii
903 1938 966 1970 que
989 1926 1167 1970 praebent.
1200 1926 1304 1970 Quod
1328 1926 1417 1960 haec
1439 1925 1569 1959 vocula

177 1990 295 2021 autem
319 1985 354 2019 in
376 1985 554 2019 nonnullis
576 1986 692 2026 deest,
716 1984 752 2019 id
775 1998 817 2021 co
842 1987 998 2029 factum,
1023 1987 1115 2030 quod
1142 1987 1171 2021 Ο
1192 1985 1310 2021 littera
1331 1986 1368 2020 in
1392 1986 1568 2021 vocabulo

171 2051 271 2093 ferro
294 2047 441 2091 copulae
460 2046 704 2091 compendium
724 2047 754 2090 Q
768 2047 961 2090 absorbuit,
986 2046 1086 2082 cuius
1109 2047 1159 2081 rei
1182 2048 1382 2092 exemplum
1405 2046 1568 2082 exhibui·

176 2121 257 2144 mus
281 2121 311 2143 c.
328 2107 472 2147 XXXV,
487 2105 521 2139 2.
547 2106 735 2142 Praeterea
758 2109 835 2153 ipsa
858 2109 1047 2143 verborum
1071 2108 1163 2143 ratio
1187 2109 1269 2143 talis
1291 2113 1355 2151 est,
1378 2112 1417 2143 ut
1439 2108 1568 2152 copula

176 2171 237 2204 vix
254 2169 375 2203 abesse
390 2168 510 2212 possit,
534 2167 706 2221 siquidem
726 2169 939 2214 gradationi,
964 2169 1021 2204 cui
1039 2169 1105 2204 ista
1121 2170 1253 2214 ellipsis
1265 2170 1427 2205 convenit
1450 2171 1504 2214 (ν.
1521 2169 1568 2204 ad

177 2243 209 2264 c.
223 2231 303 2272 XX,
317 2229 394 2273 8.),
417 2228 478 2262 hic
500 2229 619 2263 nullus
641 2230 738 2264 locus
761 2235 824 2265 est.
863 2231 902 2264 ln
925 2230 1116 2266 novissima
1139 2231 1191 2266 ed.
1209 2231 1423 2266 Gerlachius
1445 2230 1568 2265 iudicii

178 2291 333 2335 inopiam
367 2294 514 2324 testatur
544 2295 584 2324 ct
608 2293 709 2334 ferro
738 2291 936 2333 scribendo,
969 2296 1008 2325 ut
1039 2303 1143 2336 quam
1170 2304 1212 2327 ex
1241 2293 1355 2327 tribus
1387 2290 1568 2335 scripturis

178 2353 302 2396 probet
325 2351 441 2395 ipsum
464 2351 599 2385 nescire
622 2356 750 2395 pateat.
767 2371 813 2377 —-
834 2353 873 2386 ln
899 2353 1013 2387 verbis
1030 2355 1129 2396 fame
1153 2354 1307 2387 clausum
1329 2363 1479 2398 zeugma
1500 2352 1568 2386 hn-

180 2413 255 2447 beri
280 2412 418 2447 Cor-tius
441 2418 535 2447 recte
557 2413 714 2455 monuit,
746 2413 930 2457 participio
952 2415 1092 2458 proprie
1115 2415 1158 2449 ad
1176 2417 1276 2459 ferro
1299 2417 1435 2448 tantum
1460 2411 1568 2457 perti-

180 2478 304 2514 nente;
323 2485 356 2509 v.
374 2473 417 2507 nd
434 2474 568 2515 c.xlv‚
581 2472 613 2506 9.
633 2473 756 2515 xhlx,
771 2473 804 2507 ⁴.
835 2474 894 2508 Uti
909 2486 1073 2519 quemquo
1093 2485 1117 2519 p
1130 2475 1290 2508 ccunt‘a
1314 2479 1377 2509 aut
1401 2474 1567 2508 honore

181 2536 433 2569 extulerat.
482 2534 573 2567 Gen.
601 2535 761 2570 NN.AA.
784 2535 886 2577 xm,
910 2536 977 2577 23,
1006 2541 1092 2570 extr.
1120 2537 1188 2579 Qus·
1211 2547 1247 2570 sc
1270 2536 1358 2569 nihil
1382 2535 1508 2569 habere
1533 2540 1568 2570 et

180 2595 268 2629 nihil
292 2600 408 2628 tamen
433 2606 541 2640 agere
575 2607 616 2628 ac
648 2596 735 2630 nihil
759 2608 882 2641 cupere
906 2597 1043 2641 dicunt,
1082 2608 1185 2642 quum
1222 2603 1256 2631 et
1289 2596 1498 2631 habendo
1532 2602 1567 2633 et

182 2655 362 2701 agendo
387 2660 420 2689 et
445 2657 669 2699 cupiendo
694 2657 903 2692 ardeant.

276 2716 476 2760 memorem]
501 2717 750 2752 praeeuntibus
774 2717 875 2762 Bipp.
902 2722 936 2753 ct
959 2717 1148 2753 Get-lachin
1170 2717 1358 2752 semicolon
1381 2717 1465 2752 huic
1491 2718 1569 2753 voci

184 2776 333 2820 pessime
348 2778 505 2813 additum
521 2778 556 2812 in
574 2790 713 2814 comma
727 2779 955 2824 mutavimus,
978 2778 1148 2814 sententia
1164 2779 1214 2813 ita
1229 2777 1427 2824 flagitante3
1452 2777 1568 2823 inepte
