1630 3034
439 143 991 188 IUGURTHA.·CAP.
1024 146 1131 190 LIV.
1276 137 1278 139 ’
1380 152 1461 191 301

82 265 334 316 terrebant3
380 262 551 322 quippe
588 261 657 305 cui
693 275 796 320 spes
833 261 972 306 omnis
1018 263 1060 306 in
1096 262 1205 322 fuga
1240 263 1321 307 sita
1356 270 1502 319 erat,8

82 361 206 419 sequi
244 359 514 419 cogebatur,
566 364 610 401 et
656 357 730 415 qui
777 372 855 399 sua
890 358 989 413 loca
1025 357 1271 402 defendere
1304 362 1465 419 nequi-

80 434 238 514 verat,
282 456 325 499 in
365 455 514 498 alienis
558 453 724 496 bellurn
767 467 940 512 gerere.
1013 454 1188 498 Tamen
1232 470 1286 499 ex
1332 457 1504 516 copia9

80 553 207 612 quod
244 558 476 611 optumum
512 549 744 592 fidebatur
777 549 1005 593 consilium
1042 551 1187 610 capit;
1225 548 1463 596 exercitum

80 674 149 715 ait,
176 678 212 706 ut
237 673 272 706 in
296 671 441 705 'sordido
474 670 646 704 adulterio
674 674 800 703 necata
834 669 982 702 dicatur.
1034 670 1121 712 Quo
1158 676 1336 706 terrore
1359 685 1463 717 quum

77 734 215 766 vicisset
239 732 448 764 obstinatam
471 731 675 774 pudicitiam
701 731 795 763 velut
818 731 939 763 victrix
963 731 1078 764 libido.
1103 730 1189 765 Sall.
1215 732 1314 766 Catil*
1342 734 1463 775 XLIII,

76 794 111 827 2.
146 792 310 826 Statilius
336 797 369 825 et
396 791 565 823 Gabinius
590 795 781 834 opportuna
808 791 882 823 loca
906 791 998 823 urbis
1021 791 1262 834 incenderent,
1288 805 1367 837 quo
1400 801 1463 828 tu-

76 855 219 887 multu
245 853 387 895 facilior
413 851 526 884 aditus
551 851 598 883 ad
624 852 802 884 Consulem
817 853 934 894 fieret.
959 852 1035 896 lug.
1061 853 1178 893 cxlv,
1201 852 1233 885 1.
1286 854 1348 887 Per
1371 855 1462 888 idem

74 915 209 958 tempus
237 913 420 946 advorsum
450 911 571 944 Gallos
594 912 684 944 male
708 916 928 954 pugnatum3
963 924 1046 955 quo
1081 918 1194 947 metu
1221 914 1328 947 Italia
1353 917 1462 949 omnis

75 978 339 1013 contremuerat.
372 973 420 1005 cf.
457 984 486 1005 c.
512 972 560 1013 V,
584 972 619 1005 2.
644 971 827 1012 xxxvss,
853 971 886 1007 2.
911 972 1107 1014 LXXXIII,
1133 972 1165 1006 3.
1190 991 1233 999 —
1259 975 1479 1019 Impositum·

73 1034 326 1069 illustravimus
350 1033 394 1066 ad
419 1044 448 1066 c.
474 1032 612 1073 XLVII,
635 1032 670 1066 2.
1248 1028 1250 1030 ’

167 1098 199 1138 §.
225 1095 259 1128 7.
284 1098 319 1127 et
341 1093 375 1127 8.
423 1094 467 1126 ab
491 1092 583 1136 suis]
609 1093 706 1126 Ilaec
730 1093 838 1126 verba
864 1093 1000 1127 Curtius
1025 1094 1123 1129 nulla
1148 1096 1190 1128 de
1214 1106 1358 1138 caussa,
1384 1101 1460 1131 tan-

74 1166 180 1198 quam
205 1159 323 1187 assuta
355 1165 376 1187 a
413 1153 586 1193 librariis,
618 1152 728 1185 unciis
751 1152 902 1187 inclusit.
926 1173 970 1177 —
1006 1154 1089 1195 Cui,
1114 1155 1205 1198 quod
1236 1157 1336 1190 multi
1362 1158 1460 1194 codd.

74 1219 205 1256 tenent,
225 1213 370 1260 *Cottius
395 1217 490 1246 recte
513 1212 676 1256 praetulit
708 1213 878 1257 vulgatae
908 1213 1102 1257 scripturae
1132 1216 1246 1257 cuius,
1280 1228 1369 1260 quae
1391 1219 1459 1255 mi-

73 1287 195 1309 norem
219 1275 292 1308 vim
315 1274 423 1307 hahet
446 1274 490 1306 ad
516 1285 595 1307 eam
622 1272 810 1315 rationem,
845 1284 934 1317 quae
958 1273 1049 1307 inter
1077 1277 1315 1318 praedicatum
1338 1284 1373 1313 et
1396 1282 1459 1314 ob-

72 1336 199 1370 iectum
232 1333 431 1375 intercedit,
476 1333 748 1375 declarandun13
781 1335 827 1367 cf.
861 1346 889 1366 c.
922 1334 1106 1377 LXXXV,
1143 1336 1177 1370 4.
1231 1339 1344 1373 Mihi
1383 1353 1460 1385 spes

74 1407 190 1430 omnes
213 1397 250 1429 in
282 1399 408 1428 memet
441 1394 572 1427 sitae.
602 1413 638 1418 —
675 1395 728 1427 De
758 1394 992 1438 grammatico
1022 1395 1113 1430 inter
1137 1398 1246 1432 verba
1270 1401 1326 1433 cui
1348 1405 1382 1434 et
1404 1413 1458 1435 se-

73 1458 243 1502 quebatur
265 1466 357 1489 nexu
382 1465 415 1488 V.
443 1455 487 1487 ad
513 1455 588 1488 Cat.
614 1455 797 1495 xxxvn,
820 1454 853 1487 3.
879 1466 912 1497 p.
939 1454 1017 1489 ΠΟ.
1066 1457 1242 1501 Exemplis
1266 1459 1315 1493 ibi
1339 1461 1458 1496 lauda-

71 1518 117 1552 tis
140 1516 229 1551 adde
250 1515 326 1549 Liv.
352 1516 444 1557 xxi,
468 1515 501 1554 6,
518 1514 551 1548 4.
603 1515 774 1557 Quibus
797 1515 828 1548 si
852 1515 1028 1550 videretur
1051 1517 1162 1563 digna
1185 1528 1330 1561 caussa,
1358 1521 1458 1555 Hau-

46 1579 182 1612 .nibali
208 1577 564 1617 denunciarent,
598 1581 638 1610 ut
670 1575 713 1608 ab
750 1575 958 1620 Saguntinis
997 1578 1197 1614 abstineret.
1230 1581 1344 1615 Tacit.
1369 1582 1456 1617 Anu.

70 1639 128 1680 vl,
150 1636 207 1679 44,
236 1636 326 1670 med.
376 1637 545 1680 Quibus
575 1636 745 1681 proelium
777 1641 810 1670 et
837 1637 1000 1680 festinati
1030 1650 1129 1673 casus
1157 1642 1359 1685 placebant,
1389 1644 1456 1676 dis-

70 1700 174 1732 iectos
200 1708 244 1731 ne
268 1698 385 1730 animo
409 1697 546 1747 quidem
580 1697 628 1730 ad
652 1697 849 1741 obsequium
874 1698 1041 1733 coaluisse
1072 1700 1383 1737 disserebant.
1408 1704 1454 1737 cf.

68 1752 243 1803 Krueger.
269 1758 312 1790 de
337 1759 484 1791 Attract.
507 1757 585 1791 Lat.
608 1756 713 1801 Ling.
740 1757 774 1800 ξ.
798 1756 855 1790 81.
880 1769 913 1800 p.
941 1757 1008 1792 198
1033 1771 1106 1804 sqq.
1141 1756 1226 1795 Ouo
1249 1763 1292 1795 ad
1318 1763 1388 1796 Cic.
1414 1765 1457 1797 de

68 1820 170 1854 Finn.
197 1820 240 1861 Π,
265 1818 324 1859 28,
348 1816 405 1850 91.
428 1835 472 1843 -
497 1819 590 1851 Erat
615 1817 754 1851 Curtius
777 1818 873 1851 nulla
898 1819 995 1852 codd.
1021 1821 1233 1856 auctoritate
1257 1823 1455 1858 delevit.—

69 1881 158 1914 Sua
181 1881 257 1913 loca
281 1881 360 1912 sunt
382 1878 572 1920 commoda,
596 1879 641 1912 ab
666 1877 740 1921 ipso
764 1882 905 1921 propter
927 1881 1222 1923 opportunitatem
1239 1884 1281 1916 ad
1297 1895 1456 1929 pugnan-

67 1941 150 1975 dum
175 1940 228 1973 vel
245 1939 480 1972 *resistendum
504 1939 633 1979 electa3
669 1939 713 1971 cf.
739 1950 769 1971 c.
792 1939 892 1979 LXI,
917 1939 950 1974 1.
1010 1941 1131 1985 Neque
1157 1943 1365 1987 Iugurtham
1389 1945 1457 1978 nisi

67 2012 110 2034 ex
132 2000 267 2033 insidiis
289 2003 353 2032 aut
386 2010 464 2031 suo
499 2000 597 2032 loco
624 2009 783 2042 pugnarn
810 2001 947 2041 facere.
981 2012 1010 2034 e.
1036 2002 1167 2043 LXVI,
1201 2004 1232 2036 1.
1282 2004 1456 2049 Iugurtha

68 2061 276 2094 communire
298 2069 402 2093 suos
428 2059 527 2091 locos.
553 2058 629 2091 Liv.
647 2058 753 2099 XLII,
772 2058 829 2099 43,
845 2059 880 2092 3.
933 2060 1044 2101 Quum
1070 2062 1215 2097 Perseus
1237 2075 1254 2097 s
1268 2077 1319 2098 uo
1344 2067 1456 2099 maxi-

68 2132 122 2154 me
146 2125 298 2163 tempore
331 2123 364 2152 et
393 2119 555 2152 alieno
586 2118 736 2152 hostibus
769 2119 918 2163 incipere
950 2120 1075 2154 bellum
1106 2128 1234 2166 posset.
1266 2136 1302 2158 v.
1328 2126 1454 2159 Rame-

67 2180 183 2215 hornii
208 2181 368 2214 Gramm.
388 2178 467 2214 Lat.
491 2180 522 2220 ἓ.
548 2177 636 2219 158,
660 2179 694 2220 -1,
711 2179 745 2211 d.
770 2191 803 2222 p.
827 2179 906 2213 341.
934 2180 987 2213 ed.
1011 2181 1036 2214 1.
1064 2182 1209 2227 Grysar.
1232 2183 1307 2226 Αῄ.
1333 2185 1456 2219 Latine

67 2240 241 2274 scribendi
265 2251 299 2283 p.
324 2237 370 2273 63
396 2249 446 2282 sq.
471 2241 624 2273 annotat.
648 2238 681 2272 1.
728 2239 859 2283 Sponte
889 2239 1000 2285 igitur
1031 2247 1127 2286 patet
1160 2244 1295 2278 alienus
1317 2250 1455 2280 contra-
1504 2256 1507 2257 ⁷

68 2300 161 2334 rium
184 2299 398 2343 significare.

158 2361 192 2405 §.
216 2360 251 2394 9.
300 2371 341 2393 ex
364 2359 484 2403 copia]
520 2358 743 2402 Quamquam
776 2370 885 2403 paene
914 2371 1034 2395 omnes
1064 2363 1163 2398 codd.
1184 2365 1314 2399 habent
1333 2376 1375 2400 ex
1398 2366 1452 2399 in-

65 2422 165 2466 opia,
185 2425 303 2454 tamen
329 2431 369 2452 es
403 2419 522 2463 copia,
555 2419 645 2463 quod
671 2421 910 2455 tantummodo
935 2428 986 2456 est
1009 2423 1044 2456 in
1070 2424 1186 2458 Guelf.
1209 2425 1243 2460 4.
1270 2437 1293 2460 a
1316 2437 1364 2460 m.
1388 2438 1452 2470 pr,

65 2481 251 2515 accedente
283 2479 399 2513 Guelf.
424 2479 457 2512 2.
491 2491 534 2512 ez·
570 2480 606 2512 in
639 2481 756 2523 copia,
792 2492 871 2513 cnm
908 2482 1027 2517 Cortio
1059 2489 1093 2518 et
1117 2484 1306 2519 Gerlachio
1329 2497 1451 2519 verum

65 2545 235 2584 putamus.
284 2540 373 2573 Nam
398 2551 512 2582 quumv
542 2551 581 2573 ez·
615 2541 775 2584 inopia
808 2542 943 2575 nonnisi
968 2543 1011 2576 ad
1034 2544 1210 2579 notionem
1234 2547 1367 2590 consilii
1389 2558 1449 2580 re-

0 2605 3 2609 “
67 2599 150 2634 ferri
181 2600 304 2644 possit,
347 2600 464 2644 inepte
497 2599 682 2634 Sallustius
722 2600 851 2634 diceret
883 2603 1046 2645 optimum
1082 2605 1229 2639 electum
1260 2618 1355 2647 esse,
1389 2606 1451 2640 nbi

66 2659 168 2702 plane
190 2660 325 2694 nullum
350 2664 436 2694 erat.
486 2661 537 2694 Ex
570 2661 681 2694 altera
715 2665 814 2705 perte
845 2662 1006 2705 loquendi
1031 2675 1096 2698 usu
1120 2656 1204 2699 satis
1227 2666 1451 2700 confirmatur

67 2729 108 2752 ex
129 2721 238 2765 eopia.
286 2722 393 2765 Copia
417 2720 523 2764 enim,
550 2726 589 2756 ut
612 2721 749 2756 Cottius
772 2726 866 2756 recte
889 2723 1033 2766 monuit,
1059 2724 1093 2757 in
1118 2724 1186 2759 hac
1210 2725 1359 2759 dictione
1383 2737 1450 2759 non
