1630 3034
239 129 295 172 46
854 119 1007 168 ῐΝΒΕΧ

239 243 383 275 Invadere
397 242 430 272 in
445 250 509 273 rem
525 243 561 272 et
574 249 650 279 rw,
675 238 700 272 1.
720 238 775 280 32,
793 241 824 272 4.

239 299 382 331 Invadere
395 298 495 329 animo
515 296 645 337 aliquid,
670 294 695 328 Ι.
715 295 771 336 20,
791 295 823 328 6.

239 355 374 387 Invenire
391 352 516 396 aliquid
535 352 556 385 i.
573 361 604 394 q.
622 362 734 393 parare
749 351 806 384 vel
823 352 944 391 habere,
961 351 986 384 Ι.
1006 351 1060 384 70,
1079 351 1112 384 2.

240 411 367 443 Invictus
387 411 530 442 adversus
548 409 679 449 aliquid,
703 407 728 441 Ι.
748 407 804 448 43,
823 408 854 441 6.

239 467 364 499 Invictus
378 466 400 499 i.
420 476 449 508 q.
470 465 526 508 qui
542 465 632 498 vinci
650 464 776 507 nequit,
792 463 819 497 Ι.
838 462 893 504 76,
913 464 943 497 1.

239 523 374 555 Invidere
389 522 486 555 verbi
503 521 600 554 varia
617 525 799 561 structura,
825 519 861 553 C.
882 518 937 559 51,
956 519 1009 553 38.

240 579 356 611 Invidia
374 579 395 610 i.
416 588 446 621 q.
467 587 521 610 res
540 588 625 620 quae
643 577 802 610 invidiam
819 577 958 614 excitat,
984 576 1009 609 1.
1029 576 1084 610 33.
1105 576 1136 609 1.

241 635 273 666 In
289 636 405 667 invidia
422 644 497 674 esse,
522 633 547 666 Ι.
565 634 622 673 25,
641 634 671 666 5.

241 691 356 723 Invisus
371 695 406 722 et
422 691 529 722 invitus
547 689 698 728 confusa,
723 688 747 721 Ι.
768 687 823 729 73,
841 689 874 724 2.

241 747 351 779 Invitus
368 756 432 778 non
449 746 514 778 dici
529 750 638 789 potest
655 746 726 778 sine
743 746 858 786 verbo,
883 745 907 779 Ι.
928 745 983 785 73,
1002 746 1033 778 2.

246 804 315 835 loca
332 806 368 835 et
383 803 453 842 ioci,
478 802 503 835 Ι.
523 801 579 842 96,
597 802 630 836 2.

243 860 393 891 locandus
410 859 578 901 antiquior
596 857 711 897 forma,
738 856 763 890 Ι.
784 857 840 897 85,
858 857 912 890 41.

243 915 310 958 lpse
327 915 368 948 ad
386 924 571 958 personam,
590 924 675 957 quae
691 913 848 957 primaria
861 917 924 952 est,
942 913 1092 953 remittit,
1110 913 1135 945 1.
1155 913 1210 953 65,
1229 914 1260 946 3.

244 972 312 1015 lpse
329 971 518 1013 germanice
534 971 557 1003 i.
578 981 607 1013 q.
623 970 807 1012 personum,
828 968 863 1001 C
885 969 938 1002 59.
963 968 996 1002 6.
1045 968 1070 1001 Ι.
1091 969 1194 1008 52,1

244 1028 349 1069 lpsei.
369 1037 400 1070 q.
418 1037 473 1069 per
489 1037 532 1066 se,
553 1037 593 1058 αη
609 1027 684 1065 sich,
702 1025 727 1058 Ι.
749 1025 804 1063 66,
822 1026 854 1058 4.

244 1084 311 1125 Ipse
328 1093 400 1116 cum
416 1083 604 1126 pronomine
621 1081 789 1126 personali
807 1082 1016 1114 coniunctum
1031 1091 1093 1124 quo
1111 1092 1212 1114 sensu
1225 1083 1300 1126 poni
1318 1062 1450 1121 debeat,
1470 1081 1506 1116 C.
1520 1081 1576 1121 20,
1594 1082 1628 1115 6.

334 1138 361 1172 Ι.
382 1138 436 1179 14,
455 1139 487 1171 4.
537 1138 593 1177 41,
611 1137 642 1170 9.

245 1195 313 1237 Ipse
328 1204 454 1234 mecum,
472 1199 578 1235 tecum,
596 1204 706 1233 secum,
721 1194 868 1226 deterius
887 1203 982 1237 quam
1000 1204 1114 1227 mecum
1130 1197 1196 1237 ipse
1212 1199 1277 1228 etc.
1296 1192 1336 1228 C.
1357 1194 1412 1228 32.
1434 1195 1464 1227 1.
1523 1194 1578 1229 52.
1597 1193 1630 1227 3.

335 1250 361 1285 Ι.
382 1251 437 1290 62,
457 1250 488 1283 9.

246 1308 292 1340 Ire
321 1318 393 1341 cum
410 1308 527 1351 supino
546 1308 580 1339 in
596 1317 694 1339 —um
710 1308 932 1347 coniunctum,
960 1305 1000 1340 C.
1021 1307 1076 1347 36,
1096 1309 1126 1340 5.
1177 1307 1201 1340 Ι.
1223 1307 1278 1348 31,
1296 1306 1351 1340 27.
1401 1307 1458 1346 68,
1477 1308 1507 1341 1.

248 1364 292 1396 Ire
309 1368 344 1396 et
360 1364 429 1397 alia
447 1365 537 1396 eundi
555 1363 660 1396 verba
677 1373 753 1396 num
772 1365 875 1397 omitti
893 1365 1033 1407 possint,
1052 1363 1077 1397 Ι.
1097 1363 1174 1404 100,
1194 1364 1224 1397 1.

248 1420 416 1462 lrrmnpere
429 1430 500 1452 cum
515 1420 584 1452 solo
603 1421 797 1453 accusativo
815 1421 1038 1459 coniunctum,
1063 1419 1088 1452 Ι.
1109 1420 1163 1457 58,
1185 1421 1214 1454 1.

248 1476 288 1516 Is,
306 1487 339 1509 v.
360 1478 460 1509 etiam
477 1477 521 1509 Id.

250 1532 278 1563 Is
295 1533 389 1565 valet
405 1533 446 1565 ad
466 1533 651 1566 subiectum
669 1533 793 1566 maiore
810 1534 844 1566 vi
859 1533 1080 1572 efferendum,
1108 1530 1149 1566 C.
1182 1532 1238 1571 49,
1265 1533 1294 1565 3.
1347 1533 1400 1568 51,
1427 1533 1480 1567 33.
1532 1534 1556 1567 Ι.
1577 1533 1630 1574 63.

342 1588 374 1621 3.
418 1588 473 1628 85,
495 1588 548 1621 11.

252 1643 280 1675 Is
297 1653 369 1676 cum
385 1644 420 1676 vi
439 1649 473 1676 et
489 1641 575 1686 ἤθει
591 1645 724 1684 dictum,
743 1645 768 1678 Ι.
788 1645 843 1685 85,
862 1646 893 1679 3.

251 1699 277 1731 Is
293 1709 365 1731 cum
383 1700 502 1742 copula
519 1700 541 1732 i.
562 1710 592 1742 q.
613 1705 638 1731 et
657 1702 787 1741 quidem,
812 1701 835 1733 Ι.
853 1701 908 1740 89,
924 1702 953 1734 6.

251 1755 279 1787 Is
297 1755 517 1795 abundanter,
536 1766 734 1799 praegresso
748 1757 812 1789 iam
830 1758 970 1796 nomine,
990 1759 1131 1790 orationi
1146 1758 1299 1793 infertur.
1318 1756 1358 1791 C.
1379 1758 1434 1798 37,
1453 1759 1484 1792 4.

251 1811 280 1843 Is
298 1821 361 1843 non
379 1812 523 1855 ponitur,
542 1812 597 1844 ubi
617 1813 786 1854 genitivus
804 1813 892 1845 alter
910 1823 952 1846 ex
965 1823 1164 1857 praegresso
1181 1815 1310 1847 nomine
1327 1815 1459 1857 pendet,
1485 1814 1508 1847 Ι.
1529 1813 1585 1849 92,
1604 1815 1630 1847 4.

253 1868 279 1899 Is
296 1868 432 1910 antique
450 1879 507 1911 pro
524 1869 574 1908 iis,
599 1867 623 1900 I.
646 1866 700 1908 17,
717 1868 749 1902 2.
801 1868 878 1908 102,
897 1869 929 1903 2.

254 1924 352 1956 Isdem
369 1925 504 1966 antique
523 1935 580 1968 pro
599 1926 718 1964 iisdem,
753 1921 792 1957 C.
813 1924 870 1964 39,
889 1924 921 1958 6.
982 1925 1037 1963 42,
1062 1925 1090 1958 1.
1142 1926 1198 1964 49,
1219 1926 1249 1959 1.
1300 1926 1323 1959 Ι.
1346 1926 1400 1965 14,
1427 1925 1479 1959 11.
1529 1925 1586 1960 25.
1603 1926 1630 1958 2.

347 1980 465 2020 54,1·‚
492 1980 523 2013 9.
576 1980 632 2021 85,
654 1980 684 2014 1.

256 2037 297 2067 Ita
314 2037 380 2069 vim
397 2037 497 2069 habet
514 2037 693 2079 colligendi
712 2047 754 2070 ex
770 2038 991 2080 praegressis,
1022 2037 1057 2070 C.
1077 2037 1110 2073 7,
1137 2038 1167 2070 6.
1219 2038 1242 2071 Ι.
1260 2038 1315 2077 38,
1334 2039 1365 2072 2.

255 2092 298 2123 Ita
313 2093 472 2135 quomodo
490 2093 624 2126 differat
641 2104 658 2126 a
677 2098 749 2132 lum,
771 2091 810 2126 C.
833 2094 886 2133 14,
908 2094 936 2127 1.

254 2148 297 2179 Ila
313 2153 390 2180 ——ut
407 2149 581 2191 particulis
597 2151 754 2192 quomodo
769 2151 969 2193 comparatio
987 2151 1193 2185 instituatur.
1212 2150 1236 2183 Ι.
1252 2151 1307 2187 31,
1327 2151 1379 2184 14.
1428 2159 1433 2171 ““

256 2204 300 2235 Ita
320 2206 559 2244 enunciationi,
579 2216 642 2248 qua
657 2206 854 2249 explicetur,
874 2208 1101 2249 praemissum.
1126 2206 1150 2239 Ι.
1170 2207 1226 2240 85.
1247 2207 1299 2240 40.

257 2260 355 2291 Italici
374 2261 394 2293 ἰ.
417 2271 447 2303 q.
469 2262 586 2302 togati,
613 2262 637 2294 Ι.
657 2262 713 2297 21,
731 2262 763 2293 2.

256 2316 353 2348 Italici
370 2317 498 2359 quando
518 2318 568 2349 ins
586 2318 737 2359 suffragii
756 2318 944 2353 habuerint.
970 2319 993 2352 Ι.
1015 2320 1070 2354 40.
1088 2320 1118 2353 2.

258 2372 394 2413 ltaquei.
416 2383 445 2415 q.
467 2375 558 2407 etim.
587 2373 621 2405 C.
644 2374 697 2408 14,
726 2374 754 2406 1.
805 2374 829 2407 Ι.
848 2375 901 2410 51.
920 2376 951 2407 2.

259 2428 327 2460 Item
341 2430 563 2463 tantummodo
579 2431 758 2471 praedicata
776 2433 936 2466 annectit.
966 2429 1006 2465 C.
1042 2432 1098 2469 27,
1117 2433 1148 2464 2.
1200 2432 1254 2473 30,
1275 2433 1306 2467 7.
1357 2433 1412 2473 51,
1432 2432 1463 2467 7.
1514 2433 1568 2474 51,
1589 2434 1630 2467 36

260 2485 365 2516 lterum
383 2486 495 2517 verbis
514 2495 585 2518 cuin
603 2497 635 2517 re
653 2488 841 2530 compositis
860 2488 1069 2521 abundanter·
1086 2489 1246 2528 additum,
1273 2488 1313 2523 C.
1336 2490 1390 2529 18,
1408 2489 1439 2522 6.

260 2539 362 2570 ΙιιΙισψι·
379 2551 450 2573 cnm
471 2542 634 2574 infinitivo
652 2543 754 2575 activi
777 2549 1014 2579 constructum.
1034 2544 1057 2577 Ι.
1079 2545 1134 2584 46,
1154 2547 1185 2579 4.
1236 2544 1291 2585 47,
1309 2546 1341 2579 2.

260 2595 360 2625 lubere
377 2607 447 2629 cnm
468 2597 631 2631 infinitivo
649 2599 787 2641 perfecti
806 2601 932 2643 passivi
951 2601 1172 2640 coniunctum,
1199 2601 1222 2635 Ι.
1245 2601 1321 2639 106,
1340 2603 1371 2635 4.

258 2651 361 2681 luben·
379 2663 448 2684 cuin
469 2654 590 2693 duplic-i
611 2659 778 2686 stt-neum
801 2656 831 2686 in
851 2657 965 2688 endem
985 2658 1229 2692 enum-intimae.
1250 2658 1273 2690 Ι.
1297 2658 1328 2693 1.
1346 2658 1378 2691 2.
1429 2657 1483 2692 25.
1506 2658 1534 2690 1.
