1630 3034
393 153 748 200 IUGURTHA.
818 153 956 199 cAP.
987 154 1136 200 CVIII.
1363 160 1448 203 581

66 279 232 331 orator,
263 278 309 317 et
339 271 529 317 subdole
558 272 836 332 speculatum
865 272 1041 319 Bocchi
1073 274 1275 330 consilia3
1309 287 1446 336 prae-

64 376 188 415 terea
221 369 401 428 Dabar,
435 367 765 430 Massugradae
799 370 951 426 filius,>
973 348 1033 416 ex
1065 377 1202 432 gente
1236 371 1447 418 Masinis-

63 483 153 524 sae,
184 471 382 510 ceterum
415 471 618 511 materno
653 482 822 527 genere
856 466 1001 528 impar
1040 467 1165 527 (nam
1190 473 1322 529 pater
1351 469 1442 514 eius

62 579 117 609 ex
154 563 404 608 concubina
450 568 573 608 ortus
620 563 747 623 erat)
817 561 982 608 Mauro
1017 563 1078 609 ob
1120 565 1270 626 ingeni
1304 566 1442 611 multa

59 662 180 706 bona
215 675 341 704 carus
374 665 692 720 acceptusque.
729 660 879 716 Quem
908 661 1135 719 Bocchus,
1170 660 1312 706 fidum
1343 670 1476 710 esse2

56 757 274 802 Romanis
319 757 466 802 multis
511 763 614 804 ante
657 758 995 820 tempestatibus
1041 763 1277 826 expertus,
1320 758 1440 803 illico

52 925 207 962 ciderent
239 937 308 962 non
341 926 608 972 perspexissent.
662 926 733 962 Sed
764 927 870 973 louge
901 927 1053 964 deterior
1084 927 1235 964 aliorum
1265 926 1438 962 librorum

51 986 226 1031 scriptura
249 990 302 1022 est
325 993 566 1031 accesserant,
603 998 709 1032 quam
741 988 826 1023 olim
852 990 1037 1035 vulgatam
1060 989 1266 1024 recentiores
1288 987 1438 1023 editores

50 1051 238 1091 praeeunte
261 1048 382 1083 Cottio
408 1053 503 1084 recte
524 1049 760 1084 deseruerunt.
805 1050 969 1084 Accidere
994 1049 1098 1092 enim,
1121 1051 1213 1093 quod
1235 1050 1307 1085 iam
1330 1059 1438 1094 supra

50 1119 81 1142 c.
106 1108 333 1152 Lxxxvm,
358 1108 391 1143 5.
417 1122 497 1144 cum
519 1111 682 1145 accedere
705 1110 814 1144 verbo
842 1111 1026 1145 confusum
1058 1109 1228 1153 vidimus,
1255 1111 1299 1145 de
1331 1110 1436 1144 rebus

48 1168 190 1211 dicitur,
215 1181 315 1213 quae,
339 1182 450 1214 quum
476 1170 677 1213 adveniunt,
696 1171 903 1215 perturbant
927 1175 961 1205 et
984 1171 1019 1205 υἱ
1042 1182 1108 1205 sua
1130 1172 1231 1216 quasi
1253 1171 1434 1215 affligunt,

48 1241 138 1275 quae
170 1229 339 1265 sententia
371 1233 585 1275 quantopere
617 1231 732 1266 verbis
756 1231 798 1266 de
823 1232 1004 1276 improviso
1028 1231 1221 1274 adiuvetur,
1244 1229 1359 1274 quivis
1380 1229 1439 1264 fa·—

47 1291 116 1325 cile
139 1291 282 1326 videbit.
315 1311 359 1316 —
393 1292 578 1326 Intendere
602 1292 658 1325 vel
682 1303 762 1326 cum
786 1292 837 1326 ire
860 1292 988 1335 verbo,
1020 1292 1078 1325 vel
1101 1302 1180 1325 cum
1202 1290 1270 1325 iter
1293 1289 1433 1324 nomine

47 1351 271 1386 coniunctum
304 1352 362 1385 vel
393 1351 553 1386 absolute
584 1353 738 1396 positum
769 1353 813 1387 de
843 1353 981 1387 consilio
1016 1356 1051 1386 et
1081 1351 1267 1385 directione
1300 1349 1434 1384 itineris

46 1411 188 1457 proprIe
223 1412 370 1454 (licitum
401 1413 448 1447 cf·
483 1412 560 1449 Liv.
594 1413 723 1455 XXIX,
757 1412 815 1455 3⁰,
849 1412 884 1447 6.
931 1412 988 1446 Ad
1016 1411 1220 1456 Syphacem,
1253 1421 1336 1455 quo
1357 1410 1433 1455 pri-

17 1463 20 1464 ⁷
44 1485 137 1508 mum
161 1474 469 1508 intenderant
494 1473 603 1514 iter,
619 1472 866 1517 pervenerunt.
890 1472 1101 1516 xxxlsaa,
1124 1471 1159 1509 6.
1206 1472 1309 1506 Alam
1334 1471 1429 1515 equi-

43 1540 119 1571 tum
159 1534 207 1568 ad
249 1533 497 1578 explorandum
539 1545 727 1577 quonam
766 1534 921 1568 hostes
953 1533 1052 1569 iter
1094 1532 1430 1573 intendissent,

42 1596 150 1629 misit.
174 1594 247 1628 Cic.
272 1594 308 1628 in
326 1593 428 1628 Catil.
448 1595 476 1636 1,
503 1594 560 1638 12,
582 1593 640 1627 30.
665 1595 705 1628 Si
727 1594 804 1637 iste,
829 1605 911 1638 quo
935 1592 1158 1634 intendit,
1181 1592 1219 1626 in
1242 1591 1428 1625 Manliana

41 1661 160 1690 castra
179 1655 389 1699 pervenerit.
418 1654 531 1688 Conr.
567 1654 665 1688 Adde
688 1654 953 1688 Drakenborch.
978 1654 1022 1688 ad
1045 1651 1125 1689 Liv.
1149 1652 1196 1694 X,
1220 1651 1279 1694 43,
1301 1650 1358 1686 13.
1382 1651 1428 1686 ad

44 1717 139 1758 XXI,
163 1715 221 1757 29,
245 1715 280 1752 6.
302 1718 337 1750 et
362 1715 549 1750 Ruhnken.
572 1715 617 1752 ad
641 1714 725 1748 Ter.
749 1714 855 1749 Andr.
879 1715 923 1758 11,
948 1715 983 1757 2,
1006 1714 1042 1751 6.

133 1775 253 1810 CVIII.
293 1778 326 1818 ς.
350 1775 384 1809 1.
429 1776 576 1810 multum
607 1780 642 1810 et
676 1775 920 1818 familiariter]
968 1774 1020 1808 De
1051 1772 1169 1817 priore
1195 1784 1282 1808 voce
1303 1784 1338 1806 v.
1361 1781 1425 1806 anae

40 1839 162 1873 notata
185 1836 229 1870 ad
253 1847 282 1870 c.
312 1836 342 1878 1,
365 1835 400 1871 5.
424 1848 458 1881 p.
481 1836 526 1878 ῖς
557 1836 601 1870 de
633 1836 761 1880 copula
784 1836 830 1869 ct'.
855 1845 945 1878 qnae
969 1834 1120 1868 diximus
1143 1833 1189 1867 ad
1212 1845 1242 1867 c.
1267 1832 1341 1874 cn,
1365 1832 1423 1866 10.

40 1900 230 1943 Postquam
270 1908 352 1930 cum
389 1897 734 1941 plusquamperfecto
773 1894 996 1930 coniunctum
1031 1892 1281 1938 explicavimus
1313 1892 1357 1927 ad
1392 1904 1422 1927 c.

39 1960 101 2003 XI,
125 1959 160 1993 2.
184 1970 219 2003 p.
240 1957 299 1992 57.
322 1976 368 1982 —
393 1957 519 1991 Orator
541 1955 566 1990 i.
590 1967 621 1989 e.
653 1956 810 2000 legatus,
843 1955 885 1988 de
914 1966 985 1999 qua
1015 1957 1186 1999 potestate
1216 1952 1353 1998 egimus
1375 1952 1420 1986 ad

40 2033 72 2055 c.
104 2019 240 2060 XXIV,
268 2017 304 2051 2.
337 2029 374 2061 p.
409 2016 490 2051 142.
545 2016 707 2049 Ceterum
739 2014 873 2058 pariter
909 2027 990 2049 cum
1020 2015 1089 2049 hac
1121 2024 1208 2047 voce
1236 2025 1279 2047 ex
1311 2013 1420 2047 verbo

36 2080 247 2126 praemissus
270 2078 394 2122 pendet
417 2078 630 2121 speculatum
654 2075 795 2111 variata
816 2076 1000 2117 structura,
1025 2076 1068 2109 de
1091 2085 1161 2118 qua
1184 2085 1222 2107 re
1245 2072 1318 2107 iam
1340 2084 1423 2107 sae-s

33 2141 116 2185 pius
147 2139 319 2182 diximus,
356 2138 454 2171 velut
485 2137 530 2172 ad
561 2148 591 2172 c.
620 2137 649 2179 1,
683 2137 718 2179 2,
750 2147 784 2179 p.
815 2136 850 2170 3.
876 2153 921 2162 —
954 2135 1067 2177 Nam,
1101 2134 1192 2178 quod
1220 2133 1302 2170 Seu.
1324 2133 1359 2167 2.
1383 2135 1418 2167 et

37 2203 176 2243 Heuss„
199 2200 300 2234 codd.
323 2198 473 2243 exiguae
495 2196 598 2239 fidei,
621 2208 690 2231 non
718 2197 859 2240 habent,
884 2195 1020 2230 Cottius
1043 2199 1173 2232 temere
1198 2193 1327 2235 omisit,
1348 2202 1417 2229 non

37 2247 237 2297 recordatus
259 2260 381 2294 tritum
405 2270 478 2292 esse
500 2257 607 2293 huius
629 2257 822 2306 particulae
847 2268 949 2290 usum
971 2256 1006 2291 in
1031 2254 1240 2299 parenthesi,
1262 2265 1331 2299 qua
1353 2264 1415 2288 an-

37 2323 193 2358 tecedens
216 2321 346 2356 dictum
371 2319 584 2363 explicatur,
620 2318 820 2358 inferenda3
855 2317 899 2350 cf.
931 2328 960 2350 c.
985 2316 1119 2358 Lxssl,
1149 2316 1184 2350 6.
1209 2316 1411 2360 et'Grysar.

35 2385 111 2419 Art.
135 2383 257 2418 Latine
282 2380 454 2416 scribendi
484 2391 519 2424 p.
546 2377 626 2416 544.
650 2399 696 2405 —-
719 2379 774 2415 De
797 2377 913 2416 verbis
936 2388 1038 2416 carus
1061 2382 1287 2426 acceptusque
1308 2387 1343 2415 v.
1365 2376 1412 2414 ad

36 2458 65 2479 c.
90 2445 200 2486 Lxx,
222 2443 257 2477 2.

127 2507 161 2548 ς.
185 2504 218 2538 2.
256 2503 371 2547 fidum
395 2514 467 2538 esse
491 2502 676 2546 Romanis]
724 2500 914 2545 Romanis,
946 2500 1039 2545 quod
1067 2500 1103 2535 iu
1127 2510 1198 2534 uno
1221 2494 1297 2536 cod.
1322 2498 1409 2534 Gla-

35 2566 132 2602 reani
154 2577 195 2600 ac
218 2565 296 2600 Vat.
320 2564 354 2600 5.
386 2564 503 2606 deest,
531 2564 635 2608 Bipp.
659 2563 872 2604 omiserunt,
898 2562 1000 2597 valde
1022 2561 1248 2607 probantibus
1271 2559 1407 2605 Langio

34 2638 78 2662 uc
104 2627 294 2668 Muellmo,
325 2625 408 2669 quia
438 2625 594 2668 ineptum
618 2624 682 2666 sit,
707 2624 1089 2668 Dabaremlpropterea
1111 2633 1133 2657 a
1155 2621 1297 2656 Boccho
1318 2631 1406 2654 nun-

35 2686 127 2721 cium
150 2687 297 2720 electum
321 2698 407 2727 esse,
431 2686 523 2729 quod
548 2685 712 2718 Romanis
738 2684 826 2718 fidus
847 2683 976 2725 fuerit,
999 2683 1124 2727 quibus
1146 2683 1307 2717 Bocchus
1329 2680 1406 2724 ipso

29 2751 122 2781 esset
152 2747 285 2782 infidus.
343 2747 462 2791 Quare
492 2746 605 2782 deleto
637 2746 706 2782 hoc
737 2744 909 2781 vocabulo
942 2744 986 2779 ad
1007 2744 1124 2789 fidum
1157 2754 1227 2779 esse
1256 2738 1405 2784 intelligi
