1630 3034
111 177 197 254 11111
486 203 533 246 c,
565 199 887 245 SALLUSTI
917 200 1134 244 calsrl

116 326 177 372 ad
214 330 393 383 tempus
437 334 528 364 non
573 319 693 364 venit
714 352 727 376 ,
775 323 1009 376 metusque
1059 332 1156 361 rem
1201 317 1497 378 impediebat,

117 420 372 476 Bomilcar,
427 416 558 461 simul
588 415 798 476 cupidus
840 415 1023 474 incepta
1071 414 1308 474 patrandi,
1364 420 1408 458 et
1442 415 1501 458 ti-

120 533 247 563 more
299 515 394 561 soci
435 514 587 559 anxius
608 545 622 569 ,
679 527 738 557 ne
782 511 944 555 omisso
996 516 1148 555 vetere
1193 511 1376 555 consilio
1422 525 1506 554 no·-

123 630 234 659 vum
276 617 538 672 quaereret,
585 610 752 654 litteras
795 608 854 652 ad
893 623 996 652 eum
1035 623 1119 668 per
1159 606 1360 652 homines
1394 607 1509 652 fide-

125 712 178 756 lis
213 710 368 767 mittit,
403 709 449 752 in
486 707 582 766 quis
618 706 850 751 mollitiem
885 705 1228 763 socordiamque
1263 705 1345 748 viri
1378 705 1513 748 accu-

132 850 227 885 enim
250 849 325 884 vim
348 848 480 883 habent
502 845 705 880 interiectae
735 843 988 879 enunciationis
1018 844 1191 889 quippe
1222 848 1334 878 metus
1356 855 1430 877 rem
1454 844 1517 878 im-

127 910 304 956 pediebat.
352 909 405 942 De
428 908 489 942 tali
513 911 713 951 temporum
736 905 951 947 mutatione,
987 917 1056 940 non
1080 907 1124 941 ab
1154 904 1332 950 elegantia
1355 905 1520 948 quadam,

128 971 191 1005 sed
221 971 267 1005 ab
299 973 464 1004 accurata
495 968 673 1014 cogitandi
707 966 914 1009 dicendique
944 967 1080 1001 ratione
1102 966 1307 1010 repetenda,
1340 964 1407 998 nisi
1429 965 1523 998 hanc

130 1033 246 1077 ipsam
278 1030 493 1076 elegantiam
525 1040 652 1063 vocare
684 1028 795 1069 velis,
836 1027 1008 1071 quaedam
1041 1027 1192 1060 diximus
1214 1027 1258 1061 ad
1290 1025 1394 1060 Catil.
1418 1027 1463 1067 X,
1488 1025 1521 1059 1.

131 1105 166 1137 p.
194 1092 252 1127 51.
302 1092 376 1135 Que
402 1084 603 1136 ‘particulae
641 1091 714 1124 vim
745 1089 994 1133 explicativam
1028 1088 1211 1133 tetigimus
1234 1087 1278 1121 ad
1300 1097 1330 1120 c.
1354 1087 1400 1127 11,
1420 1086 1455 1119 3.
1478 1104 1525 1112 —

134 1154 306 1188 Simul-
326 1157 360 1187 et
384 1163 449 1197 pro
474 1157 507 1186 et
524 1171 570 1176 —
600 1155 634 1186 et
658 1150 811 1195 positum
845 1161 920 1183 esse
952 1149 1125 1183 monitum
1158 1148 1230 1182 iam
1264 1147 1309 1181 ad
1332 1159 1362 1181 c.
1388 1147 1527 1189 XLVII,

134 1215 168 1249 2.
189 1233 232 1239 —-
257 1214 328 1248 Pro
352 1214 498 1258 cupidus
520 1213 555 1246 in
579 1212 700 1246 multis
717 1211 816 1245 codd.
841 1211 974 1255 legitur
998 1210 1228 1254 cupidinibus,
1253 1219 1343 1252 quae
1365 1208 1530 1252 perversa

137 1274 312 1318 scriptura
335 1275 391 1307 vel
413 1285 456 1308 ex
479 1284 596 1307 errore
623 1272 743 1314 fluxit,
776 1271 891 1305 scriba
915 1271 1034 1314 aliquo
1058 1271 1203 1315 cupidus
1233 1280 1298 1314 pro
1322 1268 1530 1313 compendio

137 1335 311 1370 scribendi
336 1337 503 1379 putante,
526 1335 586 1368 vel
608 1333 873 1378 interpolationi
896 1333 1060 1374 debetur,
1095 1342 1137 1365 eo
1161 1330 1308 1364 consilio
1332 1330 1466 1372 factae,
1493 1332 1533 1364 ut

138 1397 211 1430 hoc
234 1395 448 1430 vocabulum
472 1395 698 1438 responderet
721 1393 880 1437 sequenti
913 1394 1046 1428 timore.
1093 1393 1258 1426 Ceterum
1282 1391 1384 1425 timor
1408 1391 1533 1425 socii

141 1469 209 1492 non
233 1461 284 1492 est
307 1458 410 1492 timor
434 1456 487 1490 de
518 1456 659 1498 socio,
683 1455 743 1489 sed
767 1456 893 1496 timor,
923 1466 988 1499 quo
1012 1453 1123 1488 socius
1147 1452 1410 1498 exagitabatur,
1433 1450 1534 1496 geni-

143 1517 216 1552 tivo
241 1517 390 1552 subiecti
415 1519 583 1560 potestate
607 1516 732 1560 posito.
779 1517 971 1550 Praeterea
994 1515 1054 1549 hic
1077 1515 1175 1548 locus
1192 1517 1329 1547 tantum
1352 1512 1472 1554 abest,
1495 1514 1537 1547 ut

144 1578 351 1620 discrimen,
391 1577 483 1621 quod
516 1577 748 1611 Doederlinus
777 1576 813 1611 in
836 1577 1031 1622 Synonym.
1055 1576 1132 1609 Lat.
1159 1574 1234 1608 Vol.
1256 1573 1300 1606 11.
1333 1583 1366 1616 p.
1391 1572 1460 1606 191
1478 1559 1534 1616 sq.

145 1642 248 1674 acute
278 1638 400 1673 docuit
430 1636 521 1671 inter
553 1638 712 1671 timorem
742 1641 777 1672 et
807 1643 935 1672 metum
958 1638 1144 1677 interesse,
1177 1635 1299 1677 tollat,
1329 1637 1368 1667 ut
1392 1633 1538 1678 egregie

145 1699 339 1734 confirmet.
386 1699 478 1734 Nam
512 1710 622 1742 quum
653 1703 766 1733 metus
797 1698 872 1732 eius
901 1698 967 1740 sit,
1000 1696 1061 1741 qui
1092 1700 1216 1730 cautus
1239 1706 1281 1729 ac
1305 1694 1473 1738 providus
1495 1695 1539 1729 da

145 1761 265 1795 futuro
289 1760 385 1794 malo
409 1758 560 1804 cogitet,
593 1764 627 1794 et
659 1760 752 1803 quod
784 1759 852 1803 ipsi
876 1759 1046 1793 damnum
1068 1756 1190 1790 afferri
1217 1755 1326 1799 possit
1349 1755 1540 1799 perpendat

149 1825 254 1865 atque
285 1821 501 1863 consideret,
534 1821 640 1856 timor
670 1832 754 1855 vero
789 1820 886 1861 eius,
920 1818 982 1863 qui
1015 1817 1161 1863 ignavia
1192 1822 1226 1851 et
1251 1816 1438 1850 formidine
1461 1828 1539 1851 cor-

148 1888 272 1926 reptus
295 1882 388 1916 malo
413 1881 556 1916 obviam
586 1883 638 1916 ire
661 1893 732 1916 nou
763 1881 911 1923 audeat,
943 1879 1131 1914 Sallustius
1153 1877 1353 1912 Nabdalsae
1376 1876 1443 1920 ipsi
1467 1889 1540 1912 me-

149 1947 224 1977 tum
255 1941 363 1976 fuisse
387 1942 492 1986 dicit,
526 1943 653 1987 quippe
685 1941 746 1987 qui
770 1944 947 1985 reputaret
980 1951 1087 1984 quam
1113 1938 1345 1983 perniciosum
1369 1937 1435 1972 sibi
1458 1949 1541 1973 con-

150 2003 268 2038 silium
302 2003 510 2038 insidiarum
541 2004 733 2050 Iugurthae
769 2002 1015 2036 struendarum
1047 2001 1196 2034 evadere
1235 2002 1373 2044 posset,
1414 1999 1542 2043 quique

150 2064 221 2098 liae
246 2065 460 2109 cogitatione
483 2065 528 2099 ad
544 2076 620 2099 rem
645 2063 872 2099 omittendam
891 2067 1163 2106 permoveretur.
1209 2059 1392 2096 Bomilcar
1413 2063 1544 2103 autem,

151 2127 226 2160 tam
250 2124 416 2168 providae
439 2137 545 2161 curae
570 2126 706 2161 nescius
730 2127 765 2158 et
786 2124 891 2158 simu'l
916 2122 1119 2169 indignatus
1141 2123 1185 2156 de
1206 2121 1295 2157 socii
1317 2122 1548 2166 cunctatione,

154 2185 302 2220 eandem
325 2197 401 2219 rem
427 2187 471 2221 ad
496 2188 651 2222 timorem
674 2186 802 2227 refert,
826 2184 886 2229 qui
910 2184 1055 2229 ignavia
1078 2187 1213 2218 constat
1243 2187 1278 2218 et
1300 2182 1457 2218 animum
1482 2183 1545 2218 im-

155 2246 285 2280 bellem
321 2251 356 2281 et
391 2248 495 2282 valde
531 2249 719 2282 demissum
753 2246 885 2290 prodit3
922 2247 966 2280 ad
1000 2257 1109 2289 quam
1144 2244 1239 2279 vocis
1262 2244 1334 2278 vim
1360 2245 1547 2289 praecipue

155 2307 323 2350 pertinet,
355 2308 447 2351 quod
480 2309 540 2342 ille
574 2309 609 2342 in
642 2307 770 2343 litteris
793 2308 837 2341 ad
864 2307 1079 2342 Nabdalsam
1108 2305 1198 2339 datis
1232 2306 1478 2342 mollitiem
1504 2311 1546 2342 et

157 2369 416 2402 socordiam
440 2370 509 2403 υἰνί
531 2375 683 2404 accusat.
731 2370 850 2413 Quare
875 2369 978 2403 timor
1000 2378 1139 2411 semper
1165 2366 1297 2409 aliquid
1322 2366 1548 2412 ignominiosi

158 2427 287 2472 habet,
313 2435 424 2464 metas
447 2430 621 2464 interdum
646 2431 733 2464 adeo
757 2430 960 2474 prudentiae
984 2432 1062 2470 est3
1098 2428 1260 2470 timidus,
1294 2428 1351 2462 cui
1375 2428 1476 2463 fortis
1497 2432 1549 2462 est

160 2489 358 2532 oppositus,
382 2501 521 2535 semper
544 2491 810 2535 vituperandus,
834 2496 1008 2531 metuens,
1033 2492 1136 2522 cauto
1160 2492 1352 2533 cognatus,
1375 2489 1549 2523 interdum

161 2550 376 2592 laudandus3
411 2552 602 2596 eademque
636 2551 743 2586 etium
777 2552 964 2586 verborum
988 2551 1109 2585 timere
1141 2554 1176 2584 ct
1198 2556 1350 2585 metuere
1374 2550 1463 2584 ratio
1487 2554 1550 2586 est.

161 2610 210 2645 cf.
236 2611 312 2645 Cat.
339 2613 467 2652 xxxi,
490 2613 524 2647 2.
548 2614 582 2650 3.
616 2613 678 2647 ubi
702 2618 813 2647 metus
836 2613 882 2647 ad
907 2613 1000 2646 viros
1024 2611 1190 2655 pertinet,
1223 2610 1436 2654 reipublicae
1458 2610 1549 2653 peri-

163 2672 243 2705 cula
274 2671 374 2706 varie
406 2674 658 2716 coniectantes,
692 2674 796 2708 timor
827 2674 872 2707 ad
906 2672 1070 2706 mulieres
1102 2676 1265 2716 paventes
1289 2675 1324 2705 et
1346 2678 1489 2715 prorsus
1511 2672 1553 2705 de

162 2732 276 2766 salute
302 2733 534 2776 desperantes.
561 2736 646 2770 ibid.
671 2734 778 2775 xm,
800 2733 835 2767 2.
885 2734 1118 2776 chtimndo,
1142 2732 1316 2778 agitando
1338 2733 1454 2765 omnia
1475 2733 1554 2776 plus

166 2793 349 2828 timoris
376 2805 480 2838 quam
517 2795 661 2838 periculi
697 2796 903 2838 effecerant,
935 2806 1006 2839 quo
1031 2794 1135 2829 nimis
1157 2794 1280 2829 anxius
1303 2792 1443 2828 unimus
1465 2804 1551 2837 pru—
