1630 3034
478 160 841 205 IUGURTHA.
901 160 1027 205 CAP.
1058 160 1163 203 XX.
1444 163 1528 205 129

144 277 254 324 fore.
326 277 388 322 At
421 277 523 334 ille,
569 277 695 335 quod
729 292 876 335 neque
912 293 959 321 se
994 292 1151 336 parem
1187 276 1319 320 armis
1361 277 1562 323 exista-5

142 375 319 428 mahat,
357 380 401 417 et
435 373 625 417 amicitia
659 374 819 433 populi
855 374 1048 416 Romani
1084 373 1226 432 magis
1257 387 1390 430 quam
1426 374 1526 416 Nu-

143 470 271 515 midis
297 471 438 514 fretus
475 475 591 524 erat,
625 470 798 529 legatos
846 469 906 513 ad
948 470 1213 529 Iugurtham
1260 468 1317 512 (le
1360 469 1524 512 iniuriis

144 572 351 625 questum
382 566 523 619 misit3
556 565 639 623 qui‘
664 567 838 609 tametsi
868 567 1188 609 contumeliosa
1221 565 1337 608 dicta
1361 565 1530 608 retule-

141 669 256 718 rant,
293 663 416 722 prius
448 668 598 705 tamen
628 663 777 705 omnia
811 662 905 721 pati
941 662 1153 718 decrevit,
1190 675 1325 719 quam
1361 660 1529 704 bellum

142 774 339 814 sumere,
370 759 473 816 quia
502 764 717 802 tentatum
754 765 882 801 antea
917 774 1042 802 secus
1088 767 1290 807 cerserat.
1362 762 1559 819 Neque6

141 869 197 900 eo
232 855 375 915 magis
413 847 579 915 cupido
614 854 858 915 Iugurthae
894 855 1197 910 minuebatur3
1247 858 1416 917 quippe
1451 857 1528 916 qui

139 1047 272 1090 sciunt,
301 1047 525 1091 participium
555 1047 628 1081 vim
661 1047 912 1082 enunciationis
941 1048 1106 1083 caussalis
1140 1048 1290 1091 habere3
1324 1052 1360 1083 at
1383 1060 1449 1082 non
1474 1047 1528 1082 in-

140 1108 344 1141 tellexerunt
367 1114 401 1141 et
425 1108 515 1142 istud
539 1108 664 1142 referri
688 1109 732 1141 ad
757 1119 1000 1152 praegressum
1027 1121 1136 1152 neque
1161 1110 1221 1151 (de
1245 1121 1312 1152 quo
1337 1121 1368 1142 v.
1388 1110 1431 1142 nd
1448 1110 1526 1153 lug.

139 1167 175 1207 l,
200 1166 275 1210 5.)‚
306 1178 395 1209 quae
428 1169 622 1212 particulae
656 1179 776 1211 parem
802 1168 931 1210 ubique
955 1169 1243 1203 constructionem
1270 1175 1436 1212 poscunt,·
1459 1166 1528 1202 non

139 1232 387 1270 perspexerunt
410 1233 552 1271 propter
576 1227 611 1260 id
634 1227 748 1271 ipsum
773 1240 813 1261 ex
837 1229 927 1272 qnod
951 1229 1120 1271 particula
1145 1231 1377 1263 existumabat
1400 1235 1433 1263 et
1449 1232 1528 1272 sre-

140 1292 197 1321 tus
222 1292 324 1320 erut
348 1293 468 1330 aptum
493 1300 565 1320 esse
590 1287 736 1328 debcrc;
762 1289 909 1330 denique
934 1289 1014 1331 quid
1041 1289 1076 1321 in
1101 1289 1224 1323 Latina
1258 1290 1379 1334 lingua
1411 1290 1529 1330 „inso-

139 1348 331 1381 lentissimr
351 1351 399 1380 n“
424 1349 486 1391 sit,
513 1348 595 1391 quid
618 1360 685 1390 „ex
710 1360 808 1381 more
832 1349 1041 1390 Sallustii,“
1063 1361 1203 1392 prorsus
1220 1361 1278 1382 eos
1303 1351 1398 1384 latet.
1432 1351 1528 1391 Qua-

139 1419 179 1442 re
202 1409 328 1442 melius
351 1408 491 1449 fuisset,
518 1409 545 1442 si
570 1410 676 1442 etiam
702 1409 813 1449 illud,
840 1410 932 1451 quod
957 1410 1216 1451 intellexerunt,
1243 1421 1310 1442 nou
1335 1409 1528 1443 intellexis-

139 1474 224 1504 sent.
259 1471 304 1493 “-
338 1469 474 1502 Bellum
508 1481 686 1502 sumere
717 1469 821 1502 dictio
853 1470 943 1513 apud
978 1481 1093 1501 rernm
1126 1475 1307 1513 gesturum
1341 1469 1528 1513 scriptores

138 1530 233 1564 haud
273 1529 480 1572 infrequens.
547 1530 643 1562 Infra
676 1541 704 1561 c.
741 1529 855 1570 Lxu,
887 1530 920 1563 9.
962 1530 1004 1562 de
1048 1531 1184 1574 integro
1219 1531 1342 1564 bellum
1376 1531 1527 1563 sumit.

140 1591 341 1632 LXXXIII,
373 1591 405 1623 1.
438 1600 535 1622 omne
573 1590 697 1622 bellum
729 1590 843 1622 anmi
869 1591 990 1632 facile.
1024 1590 1098 1623 Liv.
1125 1591 1162 1631 I,
1187 1591 1252 1631 42,
1278 1590 1300 1623 2
1337 1590 1529 1634 XXXVIII,

139 1650 207 1693 19,
229 1651 262 1684 3.
289 1650 402 1684 Tacit.
428 1650 513 1683 Ann.
538 1650 590 1690 11,
617 1649 676 1691 45,
704 1650 736 1684 1.
762 1651 864 1691 XIII,
890 1650 956 1690 34,
980 1650 1013 1683 2.
1040 1651 1124 1692 XV,
1149 1650 1193 1693 5,
1216 1651 1249 1684 2.
1275 1651 1360 1684 ibid.
1383 1663 1411 1684 c.
1431 1651 1474 1692 7,
1495 1651 1527 1685 1.

138 1710 258 1756 Agric.
298 1723 327 1744 c.
363 1711 427 1753 16,
462 1711 509 1744 in.
544 1711 604 1743 ubi
636 1721 668 1743 v.
704 1711 843 1744 Walch.
877 1711 936 1753 qui
970 1711 1145 1744 Graecum
1170 1710 1334 1754 πόλεμον
1361 1709 1530 1755 ἅρασθαι

141 1783 342 1816 expressum
377 1776 501 1805 censet.
559 1770 767 1803 Gerlachius
801 1782 884 1803 vero
910 1772 952 1804 ad
976 1772 1014 1804 h.
1038 1772 1062 1805 l.
1087 1772 1297 1806 locutionem
1335 1773 1528 1815 profectam

138 1838 238 1876 putat
268 1843 290 1865 a
322 1836 472 1876 cognata
509 1842 641 1865 sumere
667 1843 777 1864 arma.
814 1831 998 1865 -Ncutrnm
1024 1833 1208 1875 probabile
1234 1833 1392 1873 videtum
1418 1832 1531 1866 Latini

139 1894 235 1927 enim
266 1905 330 1926 usu
365 1891 526 1936 proprio,
561 1903 627 1925 non
662 1892 816 1933 Graeco,
854 1892 1034 1935 multoque
1068 1893 1172 1926 latius
1204 1899 1366 1937 patente,
1399 1905 1531 1926 sumere

139 1954 190 1988 ita
212 1953 444 1996 usurpabant,
469 1956 506 1986 ut
529 1953 659 1985 valeret
682 1953 815 1996 aliquid
839 1953 1010 1996 aggredi,
1036 1954 1184 1996 incipere
1200 1979 1210 1994 ,
1234 1955 1292 1987 vel
1319 1955 1459 1987 omnino
1482 1954 1532 1993 id,

139 2026 164 2047 α
198 2026 262 2058 quo
297 2014 371 2056 quis
405 2018 511 2045 antea
541 2013 674 2045 aiienus
711 2018 810 2051 erat,
843 2012 1006 2054 amplecti
1029 2025 1070 2046 ac
1094 2014 1211 2057 sequi,
1237 2025 1326 2057 quae
1351 2019 1401 2047 est
1424 2013 1531 2048 etiam

140 2073 314 2107 Schelleri
341 2072 375 2105 in
399 2074 488 2107 Lex.
509 2072 617 2114 ampl.
644 2083 676 2115 p.
701 2071 826 2105 10878.
852 2072 893 2104 de
916 2072 984 2104 hoc
1009 2072 1116 2105 verbo
1139 2073 1318 2106 sententia.
1342 2074 1388 2107 cf.
1423 2074 1531 2107 etiam

142 2133 326 2176 Kreysssig.
352 2134 582 2165 Commentat.
608 2131 652 2164 ll.
677 2131 720 2163 de
743 2130 832 2166 Sall.
849 2130 1000 2164 Historr.
1028 2131 1102 2165 Lib.
1125 2133 1184 2164 ΙΙΙ.
1203 2133 1384 2176 Ρτθςιιιῐη
1413 2145 1446 2176 p.
1470 2133 1528 2168 28.

141 2198 176 2227 et
200 2191 418 2226 Boetticheri
445 2192 525 2224 Lex.
551 2191 664 2224 Tacit.
689 2190 724 2223 in
754 2191 794 2225 h.
818 2202 851 2224 v.
878 2202 912 2233 p.
936 2190 1017 2224 447.
1042 2191 1101 2234 qui
1135 2193 1288 2235 plurima
1312 2194 1467 2228 contulit.
1489 2213 1527 2219 --

140 2254 252 2286 Usum
277 2263 370 2285 secus
395 2251 581 2292 vocabuli,
606 2251 648 2284 de
677 2250 774 2284 cuius
799 2249 940 2293 propria
964 2250 999 2284 vi
1021 2251 1067 2283 cf.
1091 2256 1208 2285 notata
1233 2253 1276 2286 ad
1301 2265 1331 2288 c.
1356 2254 1476 2294 XCII,
1497 2252 1530 2288 4.

141 2312 351 2347 Gerlachius
378 2311 474 2345 haud
505 2312 598 2344 male
629 2311 673 2344 ad
702 2309 936 2352 euphemismi
966 2311 1138 2354 quoddam
1160 2323 1270 2357 genus
1295 2313 1422 2353 refert,
1447 2325 1531 2346 con-

137 2372 255 2407 simile
284 2372 327 2414 ci,
353 2372 445 2415 quod
468 2371 583 2416 tetigit
602 2372 692 2415 Aug.
715 2370 884 2405 Matthias
905 2371 949 2404 ad
969 2371 1040 2404 Cic.
1066 2384 1096 2415 p.
1121 2372 1179 2417 leg
1212 2373 1310 2407 Man.
1332 2385 1362 2406 c.
1382 2372 1448 2417 20,
1473 2373 1535 2408 59.

140 2433 187 2467 cf.
217 2432 309 2466 infra
334 2444 366 2466 c.
396 2433 514 2472 XXV,
551 2432 606 2466 10.
639 2432 757 2475 LXII,
792 2432 824 2464 1.
850 2436 884 2465 et
914 2443 947 2466 v,
971 2431 1127 2464 Gronov.
1147 2437 1181 2466 et
1198 2433 1461 2467 Drakenborch.
1488 2433 1534 2467 ad

139 2493 216 2528 Liv.
238 2494 319 2534 vn,
344 2493 385 2533 6,
411 2491 445 2525 8.
491 2491 686 2535 Praecipue
702 2497 819 2526 autem
840 2492 982 2526 consule
999 2491 1121 2525 utilem
1148 2498 1268 2526 notam
1285 2493 1466 2527 Kuehneri
1488 2493 1533 2528 ad

139 2554 214 2588 Cic.
239 2554 368 2587 Tusce.
386 2554 421 2594 1,
446 2551 511 2593 423,
537 2552 616 2586 104.

232 2617 263 2657 ς.
283 2614 306 2647 6
335 2634 376 2638 -
407 2612 441 2646 8.
491 2613 611 2657 Neque
639 2625 676 2646 eo
703 2613 835 2658 magis]
868 2612 1027 2653 Coi-tius,
1053 2611 1198 2646 dubium
1220 2625 1261 2648 ex
1301 2614 1464 2660 ingenio,
1493 2625 1538 2648 an

140 2684 248 2715 casu,
282 2673 389 2706 edidit
425 2685 534 2717 neque
572 2680 721 2707 tamen
761 2687 797 2707 eo
824 2675 956 2718 magis,
990 2673 1081 2715 quod
1114 2684 1174 2716 per
1199 2685 1236 2706 se
1267 2675 1350 2709 satie
1377 2685 1537 2708 commo-

140 2733 224 2767 dum
243 2739 294 2769 est
311 2734 362 2777 (v.
381 2734 425 2766 ad
448 2734 549 2767 Catil.
570 2747 599 2766 «τ.
622 2734 733 2776 1211,
761 2734 834 2778 4,),
861 2735 917 2766 :cd
937 2745 977 2766 nc
997 2733 1032 2766 in
1051 2743 1119 2765 nno
1138 2732 1277 2776 quidem
1300 2734 1377 2769 cod.
1394 2734 1535 2779 legitur.

210 2806 264 2849 11.
1222 2805 1253 2848 9
