1630 3034
392 211 746 257 CATILINA.
803 210 941 253 cAP.
971 210 1061 252 Lx.
1089 209 1194 251 LXI.
1406 213 1491 254 323

94 333 302 377 relictum
343 330 466 374 videt
501 330 710 383 Catilina,
748 343 923 372 memor
957 328 1134 388 generis
1169 333 1303 386 atque
1339 327 1487 386 pristi-

95 441 182 469 nae
218 423 472 484 dignitatiS,
508 422 552 465 iu
588 421 954 466 confertissumos
991 419 1134 464 hostis
1167 419 1364 475 incurrit,
1399 419 1489 463 ibi-

96 533 186 575 que
221 529 428 575 pugnans
464 513 734 558 confoditur.

235 606 356 650 Lxl,
426 604 522 648 Sed
567 605 780 649 confecto
817 602 1022 663 proelio,
1056 609 1152 646 tum
1187 616 1297 646 vero
1333 616 1494 647 cerne-

96 714 182 753 res,
205 704 372 755 quanta
397 676 588 740 audacis
607 703 863 754 quantaque
885 695 945 739 vis
969 694 1103 739 animi
1123 694 1276 739 fuisset
1294 696 1339 738 in
1365 708 1494 737 exer-

97 789 186 834 citu
210 789 444 835 Catilinae.
491 789 608 832 Nam
640 788 739 832 fere
758 803 895 846 quem
917 787 1107 845 quisque
1129 787 1254 834 vivus
1274 801 1488 846 pugnan-
1507 794 1537 832 2

96 880 159 924 do
183 880 336 925 locum
359 887 557 940 ceperat,
582 896 686 924 eum
704 881 865 923 amissa
897 878 1045 923 anima
1064 893 1260 938 corpore
1294 877 1494 937 tegebat.

95 1024 199 1056 suae,
224 1013 318 1057 quod
342 1024 452 1058 quum
476 1013 566 1048 sedis
589 1013 636 1049 sit
657 1013 934 1057 incertissimae,
965 1012 1122 1047 librariis
1144 1012 1262 1057 potius
1285 1023 1393 1056 quam
1416 1011 1496 1045 Sal-

95 1070 208 1105 lustio
226 1071 452 1106 tribuendum
476 1076 539 1107 est.

188 1184 278 1219 Lxl.
325 1187 359 1228 §-
385 1186 419 1220 1.
465 1190 541 1220 tum
563 1197 646 1220 vero
671 1184 848 1229 cerneres]
897 1185 951 1219 De
973 1188 1047 1219 tum
1071 1184 1249 1228 particula
1271 1185 1350 1228 post
1374 1182 1495 1216 ablatt.

96 1241 190 1277 ahsa.
225 1242 340 1286 posita
373 1255 405 1278 V.
430 1244 476 1278 nd
506 1256 534 1278 c.
557 1244 614 1286 121,
634 1244 692 1278 40.
723 1262 769 1269 —
820 1243 908 1277 Vero
946 1241 1100 1287 augendi
1131 1240 1426 1284 asseverandique
1459 1239 1497 1273 vi

97 1305 307 1342 usurpatum
337 1300 595 1335 illustravimus
626 1301 672 1336 ad
702 1312 734 1334 c.
763 1300 848 1341 LII,
873 1298 930 1334 15.
951 1319 999 1325 ——-
1046 1299 1247 1334 Cerncrcsi
1289 1310 1321 1331 e.
1355 1307 1500 1330 cernere

98 1356 250 1398 licebat,
273 1357 317 1390 de
340 1369 410 1401 quo
433 1359 646 1393 coniunctivi
669 1371 734 1393 usu
757 1369 790 1392 V.
817 1359 954 1401 Zumpt.
981 1357 1141 1391 Gramm.
1167 1357 1243 1391 Lat.
1273 1358 1306 1398 §.
1327 1355 1387 1394 78,
1408 1355 1443 1396 3,
1462 1355 1498 1389 2.

98 1424 132 1458 p.
151 1412 234 1448 395.
258 1416 394 1449 Hertel,
420 1417 463 1450 ad
488 1416 604 1451 Tacit.
629 1417 750 1461 Agr-ic.
776 1428 808 1452 c.
827 1416 884 1450 22.
909 1419 998 1449 extr.
1017 1434 1062 1439 —
1094 1415 1153 1448 Vis
1178 1414 1288 1448 animi
1311 1413 1445 1457 legitur
1462 1412 1500 1445 in

98 1472 183 1505 Bas.
205 1473 238 1506 1.
261 1473 368 1506 Bern.
387 1474 420 1506 1.
440 1474 476 1507 2².
497 1474 533 1509 3.
566 1475 681 1509 Μαι-Β.
699 1478 742 1510 Α.
765 1476 826 1515 Γ.;
852 1473 964 1517 vulgo
989 1473 1100 1506 animi
1122 1473 1188 1515 vis,
1216 1482 1286 1515 quo
1309 1470 1498 1503 verborum

99 1530 216 1574 positu
248 1531 439 1564 sententiae
471 1531 641 1577 gravitati
675 1542 745 1565 nou
777 1529 861 1564 sutis
895 1530 1102 1565 consulitur.
1124 1551 1172 1557 —
1217 1529 1369 1573 Quisque
1400 1529 1501 1562 vivus

97 1598 208 1632 pugn.
234 1588 496 1632 rescripsimus,
521 1600 591 1622 non
623 1589 713 1622 moti
745 1587 859 1622 Cortii
891 1588 1112 1629 rationibus,
1142 1587 1203 1631 qui
1226 1587 1328 1620 vivus
1351 1586 1501 1631 expulit,

101 1644 302 1687 Get-lachin,
327 1645 388 1689 qui
411 1645 548 1680 uncinis
570 1646 732 1688 inclusit,
755 1657 825 1680 non
848 1645 1083 1680 dissentiente.
1131 1645 1224 1680 Nam
1256 1644 1350 1689 quod
1380 1644 1501 1678 locum

99 1704 215 1736 mutat
233 1703 459 1746 vocabulum,
482 1708 518 1738 et
539 1704 577 1738 in
601 1703 713 1738 tribus
733 1703 864 1738 W‘assii
888 1707 970 1739 ante
993 1704 1148 1748 quisque,
1172 1702 1210 1736 in
1228 1706 1397 1746 quattuor
1421 1706 1503 1737 aute

101 1763 264 1803 ceperat,
296 1759 333 1793 in
365 1770 435 1794 uuo
457 1766 536 1806 post
566 1766 707 1806 ceperat
730 1761 882 1807 legitur,
913 1761 1073 1805 adeoque
1096 1759 1133 1794 iu
1158 1760 1280 1794 Guelf.
1302 1760 1359 1794 11.
1394 1760 1503 1803 deest,

103 1816 140 1850 id
163 1828 232 1851 non
256 1817 360 1861 plane
382 1819 513 1854 evincit
536 1819 730 1854 insiticium
753 1830 849 1863 esse,
881 1817 1090 1863 praesertim
1113 1828 1223 1862 quum
1246 1818 1354 1853 etiam
1379 1820 1503 1861 locum,

103 1885 195 1918 quae
218 1885 289 1908 vox
313 1875 435 1909 abesse
459 1877 599 1921 nequit,
630 1889 699 1911 non
731 1877 769 1912 in
793 1877 957 1911 omnibus
980 1876 1082 1912 codd.
1115 1875 1265 1910 eandem
1296 1876 1414 1911 sedem
1437 1877 1504 1912 ha-

103 1932 197 1966 beat.
245 1932 299 1966 Ad
322 1933 392 1967 hoe
424 1946 489 1978 pro
512 1935 612 1968 vivus
635 1935 705 1968 duo
729 1935 864 1969 habent
885 1935 1009 1975 unius,
1032 1944 1123 1967 unus
1145 1933 1269 1975 nimis,
1294 1944 1383 1967 unus
1407 1935 1505 1972 deni-

103 2001 173 2033 que
195 1991 233 2024 in
254 1991 334 2035 viis,
360 2003 450 2035 quae
472 1992 660 2027 varietates
683 2003 754 2036 quo
773 1997 854 2026 sunt
877 1991 1078 2036 ineptiores,
1103 2001 1146 2024 eo
1168 1990 1298 2025 certius
1322 1993 1506 2027 ostendunt

103 2047 268 2090 primitus
297 2050 398 2082 vivus
430 2049 586 2084 affuisse.
643 2050 822 2093 Quocirca
852 2049 972 2082 verius
1006 2052 1139 2082 statues
1171 2048 1244 2082 iam
1275 2053 1415 2083 mature
1445 2051 1503 2084 vel

106 2115 191 2138 casu
213 2106 270 2139 vel
304 2106 522 2151 negligentia
551 2106 751 2141 scribarum
783 2106 917 2149 aliquid
951 2105 988 2138 in
1011 2104 1202 2138 verborum
1235 2106 1358 2140 ordine
1381 2109 1504 2142 turba-

106 2165 183 2196 tum
205 2172 300 2204 esse,
325 2174 430 2206 quam
455 2174 513 2196 eos
537 2163 631 2206 quod
654 2175 724 2198 non
747 2163 943 2198 invenerint
964 2174 1007 2196 ex
1030 2161 1175 2206 ingenio
1196 2162 1383 2207 addidisse,
1406 2166 1505 2200 nulla

106 2219 315 2263 praesertim
337 2219 506 2254 orationis
531 2220 765 2264 ambiguitate
787 2221 845 2254 vel
871 2219 1085 2254 obscuritate
1118 2218 1220 2253 istius
1245 2219 1342 2254 vocis
1366 2222 1504 2256 defectu

107 2276 251 2312 oriente.
274 2277 420 2310 Frustra
438 2281 556 2310 nutem
568 2276 694 2312 Florus
714 2278 749 2312 in
766 2278 938 2313 auxilium
954 2276 1150 2318 vocabitur,
1169 2277 1307 2319 1.1v‚1‚
1322 2278 1378 2312 11.
1403 2291 1505 2323 quem

109 2336 186 2379 quis
209 2335 246 2368 ἰπ
266 2334 461 2380 pugnando
485 2340 626 2378 ceperat
650 2336 783 2377 locum,
808 2347 885 2369 eum
910 2334 1041 2368 amissa
1077 2334 1199 2367 anima
1233 2345 1373 2378 corpore
1403 2341 1504 2381 tege-

109 2393 196 2433 but3
225 2403 316 2436 quae
348 2402 563 2436 quamquam
595 2398 715 2436 aperte
746 2392 955 2426 Sallustium
979 2390 1184 2432 imitantur,
1218 2391 1345 2426 Florus
1376 2397 1506 2438 tamen,

110 2453 150 2484 ut
172 2449 330 2494 Longius
360 2449 541 2483 verissime
572 2450 729 2493 iudicat,
761 2450 870 2485 facile
903 2448 1045 2491 omisit,
1079 2449 1171 2492 quod
1205 2449 1322 2484 omitti
1353 2455 1504 2494 poterat.

110 2507 288 2542 Minorem
310 2508 416 2542 etiam
440 2507 614 2552 probandi
636 2507 710 2541 vim
733 2508 842 2542 habet
866 2508 962 2542 locus
986 2505 1110 2540 lustini
1128 2506 1193 2548 111,
1211 2506 1246 2547 9,
1267 2507 1322 2543 1⁰.
1346 2509 1506 2542 adversis

112 2567 311 2600 vulneribus
333 2577 448 2600 omnes
466 2567 565 2607 loca,
590 2577 680 2610 quae
704 2565 836 2599 tuenda
860 2577 884 2598 ιι
909 2565 1051 2598 ducibus
1074 2566 1294 2608 aeceperunt,
1320 2567 1506 2600 morientes

113 2624 311 2667 corporibus
332 2628 518 2663 teser-unu
547 2633 662 2666 neque
693 2622 835 2656 omnino
868 2622 1003 2666 aliquid
1034 2622 1205 2666 exemplis
1229 2623 1352 2656 confi-ci
1376 2629 1505 2667 potest,

115 2681 177 2714 uhi
200 2691 269 2714 non
292 2681 474 2724 quaeritur
488 2680 573 2724 quid
589 2678 660 2713 dici
682 2679 853 2721 debuerit,
876 2681 935 2714 sed
962 2679 1045 2724 qnid
1069 2679 1220 2722 potuerit
1243 2679 1323 2712 dici.
1371 2680 1507 2724 Quodsi

115 2738 357 2782 reputaveris,
386 2738 595 2774 Sallustium
619 2737 790 2783 oppositis
823 2738 941 2774 verbis
966 2743 1002 2773 et
1024 2736 1202 2772 sententiis
1227 2737 1329 2771 valde
1351 2738 1506 2781 studere,

1096 2796 1227 2841 21*
