1630 3034
391 167 747 211 IUGURTHA.
808 168 940 211 CAP..
967 169 1141 212 XXXI.
1375 174 1457 214 191

77 284 230 330 cordia
254 285 298 330 in
327 286 571 346 perniciem
602 299 757 329 casura
788 292 916 330 esset.
963 287 1081 330 Nam
1112 292 1156 330 et
1179 287 1276 345 illis,
1311 304 1453 349 quan·
1468 300 1524 338 22

75 390 170 427 tum
212 383 555 443 importunitatis
589 382 779 439 habent,
822 397 987 442 parum
1023 390 1090 427 est
1123 384 1306 444 impune
1341 387 1458 431 male

69 474 247 536 iecisse,
283 480 366 524 nisi
392 463 555 523 deinde
589 478 784 522 faciundi
820 479 995 523 neemia
1023 479 1222 539 eripitur,
1251 488 1297 526 et
1331 484 1457 527 vobis

74 582 258 620 aeterna
296 575 546 621 sollicitudo
591 576 860 631 remanebit,
907 591 1044 635 quum
1078 577 1347 638 intellegetis
1383 587 1459 624 aut

73 671 356 717 serviundum
392 687 515 729 esse,
551 677 627 716 aut
659 687 746 733 per
781 687 935 717 manus
974 673 1228 718 libertatem
1261 676 1456 720 retinen-

73 769 190 814 dam.
270 771 387 814 Nam
421 769 527 814 fidei
561 769 744 828 quidem
787 776 864 815 aut
898 769 1164 814 concordiae
1200 786 1317 829 quae
1352 788 1454 832 spes
1465 788 1520 827 23

73 866 172 910 est?
239 866 470 911 Dominari
513 867 574 911 illi
617 867 793 922 volunt,
838 881 918 911 vos
964 866 1093 911 liberi
1136 883 1258 926 esse,
1305 869 1457 914 facere

27 996 33 999 ’
72 1005 180 1050 atqui,
203 1009 325 1039 contra
347 1005 458 1040 libros
481 1017 588 1039 manu
612 1005 778 1049 scriptos3
803 1017 922 1041 omnes
944 1005 1037 1039 enim
1062 1004 1159 1038 codd.
1174 1010 1279 1050 atque
1295 1006 1456 1050 retinent,

70 1064 135 1098 nisi
159 1066 252 1109 quod
274 1066 393 1100 Berol.
418 1067 450 1100 1.
478 1066 596 1100 Guelf.
623 1068 656 1100 1.
682 1072 716 1101 et
739 1068 817 1102 Vat.
843 1067 877 1101 5.
911 1072 949 1101 at
973 1066 1114 1100 habent.
1162 1065 1249 1100 Vide
1272 1072 1390 1102 notata
1413 1070 1457 1103 ad

72 1126 149 1160 Cat.
174 1126 239 1167 LI,
264 1124 321 1160 35.
347 1147 390 1152 —
415 1129 453 1161 In
479 1127 597 1160 Guelf.
623 1128 656 1161 3.
683 1132 717 1162 ct
740 1129 824 1162 Min.
849 1128 882 1162 2.
909 1139 974 1172 ego
999 1128 1106 1169 abest,
1132 1127 1225 1170 quod
1251 1128 1458 1164 Gerlachius

70 1187 107 1221 in
130 1188 337 1222 Commentt.
362 1199 396 1231 p.
419 1187 500 1223 264.
538 1186 606 1221 sibi
627 1189 770 1232 probari
795 1189 900 1231 dicit,
927 1199 1139 1231 quamquam
1164 1187 1200 1221 in
1224 1189 1277 1225 ed.
1310 1190 1458 1233 minore,

71 1251 110 1281 ut
132 1248 243 1290 solet,
269 1248 304 1281 in
329 1252 425 1282 textu
448 1247 600 1291 reliquit.
645 1249 736 1292 Sed,
760 1262 828 1294 quo
853 1249 922 1284 viri
945 1261 1091 1284 acumen
1118 1261 1309 1294 cognoscas
1333 1256 1368 1285 et
1395 1251 1458 1286 ad-

71 1308 223 1350 mireris,
247 1308 328 1342 vide
350 1313 389 1342 ut
412 1309 532 1353 paullo
556 1313 634 1352 post
660 1314 691 1353 g.
710 1311 768 1345 27.
792 1311 886 1344 idem
910 1322 1100 1354 pronomen
1122 1310 1254 1351 tulerit,
1278 1315 1316 1345 ut
1339 1312 1458 1348 tulerit

69 1369 178 1403 etiam
203 1368 365 1403 omnibus
387 1368 486 1410 locis,
514 1381 604 1412 quae
627 1371 670 1404 ad
695 1383 724 1406 c.
740 1372 798 1415 lv,
811 1370 843 1406 5.
870 1383 904 1415 p.
923 1371 981 1405 23.
1009 1371 1231 1415 ascripsimus
1254 1372 1326 1414 ubi,
1351 1372 1457 1407 simul

70 1441 159 1473 quae
183 1429 257 1464 cius
280 1430 334 1464 vis
358 1430 402 1464 sit
421 1430 582 1464 diximus.
602 1450 647 1456 —
681 1432 751 1465 Pro
776 1433 916 1466 tametsi
939 1432 1076 1467 Curtius
1100 1437 1135 1466 et
1151 1433 1245 1466 Gerl.
1272 1433 1455 1468 ediderunt

68 1497 188 1526 tamen
204 1492 279 1532 etsi,
305 1491 396 1534 quod
412 1492 652 1526 tantummodo
676 1492 712 1525 in
730 1493 850 1526 Guelf.
865 1491 898 1529 4.
916 1499 949 1526 et
964 1493 1036 1525 Inc.
1052 1490 1086 1524 2.
1105 1497 1226 1530 exstat.
1249 1494 1294 1529 cf.
1308 1495 1400 1536 xm,
1419 1495 1453 1529 3.

69 1571 112 1576 —
138 1552 227 1590 Ante
249 1551 576 1597 flagitiosissumum
603 1553 709 1598 longe
732 1553 876 1597 plurimi
903 1552 1003 1586 codd.
1028 1552 1160 1586 habent
1190 1555 1328 1596 virum5
1364 1555 1456 1599 quod

67 1624 176 1658 quum
202 1613 354 1657 ineptam
377 1612 584 1646 sententiam
607 1613 757 1656 habeat,
783 1625 902 1647 omnes
925 1613 1073 1647 editores
1096 1613 1196 1647 Rivii
1219 1614 1456 1657 coniecturam

65 1678 291 1717 receperunt,
327 1685 428 1708 sensu
458 1674 634 1718 probabili
668 1676 767 1709 viro
792 1674 1122 1719 flagitiosissumum
1146 1675 1339 1711 scribentis.
1385 1676 1456 1710 Sed

66 1735 97 1769 si
119 1734 308 1769 Sallustius
340 1735 389 1769 ita
421 1735 633 1780 scripsisset,
664 1734 700 1769 in
726 1734 881 1768 maxima
905 1746 1022 1768 sensus
1045 1739 1080 1770 et
1102 1739 1299 1770 structurae
1321 1737 1457 1782 perspi-

66 1795 199 1830 cuitate
221 1806 289 1829 non
313 1795 544 1841 intelligitur,
578 1808 641 1831 cur
672 1795 807 1830 scribae
831 1807 894 1839 pro
919 1795 1038 1830 dativo
1064 1797 1304 1831 accusativum
1328 1797 1457 1833 inferre

65 1855 266 1891 maluerint.
313 1857 433 1900 Quare
466 1869 576 1901 quum
609 1860 791 1902 praeterea
814 1855 850 1888 in
874 1856 1013 1893 Fabric.
1037 1857 1071 1890 1.
1106 1862 1140 1891 et
1163 1857 1243 1891 Sen.
1269 1858 1303 1892 1.
1330 1870 1378 1893 m.
1402 1871 1454 1903 pr.

65 1917 112 1952 sit
134 1918 178 1951 in
202 1918 349 1951 virum
371 1920 488 1964 flag„
519 1919 555 1953 in
580 1919 657 1953 Vin.
683 1917 717 1951 1.
746 1920 863 1950 autem
888 1921 922 1951 et
946 1917 1026 1952 Sen.
1049 1917 1084 1950 2.
1109 1929 1151 1951 ac
1173 1919 1279 1952 Bern.
1308 1919 1340 1952 1.
1365 1919 1456 1953 nudo

66 1978 208 2023 legatur
223 1979 571 2024 flagitiosissumum,
595 1990 663 2014 non
689 1977 834 2011 dubium
859 1977 1017 2018 videtur,
1043 1976 1125 2020 quin
1147 1978 1235 2011 haec
1258 1989 1343 2012 vera
1369 1980 1458 2014 scri-

69 2042 172 2082 ptura
193 2038 249 2072 sit.
296 2039 350 2072 Ex
374 2038 640 2082 interpolatione
664 2037 756 2071 enim
782 2037 979 2081 profectum
1003 2042 1056 2071 est
1079 2042 1114 2072 et
1135 2039 1246 2072 virum
1272 2043 1307 2072 et
1335 2040 1371 2074 in
1398 2041 1458 2074 vi-

66 2109 168 2139 rum,
203 2097 328 2132 scribis
359 2110 496 2132 necesse
528 2098 730 2143 putantibus
765 2098 808 2131 ad
830 2108 1015 2141 personam
1037 2097 1173 2141 respici.
1219 2099 1288 2133 Sed
1312 2099 1458 2136 illinon

69 2159 231 2193 viderunt
263 2159 406 2194 omnino
429 2159 582 2194 alienum
605 2170 679 2193 esse
709 2169 732 2192 a
755 2158 915 2192 Memmii
948 2161 1082 2200 mente,
1118 2158 1178 2202 qui
1209 2160 1252 2193 de
1274 2163 1457 2198 universae

65 2220 176 2264 plebis
199 2219 392 2253 rationibus
414 2225 516 2265 agat,
548 2220 679 2265 singuli
702 2220 797 2252 oiri
827 2219 1003 2253 notionem
1028 2218 1154 2252 induci.
1201 2221 1292 2255 Nam
1317 2227 1355 2257 ut
1378 2235 1456 2258 sen-

69 2280 178 2314 tentia
201 2281 304 2324 plena
320 2281 393 2321 fiat,
418 2279 632 2324 cogitatione
646 2279 875 2324 supplendum
892 2284 942 2313 est
956 2280 1060 2313 vobis.
1072 2299 1116 2304 —
1129 2280 1342 2322 Quoniam
1367 2285 1457 2321 cives

68 2346 148 2375 sunt
168 2340 369 2385 germanice
392 2345 462 2374 est:
487 2340 532 2374 da
555 2340 606 2374 sie
621 2351 691 2374 nun
708 2340 797 2373 doch
815 2339 945 2374 einmal
959 2340 1097 2385 Burger
1111 2340 1208 2383 sind3
1234 2353 1268 2377 v,
1283 2345 1326 2378 ad
1344 2356 1374 2379 c.
1392 2346 1455 2388 111,

68 2401 102 2436 1.
128 2401 271 2442 xxxu,
294 2399 554 2439 5..xcv111,1.
572 2419 618 2425 -
636 2401 677 2433 In
697 2401 885 2445 perniciem
910 2412 1075 2434 casura
1099 2400 1123 2434 i.
1137 2413 1168 2436 e.
1191 2413 1271 2437 eum
1294 2410 1455 2441 eventum

67 2462 256 2503 habitura,
291 2466 330 2495 ut
351 2461 386 2494 in
411 2461 600 2504 perniciem
624 2465 761 2503 vertat,
784 2462 840 2495 vel
863 2465 901 2495 ut
922 2461 1115 2505 perniciem
1137 2461 1271 2500 afferat.
1297 2476 1332 2501 v.
1355 2467 1399 2501 ad
1423 2479 1454 2503 c.

68 2523 158 2564 XX,
183 2522 217 2556 2.
241 2522 322 2555 coll.
347 2522 610 2556 Drakenborch.
636 2522 681 2556 ad
705 2522 781 2556 Liv.
804 2523 927 2565 xxn,
951 2521 1017 2564 4⁰,
1042 2522 1077 2558 3.

182 2609 191 2618 .
215 2583 262 2617 22
281 2602 324 2607 -
342 2583 401 2618 24.
449 2587 615 2628 quantum
642 2583 912 2627 importunitatis
935 2583 1077 2628 habent]
1110 2583 1133 2618 i.
1158 2596 1188 2618 e.
1221 2597 1311 2630 quae
1341 2586 1451 2622 nimia

67 2655 188 2679 eorum
212 2650 263 2678 est
285 2642 540 2687 importunitas.
587 2642 673 2677 Vide
693 2644 909 2678 Ramshorn.
932 2643 1090 2678 Gramm.
1116 2644 1189 2679 Lat.
1214 2645 1342 2688 §.159,
1358 2645 1391 2680 3.
1417 2659 1448 2682 e.

67 2707 137 2738 not.
163 2704 196 2737 l.
220 2716 257 2749 p.
278 2702 360 2740 364.
383 2704 511 2737 Bauer.
537 2706 571 2738 et
599 2703 761 2740 Perizon.
784 2705 829 2739 ad
850 2704 968 2738 Sanct.
992 2704 1081 2741 Min.
1103 2705 1155 2747 11,
1189 2705 1223 2739 9.
1255 2717 1288 2749 p.
1309 2706 1389 2740 247.
1414 2711 1448 2740 et

68 2762 148 2799 269.
174 2781 218 2790 —
250 2763 303 2798 Ad
337 2764 607 2808 importunitatis
637 2763 815 2800 notionem
851 2764 1146 2808 constituendam,
1181 2776 1271 2809 quae
1302 2765 1446 2800 libidine
