1630 3034
218 190 302 231 254
592 187 638 230 C.
668 187 985 231 SALLUSTI
1017 189 1235 233 CRISPI

220 304 395 349 militari
431 303 609 363 vigiliae
645 304 1006 360 deducebantur3
1040 307 1104 351 uti
1141 308 1302 367 cuique
1331 307 1516 354 lubebat
1545 309 1603 354 ab

221 401 356 461 signis
388 401 564 455 aberat3
594 402 708 446 lixae
738 403 943 463 permixti
974 420 1074 448 cum
1101 405 1310 449 militibus
1341 406 1414 449 die
1443 412 1603 450 noctu-

219 514 309 556 que.
358 498 656 559 vagabantur,
712 507 757 543 et
804 501 1006 560 palantes
1050 517 1186 562 agros
1229 509 1425 560 vastare,
1480 502 1604 546 villas

220 611 510 656 expugnare,
549 597 726 656 pecoris
763 602 808 640 et
842 599 1166 658 mancipiorum
1201 600 1396 659 praedas
1428 606 1604 643 certan-

219 698 284 737 tes
321 706 483 753 agere,
521 708 664 752 eaque
698 700 871 738 mutare
902 711 1004 738 cum
1033 698 1356 742 mercatoribus
1387 697 1491 741 vino
1520 695 1604 739 ad-

216 843 256 876 fit
274 843 382 877 verba
398 855 508 889 neque
529 845 772 879 muniebantur
787 855 829 879 ea
846 844 880 878 in
899 844 1038 878 relicuis
1055 845 1152 880 codd.
1165 845 1334 881 excidisse
1352 846 1477 891 potins,
1497 856 1604 889 qnam

216 903 251 937 in
274 905 430 948 Popmae
453 905 543 940 libro
567 910 602 940 et
625 907 720 941 Leid.
746 906 789 939 G.
814 916 835 939 a
858 905 982 938 scribis
1005 906 1122 941 addita
1146 919 1231 941 esse.
1278 908 1347 941 Sed
1373 918 1453 941 vere
1476 918 1498 940 a
1523 906 1603 939 Sal-

213 965 316 999 lustin
340 967 497 1010 profecta
522 979 596 1001 esse
620 967 750 1001 evincit
773 967 873 1000 locus
898 966 1082 1001 Frontonis
1105 968 1148 1000 ab
1167 968 1256 1012 Aug.
1275 968 1370 1002 Maio
1393 979 1413 1001 e
1443 968 1518 1002 cod.
1540 977 1602 1010 pa-

212 1027 390 1070 limpsesto
413 1027 514 1068 editi,
538 1027 598 1071 qui
623 1040 656 1072 p.
674 1028 755 1062 317.
780 1028 832 1062 ed.
855 1027 1016 1061 Francof.
1041 1039 1073 1063 a.
1097 1027 1198 1061 1816.
1225 1028 1259 1062 in
1283 1030 1461 1072 Excerptis
1482 1029 1602 1062 Sullu-

213 1089 358 1130 stianis,
382 1089 508 1132 quibus
533 1090 708 1135 integrum
731 1101 804 1133 cap.
825 1090 945 1125 XLIV.
968 1090 1169 1133 complexus
1190 1093 1259 1131 est,
1284 1089 1374 1123 haec
1397 1089 1472 1133 ipsa
1494 1088 1603 1122 verba

211 1150 336 1191 refert,
373 1150 502 1185 omisso
535 1155 671 1186 tantum
705 1164 747 1186 ea
774 1149 997 1194 pronomine,
1030 1151 1121 1193 quod
1155 1150 1258 1184 facite
1289 1151 1448 1184 excidere
1477 1149 1600 1194 potuit.

210 1211 376 1245 Eiusdem
408 1211 602 1255 scripturae
632 1211 783 1256 vestigia
816 1211 1082 1254 deprehendisse
1105 1223 1142 1245 se
1164 1211 1348 1255 profitetur
1370 1213 1460 1257 Ang.
1484 1211 1602 1244 Maius

210 1272 246 1306 in
271 1273 406 1307 duobus
431 1272 528 1305 codd.
551 1271 793 1306 Ambrosianis
813 1272 854 1306 F.
874 1271 952 1306 138.
978 1276 1013 1306 et
1036 1273 1075 1307 P.
1093 1271 1150 1307 89.
1199 1271 1357 1306 Priorem
1384 1283 1496 1316 neque
1517 1283 1600 1305 con-

209 1334 290 1369 tulit
313 1346 424 1378 neque
449 1334 658 1368 memoravit
683 1333 910 1373 Gerlachiu53
944 1345 986 1367 ex
1018 1333 1232 1377 posteriore,
1266 1332 1326 1376 qui
1358 1331 1425 1375 ipsi
1453 1335 1506 1365 cst
1525 1332 1598 1366 Me-

209 1395 292 1431 diol.
323 1397 378 1429 10.
416 1395 467 1438 (v.
496 1395 573 1428 Vol.
594 1395 637 1430 Π.
661 1394 808 1430 Fasc.1.
843 1407 878 1439 p.
902 1394 978 1438 10.)
1012 1395 1165 1428 enotavit
1198 1405 1262 1438 pro
1296 1393 1395 1427 varia
1428 1393 1599 1435 scriptura

209 1456 270 1490 sed
293 1467 434 1500 neque
462 1467 531 1497 ea,
557 1467 665 1500 neque
685 1467 801 1496 more3
825 1466 914 1499 quae
931 1460 971 1489 ut
991 1455 1095 1488 fidem
1115 1455 1198 1488 facit
1214 1454 1406 1498 scripturae
1425 1466 1465 1488 ex
1485 1454 1599 1488 Fron-

206 1520 287 1550 tone
316 1517 485 1559 haustae,
508 1517 559 1551 ita
585 1517 803 1561 probabilem
835 1518 1052 1560 corruptelae
1077 1515 1251 1560 originem
1278 1515 1437 1549 ostendit.
1484 1515 1599 1549 Verbo

206 1578 300 1611 enim
326 1578 544 1611 minuebatur
567 1577 639 1611 iam
664 1582 799 1612 mature
822 1589 905 1612 casu
928 1579 1079 1621 quodam
1113 1577 1256 1617 omisso,
1295 1577 1424 1610 mirum
1457 1588 1525 1610 non
1546 1579 1599 1611 est

203 1639 337 1673 scribas
362 1639 467 1673 etiam
491 1650 593 1672 voces
618 1650 727 1683 neque
747 1651 807 1679 ea,
831 1650 933 1671 sensu
957 1639 1156 1680 destitutas,
1183 1649 1251 1672 non
1274 1637 1428 1682 amplius
1445 1649 1596 1673 curasse.

207 1700 417 1735 Gerlachius
451 1705 567 1734 tamen
591 1700 659 1733 tria
686 1699 794 1732 verba
818 1699 881 1732 ina
905 1699 938 1732 in
965 1701 1017 1732 ed.
1042 1699 1123 1732 mai.
1148 1710 1311 1742 expressa
1339 1699 1476 1742 quidem
1493 1724 1503 1742 ,
1535 1699 1594 1732 sed

204 1761 302 1796 uncis
333 1761 485 1802 inclusa,
522 1761 556 1794 in
581 1761 790 1795 Commentt.
825 1771 859 1803 p.
883 1760 963 1793 282.
987 1761 1143 1803 glossam
1169 1772 1243 1794 esse
1270 1759 1370 1801 dicit,
1403 1759 1438 1793 in
1463 1763 1594 1794 textum

205 1823 338 1856 illatam
364 1833 385 1855 a
410 1822 582 1863 librariis,
606 1822 665 1866 qui
689 1822 762 1854 vim
787 1833 896 1865 neque
921 1821 1134 1864 particulae,
1160 1821 1295 1854 scilicet
1319 1832 1381 1864 pro
1404 1832 1473 1854 non
1498 1820 1593 1865 posi-

204 1887 284 1925 tae,
313 1895 380 1917 non
406 1883 630 1926 perciperent.
676 1883 745 1916 Sed
770 1882 805 1916 in
830 1883 883 1915 ed.
908 1883 991 1916 min.
1018 1882 1186 1916 sententia
1209 1893 1328 1915 rursus
1353 1893 1416 1926 pro
1441 1882 1594 1916 vanitate

203 1956 266 1979 sua
290 1948 425 1978 mutata
447 1946 669 1989 ‚,glossam“
693 1944 796 1978 istam
821 1943 980 1987 recipcre
1004 1955 1070 1976 non
1093 1942 1277 1977 dubitavit.

295 2006 442 2051 vigiliae
461 2004 731 2048 deducebantur]
757 2005 862 2039 Haud
887 2003 988 2048 pauci
1013 2005 1110 2037 codd.
1128 2005 1258 2038 habent
1276 2005 1510 2045 ducebantur5
1531 2004 1591 2038 eod

203 2071 342 2112 recepta
367 2051 540 2111 scriptura
560 2070 731 2109 praestat,
767 2065 849 2099 licet
873 2067 1017 2111 vigilias
1042 2066 1271 2099 deducere
1294 2077 1361 2098 non
1385 2077 1427 2099 ex
1451 2077 1515 2100 usu
1537 2065 1592 2100 di-

202 2132 313 2164 catur.
361 2128 478 2171 Quum
513 2127 604 2160 enim
638 2125 672 2160 in
703 2137 741 2159 re
764 2127 913 2160 militari
937 2128 1105 2161 deducere
1133 2126 1225 2159 idem
1251 2127 1322 2160 t'ere
1347 2128 1464 2162 valeat
1485 2131 1592 2171 atque

201 2189 396 2229 abducere,
429 2200 462 2224 V.
487 2188 752 2222 Drakenborch.
779 2188 821 2221 ad
848 2187 922 2222 Liv.
951 2189 1066 2229 XXV,
1089 2187 1156 2229 25,
1181 2187 1259 2230 10..
1292 2187 1480 2222 Sallustius
1500 2189 1537 2222 h.
1561 2188 1588 2222 1.

200 2261 279 2284 eam
305 2249 468 2283 vocabuli
495 2254 697 2293 potestatem
725 2253 861 2283 secutus
893 2252 964 2289 est,
999 2260 1068 2293 qua
1099 2249 1274 2295 significat
1299 2251 1448 2295 aliquem
1473 2250 1588 2295 aliquo

197 2312 405 2357 perducere,
440 2315 477 2344 ut
509 2311 557 2344 ibi
588 2316 749 2348 manent;
783 2319 817 2345 v.
852 2320 942 2354 quae
973 2310 1016 2343 do
1048 2311 1114 2344 hoc
1147 2322 1210 2344 usu
1239 2310 1390 2345 diximus
1412 2311 1456 2345 ad
1481 2310 1586 2346 catil.

202 2373 272 2415 LV,
287 2373 320 2407 2.
347 2385 379 2417 p.
393 2373 473 2406 29⁰.
499 2371 694 2406 Maximam
722 2381 802 2404 cum
826 2376 943 2405 nostro
967 2372 1044 2405 loco
1068 2371 1330 2406 similitudinem
1352 2372 1459 2406 habet
1481 2370 1588 2405 dictio

201 2434 369 2467 coloniam
395 2433 580 2470 deducere.
612 2443 717 2476 quam
751 2431 870 2465 multis
903 2432 1070 2476 exemplis
1100 2432 1321 2467 confirmavit
1345 2433 1507 2467 Dukenn
1540 2431 1585 2466 ud

201 2493 277 2528 Liv.
303 2495 356 2535 Χ,
380 2493 444 2535 13,
471 2494 503 2528 l.
528 2494 572 2527 cr.
598 2493 778 2538 Frugnun.
806 2493 935 2527 Histor.
963 2494 996 2535 Ι,
1024 2493 1087 2536 19,
1114 2494 1171 2528 17.
1199 2494 1296 2528 Gen-t.
1339 2492 1584 2528 Praesta-'a

201 2555 398 2588 deducta
432 2560 536 2599 atque
567 2555 740 2599 imposita.
775 2574 819 2579 —-
851 2556 903 2588 Ab
928 2555 1039 2599 signis
1063 2556 1182 2590 abesse
1206 2554 1418 2589 contrarium
1441 2564 1586 2589 neven-no

200 2615 424 2659 disciplinae,
459 2627 547 2660 quiae
571 2616 713 2649 iubebat
738 2627 811 2649 cum
837 2617 948 2661 signis
966 2619 1166 2661 frequente:
1189 2617 1362 2654 incedere,
1401 2619 1439 2648 ut
1462 2620 1584 2648 auctor

199 2675 284 2710 dicit
317 2689 345 2710 c.
372 2677 473 2718 XLV,
509 2677 541 2711 2.
592 2679 642 2711 De
678 2689 716 2710 re
751 2676 828 2720 ipsa
861 2677 909 2711 cs.
945 2677 1083 2711 Wnlch.
1107 2678 1149 2711 ad
1175 2675 1292 2710 'l'aciti
1315 2674 1433 2719 Agric.
1468 2687 1497 2708 c.
1522 2674 1582 2710 2⁰.

200 2749 233 2781 p.
257 2736 337 2771 284.
364 2757 405 2761 —
438 2738 541 2771 Liras
566 2738 688 2771 Festus
713 2739 748 2771 Ιι.
775 2749 806 2772 v.
834 2738 992 2772 Grumm.
1019 2739 1094 2771 Lat.
1123 2738 1194 2770 vni.
1224 2736 1264 2771 ΙΙ.
1291 2749 1321 2780 p.
1342 2735 1388 2769 86
1426 2735 1579 2770 Lindcnn.

197 2797 283 2832 dicit
308 2798 414 2831 tui-ase
439 2798 497 2841 qui
520 2799 708 2832 exercitum
732 2805 954 2842 sequerentur
975 2804 1138 2842 quur-stus
1164 2797 1299 2842 gratia,
1334 2797 1449 2840 imque
1472 2808 1579 2832 voca-
