1630 3034
505 145 862 189 IUGURTHA.
923 147 1051 189 CAP.
1085 148 1141 190 X.
1465 151 1524 192 55

129 269 274 309 aetate
310 270 356 308 et
395 263 613 323 sapientia
657 263 782 321 prior
828 278 901 317 es,
945 278 1002 306 ne
1038 263 1164 306 aliter
1200 262 1309 320 quid
1345 264 1519 307 eveniat

124 360 372 420 providere
415 360 569 411 decet3
615 374 719 402 nam
757 358 801 401 in
848 359 969 402 omni
1009 360 1247 403 certamine
1282 359 1359 417 qui
1394 374 1514 419 opu—

123 457 285 501 lentior
330 463 397 500 est
421 490 434 513 ‚
491 455 662 500 etiamsi
704 455 867 514 accipit
922 456 1149 511 iniuriam,
1212 462 1363 499 tamen
1408 456 1513 514 quia

122 553 225 613 plus
261 558 432 612 potest,
476 552 627 595 facere
663 550 848 596 videtur.
918 551 1011 595 Vos
1053 557 1229 607 autem,
1277 552 1547 596 Adherbale

121 656 167 692 et
209 648 474 707 Hiempsal,
521 648 676 701 colite,
723 648 959 691 observate
1003 648 1141 691 talem
1188 647 1309 691 hunc
1357 649 1513 705 virum,

119 745 351 788 imitamini
382 743 614 800 virtutem,
652 750 696 787 et
733 743 963 794 enitimini,
1001 759 1057 787 ne
1093 759 1182 803 ego
1217 745 1422 788 meliores
1457 745 1512 788 li-

116 841 251 885 beros
281 842 521 899 sumpsisse
557 840 733 894 videar,
767 855 902 898 quam
936 841 1157 900 genuisse.

115 972 208 1016 Aug.
231 972 427 1014 Matthiae,
461 973 521 1016 qui
557 973 601 1006 ad
631 973 704 1008 Cic.
729 983 780 1007 or.
814 972 849 1005 in
877 972 980 1007 Catil.
1013 974 1075 1016 ΠΙ,
1112 974 1145 1009 9.
1173 973 1230 1006 22.
1261 984 1294 1016 p.
1319 972 1398 1007 16⁰.
1423 973 1509 1014 „ubi

114 1032 252 1072 Latini,
284 1033 416 1076 inquit,
450 1043 611 1066 caussam
646 1033 751 1076 plane
784 1037 818 1066 et
851 1033 980 1066 diserte
1013 1033 1161 1077 exprimi
1194 1033 1340 1075 volunt,
1373 1045 1511 1077 semper

117 1092 338 1126 coniunctim
363 1097 440 1136 post
464 1095 522 1137 qui
545 1098 711 1134 utnntur3
742 1094 801 1126 sed
836 1105 904 1126 non
940 1105 1078 1137 semper
1112 1105 1248 1126 necesse
1272 1098 1323 1128 est
1346 1106 1508 1129 caussam

116 1152 248 1186 diserte
272 1153 441 1196 exprimi,
467 1158 503 1188 ut
519 1154 671 1198 Philipp.
697 1154 758 1194 Ill,
775 1154 810 1194 6,
830 1154 884 1187 14.
910 1154 940 1186 si
956 1155 1013 1187 ille
1030 1155 1163 1193 consul,
1195 1155 1412 1196 fustuarium
1435 1167 1508 1189 me-

112 1218 255 1247 ruerunt
279 1214 456 1258 legiones,
489 1216 565 1259 qui
596 1215 765 1247 consulem
799 1214 891 1247 reli
900 1219 1094 1258 querunt
1105 1226 1119 1254 ,⁶
1154 1216 1340 1248 sceleratus
1364 1216 1508 1258 Caesar,

112 1274 246 1308 Brutus
281 1276 465 1317 nefarius,
506 1276 583 1319 qui
620 1281 740 1308 contra
777 1276 946 1308 consulem
978 1276 1117 1318 privato
1162 1276 1301 1308 consilio
1340 1267 1509 1311 exercitus

112 1345 232 1378 comp
245 1341 530 1377 araverunt5
562 1337 719 1369 membra
755 1346 845 1379 quae
875 1347 897 1369 a
929 1337 988 1378 qui
1010 1335 1183 1378 incipiunt
1213 1345 1372 1369 caussam
1395 1336 1507 1370 conti·

111 1406 194 1429 nere
218 1400 393 1438 apparet,
431 1407 495 1428 cur
526 1396 579 1428 illi
605 1396 763 1429 scelerati
788 1408 831 1430 ac
854 1395 982 1429 nefarii
1006 1394 1248 1437 appellentur,
1273 1397 1330 1428 sed
1354 1408 1421 1430 non
1446 1409 1506 1431 ne*—

111 1466 207 1489 ccsse
222 1455 359 1498 putavit
385 1455 506 1490 Cicero
530 1457 568 1491 h.
592 1457 617 1491 l.
647 1468 804 1490 caussam
833 1454 1067 1501 significare.‘⁷
1093 1454 1137 1486 cf.
1159 1454 1264 1489 etiam
1288 1457 1504 1491 Ramshorn.

110 1516 270 1552 Gramm.
298 1516 374 1549 Lat.
407 1519 438 1558 ἓ.
466 1516 544 1549 194.
580 1517 612 1550 1.
641 1524 712 1551 not.
730 1517 763 1551 2.
789 1530 822 1561 p.
856 1518 936 1552 612.
959 1533 1005 1540 —-
1040 1515 1091 1547 Es
1118 1520 1194 1557 post
1222 1518 1319 1560 prior
1350 1519 1445 1552 deest
1467 1519 1504 1552 in

109 1577 185 1610 vat.
209 1577 245 1610 3.
274 1576 378 1619 idque
412 1576 600 1610 Gerlachio
636 1578 670 1610 in
699 1579 907 1611 Commentt.
946 1589 979 1619 p.
1010 1575 1090 1609 227.
1115 1587 1183 1608 non
1215 1580 1503 1613 contemnendum

108 1637 254 1670 videtur.
306 1637 375 1670 Sed
400 1637 524 1671 merito
559 1638 594 1670 in
630 1639 683 1671 ed.
709 1639 843 1671 minore
868 1637 1038 1671 iudicium
1062 1637 1233 1679 mutavit,
1257 1651 1363 1682 quum
1391 1639 1504 1674 oratio

107 1696 181 1732 sine
205 1697 313 1730 verbo
338 1697 460 1730 hiulca
483 1702 588 1740 atque
611 1710 735 1742 aspera
761 1699 833 1733 fiat.
856 1718 894 1724 —
925 1699 1016 1740 Quid
1051 1701 1127 1741 post
1151 1699 1255 1732 aliter
1278 1699 1313 1732 in
1338 1700 1443 1734 Fabr.
1468 1700 1502 1736 2.

106 1763 141 1791 et
172 1757 291 1790 Guelf.
318 1756 352 1790 5.
387 1759 502 1799 deest,
534 1770 619 1801 quos
654 1771 836 1803 perperam
861 1765 996 1792 secutus
1022 1764 1076 1793 est
1098 1759 1301 1794 Muellerus.
1348 1761 1441 1794 Nam
1463 1766 1502 1795 ut

105 1822 245 1852 taceam
270 1818 484 1851 relicuornm
509 1819 608 1852 codd.
627 1820 1049 1857 omniumauctoritatem
1073 1820 1243 1863 potiorem
1259 1830 1333 1852 esse
1355 1820 1502 1861 duobus,

105 1890 225 1913 sensus
248 1878 324 1921 ipse
347 1889 536 1921 pronomen
560 1884 696 1920 tuetur,
719 1891 788 1923 quo
812 1885 973 1923 apertum
998 1885 1048 1914 est
1067 1879 1261 1926 significari
1284 1878 1500 1923 singularem

105 1939 263 1982 aliquem
287 1944 322 1973 et
344 1938 546 1982 pestiferum
581 1951 721 1981 casum,
756 1952 859 1983 quem
884 1941 1036 1975 maxime
1059 1942 1205 1975 timebat
1235 1939 1403 1983 Micipsa,
1429 1940 1500 1974 dis-

104 1999 236 2034 sidium
262 2000 433 2042 fratrum,
468 1999 616 2042 indeque
643 2007 758 2034 ortam
783 2001 937 2034 filiorum
973 2002 1241 2044 oppressionem.
1262 2019 1309 2025 —-
1334 2001 1498 2045 Etiamsi,

104 2059 198 2103 quod
230 2060 265 2092 in
301 2060 378 2093 edd.
411 2059 575 2092 scribitur
606 2061 712 2094 etiam
740 2062 790 2102 si,
815 2073 877 2094 cur
901 2061 936 2093 in
961 2072 1071 2095 unum
1085 2060 1380 2103 contraxerimus,
1403 2065 1498 2104 patet

106 2131 148 2154 ex
171 2119 272 2153 dictis
297 2121 342 2153 ad
367 2120 443 2152 Cat.
469 2120 515 2161 11,
536 2119 568 2152 1.
595 2132 627 2162 p.
653 2121 710 2155 lo.
736 2140 772 2145 -—
805 2122 946 2157 Tamen,
972 2130 1041 2162 qua
1064 2119 1237 2162 particula
1260 2121 1380 2156 addita
1401 2123 1499 2156 haud

103 2181 224 2224 paullo
241 2183 392 2223 augetur
415 2179 451 2212 h.
481 2180 504 2214 Ι.
526 2180 686 2224 gravitas
710 2180 898 2218 orationis,
923 2179 1060 2213 Curtius
1083 2180 1151 2213 fide
1174 2182 1291 2216 Guelf.
1315 2182 1349 2218 2.
1376 2181 1495 2217 Senat.

105 2241 139 2276 l.
163 2244 197 2274 et
221 2239 344 2273 Franc.
370 2239 523 2282 expulit3
547 2239 605 2272 sed
623 2244 758 2283 practer
781 2251 917 2273 sensum
941 2243 1081 2273 tuentur
1104 2241 1226 2275 relicui
1250 2242 1349 2276 codd.
1366 2254 1496 2287 omnes,

105 2312 149 2336 ac
172 2300 278 2334 simul
302 2299 468 2343 Quinctil.
493 2299 620 2333 lustitt.
646 2311 697 2334 er.
721 2301 812 2341 vm,
833 2300 867 2342 5,
893 2300 924 2333 4.
949 2300 995 2333 cf.
1021 2300 1099 2344 lug.
1126 2302 1319 2345 Lxxxm,
1336 2305 1370 2338 l.

197 2363 230 2403 §.
255 2360 289 2394 8.
335 2361 458 2400 colite,
483 2360 676 2405 observate]
711 2361 852 2395 Fabric.
870 2361 902 2394 1.
928 2361 1031 2394 Rem.
1049 2361 1081 2394 1.
1106 2361 1140 2396 2.
1164 2363 1236 2397 luc.
1253 2365 1287 2398 1.
1304 2364 1338 2398 2.
1369 2365 1495 2399 Vin.2.

104 2422 226 2456 Struv.
253 2422 380 2455 Heins-
406 2421 498 2455 Vrat.
530 2421 565 2454 2.
595 2421 629 2455 3.
661 2423 768 2456 Acad.
795 2422 898 2455 Misn.
926 2421 1045 2456 Goerl.
1068 2421 1195 2456 Eichh.
1221 2435 1302 2457 cum
1324 2425 1499 2460 nonnullis

103 2482 183 2518 aliis
207 2487 241 2516 et
265 2482 440 2523 inserunt,
466 2491 536 2524 quo
564 2483 755 2516 sententiae
779 2482 832 2516 vis
855 2481 1095 2524 imminuitur,
1119 2483 1327 2528 gradatione
1346 2486 1496 2520 sublata.

105 2543 297 2576 Observare
329 2545 445 2575 autem
472 2543 643 2586 aliquem,
677 2546 716 2577 ut
740 2543 827 2576 bene
849 2542 967 2576 docuit
989 2542 1123 2577 Ludov.
1147 2545 1345 2582 Doederlin.
1361 2546 1397 2580 in
1423 2546 1493 2591 Sy-

102 2614 283 2647 nonymm.
307 2603 400 2637 Latt.
425 2603 561 2636 v01.11.
584 2615 619 2646 p.
643 2603 712 2638 187
728 2614 791 2647 sq„
816 2604 943 2638 dicitur
965 2601 1015 2644 is,
1045 2603 1106 2646 qui
1129 2604 1221 2638 nihil
1243 2617 1365 2641 eorum
1389 2608 1494 2642 omit-

103 2663 146 2698 tit
169 2675 212 2698 ac
235 2664 398 2708 negligit,
421 2673 510 2705 quae
534 2662 640 2696 alteri
660 2665 797 2708 placere
822 2675 920 2707 posse
941 2663 1142 2707 videantut3
1166 2666 1247 2701 colit
1273 2667 1429 2710 aliquem
1451 2665 1494 2709 is,

103 2722 165 2767 qui
183 2727 324 2770 gratam
347 2723 381 2758 ei
403 2726 554 2768 praestat
578 2734 739 2768 operam,
763 2727 799 2759 et
819 2735 858 2760 re
881 2724 975 2769 ipsa,
999 2730 1165 2770 quantum
1187 2730 1318 2771 potest,
1334 2737 1415 2761 eum
1439 2726 1494 2761 iu·-

70 2826 102 2859 24
