1630 3034
416 211 767 253 CATILINA.
822 209 956 252 CAP.
985 208 1059 251 111.
1370 211 1422 252 21

45 329 227 374 honoris
260 326 428 387 cupido
465 325 715 385 eademque
748 340 866 384 quae
910 330 1085 372 ceteros
1124 323 1246 370 fama
1290 328 1427 381 atque

44 420 210 468 invidia
229 419 429 467 vexabat.

43 542 102 582 IV,
119 541 177 582 1,
191 540 253 577 de
283 539 535 573 vocabulorum
567 537 769 574 discrimine
792 537 843 571 dis
846 536 1002 582 putavit,
1034 539 1070 570 et
1101 534 1305 570 obscuriora
1334 536 1425 576 sunt,

43 610 154 651 neque
176 609 253 632 rem
275 596 470 641 expediunt.
519 596 702 638 Ceterum,
726 595 819 638 quod
842 593 956 628 obiter
977 604 1179 634 monemus,
1203 592 1326 626 relicta
1347 592 1428 624 vul-

43 655 125 701 gari
147 654 320 690 scribendi
342 654 500 696 ratione,
532 654 679 687 relicuus
702 651 946 694 exhibuimus,
969 662 1038 684 nou
1063 651 1237 695 reliquus3
1260 661 1303 683 ex
1325 650 1426 692 quat-

44 718 124 747 tuor
146 712 237 745 enim
261 711 404 755 syllabis
427 722 507 745 cons
494 714 586 744 tare
607 709 820 744 vocabulum
837 720 906 742 non
928 709 1042 743 solum
1066 712 1115 743 tes
1118 711 1237 742 tantur
1258 705 1427 748 antiquis-

44 771 214 804 simorum
239 768 399 803 codicum
422 767 593 811 vestigia,
619 765 950 810 (praestantissimus
972 766 1085 801 tatic.
1111 766 1153 800 A.
1178 766 1302 799 relicus
1326 763 1427 797 exhi·
1459 759 1462 764 ’

44 828 103 877 bet
124 829 190 873 lug
218 826 343 867 XXIV,
363 825 396 860 8.
420 829 454 859 et
478 826 607 866 XXXI,
627 824 683 857 26.
701 851 710 866 ,
734 824 881 858 relicuus
903 835 988 857 vero
1011 824 1157 867 Fragm.
1181 822 1273 856 Hist.
1292 822 1352 862 ΙΙΙ,
1369 820 1428 860 22,

41 884 77 919 2.
111 888 147 919 et
180 883 218 917 in
251 882 515 917 Pseudo-Sall.
539 882 612 930 ΕΡ.
647 882 691 916 ad
717 882 816 915 Caes.
838 883 868 923 Ι,
889 879 942 924 8.)
976 880 1037 913 sed
1067 880 1176 914 etiam
1212 878 1428 912 comicorum

42 941 117 975 fere
151 943 312 973 constans
344 951 426 973 usus
435 951 444 981 3
482 942 695 973 contractam
729 939 884 972 formam
924 938 1076 982 reliquus
1109 936 1256 970 seriores
1289 939 1429 969 tantum

41 1001 165 1050 poetae
188 996 441 1038 adhibuerunt,
466 997 626 1030 rcllicuus
650 999 789 1038 autem,
814 996 907 1039 quod
929 994 1034 1028 metri
1058 993 1221 1039 dact5lici
1242 1003 1342 1026 neces
1343 990 1428 1024 sitas

41 1055 178 1100 exegit,
213 1066 283 1088 nou
306 1053 412 1087 scribi
436 1053 552 1097 potuis
554 1058 624 1096 s‚et
650 1053 679 1088 si
702 1055 852 1098 reliquus
875 1052 1058 1097 primitiva
1080 1051 1196 1085 forma
1219 1050 1351 1083 fuisset.
1378 1047 1426 1080 cf.

41 1113 146 1165 Conr.
170 1113 276 1156 Leop.
301 1110 507 1145 Schneideri
531 1112 690 1145 Gramm.
715 1111 792 1145 Lat.
815 1109 860 1144 T.
881 1110 909 1143 Ι.
933 1112 1025 1155 part.
1045 1107 1073 1142 I.
1095 1119 1130 1151 p.
1151 1107 1230 1142 332.
1256 1110 1290 1140 et
1310 1104 1427 1139 Bentl.

42 1169 262 1220 adssPhaedr.
278 1169 302 1210 l,
324 1168 381 1208 31.
406 1181 440 1211 p.
462 1167 628 1201 'zo—21.

78 1268 80 1270 r
131 1226 240 1259 nihilo
263 1225 375 1258 minus
399 1225 536 1258 honoris
559 1224 682 1268 cupido
727 1224 916 1268 eademque
950 1234 1041 1268 quae
1065 1226 1194 1257 ceteros
1227 1224 1335 1265 sama
1371 1223 1428 1253 at-

43 1272 265 1328 que'fnvidga
289 1281 471 1325 vexabat]
514 1282 614 1314 Haec
637 1281 746 1315 verba
778 1281 981 1324 interpretes
1013 1281 1164 1315 multum
1187 1279 1428 1317 exercuerunt,

43 1340 127 1389 quja
159 1329 206 1372 ad
238 1338 500 1372 constructionis
531 1338 769 1383 integritatem
803 1343 837 1372 et
860 1342 939 1372 ante
974 1339 1095 1372 eadem
1124 1335 1257 1380 requiri
1278 1334 1429 1374 videtur,

44 1399 127 1445 (pp-o
150 1407 218 1444 quo
241 1396 391 1435 Dahlius
422 1401 455 1429 et
478 1395 632 1439 Langius
662 1395 810 1439 pessime
835 1407 896 1428 nec
925 1407 993 1431 nou
1019 1394 1248 1438 supplendum
1273 1391 1428 1433 censent)

44 1460 118 1488 tum
141 1453 224 1496 quia
246 1463 314 1486 non
338 1452 458 1498 liquet,
484 1453 604 1486 eadem
621 1455 728 1496 sama
750 1457 854 1496 atque
878 1445 1013 1486 invidia
1036 1451 1272 1486 nominativus
1296 1459 1341 1482 an
1365 1448 1429 1481 ab-

42 1511 170 1551 lativus
194 1510 248 1544 sit.
297 1510 415 1554 Quare
440 1509 639 1544 Gronovius
664 1509 764 1544 obss.
785 1510 847 1550 ΙΙΙ,
868 1509 902 1545 2.
925 1521 958 1552 p.
978 1508 1059 1542 337.
1086 1520 1174 1553 quae
1198 1506 1325 1540 vocula
1348 1517 1428 1538 mu·-

42 1571 114 1617 tata
136 1567 173 1616 in
197 1579 290 1612 qna,
314 1566 432 1607 omnia
456 1566 621 1600 ablativis
646 1566 759 1610 posita
782 1570 917 1609 censet,
944 1569 1050 1609 samri
1075 1572 1178 1611 atque
1211 1565 1343 1598 invidia‘
1368 1573 1428 1595 ex-

42 1625 176 1673 plicans
200 1635 262 1668 per
284 1624 440 1668 figuram
460 1622 503 1659 ἓν
530 1623 594 1659 διὰ
620 1624 749 1664 δυοῖν,
781 1624 881 1657 nobis
906 1624 1045 1667 quidem
1068 1624 1214 1657 minime
1236 1622 1273 1655 h.
1297 1621 1321 1654 l.
1345 1631 1429 1663 pro-

42 1675 183 1729 batam3
207 1692 241 1714 v.
266 1681 311 1714 ad
336 1682 410 1714 Cat.
430 1682 471 1722 ΙΙ,
492 1682 525 1715 2.
567 1680 787 1714 Gronovium
823 1686 1014 1724 sequuntur
1038 1682 1213 1726 Bipontt.‚
1238 1677 1428 1712 Kunhard-

42 1742 96 1780 tus
121 1741 240 1785 autem
263 1737 411 1772 coniecit
433 1739 613 1783 cupidum,
648 1737 788 1770 relicuis
819 1749 886 1771 non
911 1738 1076 1778 mutatis,
1110 1737 1200 1781 quod
1227 1737 1270 1769 ad
1293 1741 1428 1769 senten-

41 1795 130 1830 tiam
156 1794 297 1838 quidem
321 1799 372 1829 est
398 1796 568 1839 probum,
599 1795 658 1828 sed
685 1806 706 1828 a
729 1795 904 1828 librorum
928 1795 1137 1829 auctoritate
1160 1806 1227 1828 non
1252 1804 1429 1840 commen-

43 1853 158 1886 datur.
222 1852 394 1893 Dahlius,
429 1852 608 1897 Langius,
644 1853 838 1895 Mulierus,
871 1853 1102 1886 Frotscherus
1137 1856 1171 1886 et
1206 1850 1427 1892 Gedachius,

40 1909 130 1943 nihil
152 1910 357 1944 mutandum
382 1913 536 1951 censent,
560 1911 747 1954 copulam,
771 1908 931 1944 Sallustii
953 1921 1051 1943 more
1075 1909 1254 1951 omissam,
1279 1920 1300 1943 a
1322 1909 1430 1941 lecto-

40 1967 138 2001 ribus
160 1967 390 2011 supplendam
412 1977 487 2000 esse
509 1967 714 2003 iudicantes.
750 1968 820 2001 Sed
842 1979 932 2002 nexu
957 1967 1209 2001 sententiarum
1234 1964 1430 2001 accuratius

41 2023 268 2067 considerato,
292 2023 407 2067 quivis
430 2024 498 2057 hoc
521 2025 598 2058 fieri
622 2037 723 2069 posse
745 2025 899 2070 negabit.
946 2024 1035 2058 Nam
1059 2024 1240 2065 sententia,
1264 2035 1354 2066 quae
1375 2034 1430 2057 se-

44 2080 183 2125 quitur,
224 2092 292 2115 non
329 2081 481 2115 eiusdem
511 2085 563 2116 est
598 2083 737 2127 generis
769 2094 811 2117 ac
842 2092 1069 2127 praegressa,
1102 2086 1136 2115 ct
1167 2081 1331 2124 quoniam
1361 2090 1429 2112 nou

41 2138 246 2182 simpliciter
276 2137 329 2172 illi
349 2138 508 2181 additur,
543 2139 726 2182 particula,
759 2151 828 2184 qua
851 2150 959 2172 nexus
985 2138 1076 2171 ratio
1108 2138 1290 2178 indicetur,
1313 2137 1431 2170 deesse

43 2207 110 2230 non
133 2199 254 2240 potest.
312 2196 365 2229 lta
388 2199 506 2228 autem
539 2200 765 2239 comparatae
788 2200 868 2230 sunt
891 2194 1100 2236 sententiae,
1132 2199 1171 2228 ut
1192 2194 1345 2238 priorem
1369 2204 1427 2227 ex-

42 2252 148 2296 plicet
171 2251 363 2296 posterior,
387 2251 516 2295 quippe
540 2263 610 2295 qua
635 2252 829 2294 indicetur,
854 2252 937 2295 quid
961 2252 1104 2286 honoris
1126 2251 1240 2285 studio
1264 2251 1428 2285 effectum

43 2310 97 2348 sit.
144 2309 285 2353 Quare,
309 2308 402 2352 quod
425 2309 562 2343 Cottius
586 2309 659 2343 iam
681 2314 847 2350 senserat,
873 2310 979 2342 etiam
1002 2309 1210 2342 Frotschero
1234 2309 1258 2344 Ι.
1281 2309 1304 2342 l.
1325 2320 1356 2352 p.
1370 2308 1427 2343 25.

44 2377 112 2400 non
133 2368 236 2410 plane
267 2370 503 2411 repugnante,
543 2367 645 2400 unice
678 2378 800 2400 verum
824 2371 907 2409 puto
932 2367 1142 2410 eademque
1167 2377 1276 2411 quae,
1299 2370 1338 2399 ut
1364 2378 1429 2409 quc

44 2424 162 2458 valeat
186 2428 221 2458 et
239 2429 438 2468 propterea.
487 2425 604 2458 Huius
630 2423 826 2468 scripturae
852 2423 1003 2468 vestigia
1027 2427 1160 2458 exstant
1184 2423 1218 2456 in
1242 2422 1342 2456 codd.
1356 2423 1429 2455 Re-

46 2491 152 2514 mens.
173 2479 208 2513 1·
241 2480 387 2514 Eccard.
418 2484 453 2515 et
484 2481 624 2522 Guelf„
658 2480 718 2523 qui
750 2481 879 2513 habent
913 2481 1098 2525 cademque
1123 2486 1270 2520 ceteros,
1301 2478 1430 2512 omisso

47 2549 156 2581 quom·
179 2537 380 2580 saepisslme
414 2542 530 2572 autem
555 2542 634 2572 ante
658 2548 747 2581 quae
772 2537 938 2571 excidisse
960 2550 1024 2583 que
1055 2538 1192 2572 monuit
1216 2536 1432 2571 Goerenzius

47 2596 89 2628 ad
113 2595 188 2630 Cic.
212 2595 323 2639 Legg.
346 2595 390 2634 ll,
413 2594 449 2636 7,
473 2595 552 2635 15.‚
585 2594 628 2628 ud
653 2594 783 2627 Acadd.
806 2594 833 2634 Ι,
855 2594 890 2636 2,
910 2595 943 2629 8.
968 2599 1002 2628 ct
1025 2595 1068 2628 ad
1093 2595 1193 2628 Finn.
1215 2595 1274 2635 111,
1293 2594 1350 2634 21,
1371 2592 1428 2627 72.

49 2651 310 2695 Cacophoniam
344 2662 435 2695 quae
465 2651 603 2693 existit,
637 2651 782 2684 vocibus
813 2664 878 2695 que
900 2664 989 2696 quac
1013 2652 1109 2685 iuxta
1136 2650 1268 2695 positis,
1292 2654 1430 2683 nostrae

51 2708 188 2743 lectioni
211 2719 279 2744 non
302 2709 463 2749 obstare,
495 2708 633 2743 Cottius
659 2708 776 2743 docuit
804 2709 849 2743 ad
875 2709 912 2741 h.
937 2709 960 2744 Ι.
984 2712 1019 2742 et
1043 2708 1211 2753 chsing.
1236 2708 1280 2741 ad
1305 2707 1377 2741 Oss'.
1403 2708 1430 2747 1,
