1630 3034
450 161 807 206 IUGURTHA.
842 161 969 204 CAP.
1003 161 1081 202 XI.
1419 165 1476 204 59

90 282 315 326 nistrando
364 280 555 340 imperio
602 279 902 332 dissererent,
951 276 1171 336 Iugurtha
1211 277 1325 321 inter
1369 278 1475 321 alias

90 395 160 423 res
194 378 298 421 iacit
320 383 530 437 oportere
550 374 825 433 quinquenni
846 374 1046 417 consulta
1069 380 1113 417 et
1133 373 1314 417 decreta
1331 375 1478 418 omnia

91 475 305 526 rescindi;
341 489 443 517 nam
479 488 565 533 per
598 487 651 514 ea
692 476 899 527 tempora
937 470 1194 513 confectum
1223 470 1345 513 annis
1378 469 1474 514 Mi-

92 572 266 632 cipsam
303 585 464 630 parum
488 569 634 612 animo
663 567 864 610 valuisse.
934 565 1056 610 Tum
1089 566 1212 610 idem
1240 567 1510 627 HiempsaIG

91 669 273 728 placere
305 667 386 711 sibi
410 664 666 725 respondit3
696 678 799 707 nam
819 663 969 722 ipsum
987 663 1115 706 illum
1148 664 1290 707 tribus
1307 680 1478 724 proxu-

91 821 134 844 ex
155 811 251 844 Vrat.
280 809 312 844 2.
336 813 372 843 et
394 809 512 843 Guelf.
534 808 588 841 11.
613 807 721 841 edidit
745 819 835 842 cons.
868 809 984 842 omnia
1014 811 1048 841 et
1073 807 1178 848 decr„
1200 807 1332 850 pariter
1347 807 1477 843 iudicio

90 871 208 914 lapsus
222 876 326 913 atque
342 881 374 903 c.
395 870 460 909 lx,
483 869 519 903 3.
537 888 581 893 —
605 869 770 902 Rescindi
787 868 809 905 i.
832 880 862 903 e.
887 866 1038 908 aboleri,
1063 867 1219 910 dissolvi,
1243 867 1343 903 irrita
1358 869 1480 911 reddi3

91 931 216 965 Noster
240 931 385 974 Fragm.
417 929 550 963 Histor.
578 930 605 971 I,
638 930 705 971 19,
730 930 786 964 1-1.
821 929 973 973 (Gerl.)
1021 929 1114 961 Belli
1146 928 1226 961 iura
1256 929 1480 965 rescindi.
1509 971 1511 973 Ι

91 991 170 1027 Ῑιίν.
198 990 324 1032 XXVI,
364 990 422 1031 31,
451 990 507 1026 10.
559 990 610 1024 Nc
640 995 722 1024 acea
748 1002 824 1024 mea
857 989 1162 1023 rescindendo
1192 988 1279 1021 alios
1307 991 1482 1033 segniores

86 1052 248 1097 faciatis.
273 1050 368 1085 Suet.
384 1050 506 1084 Tiber.
527 1063 556 1084 c.
573 1051 767 1084 xxxvlll.
791 1051 907 1084 Yaler.
930 1049 1027 1083 Max.
1043 1048 1120 1089 VII,
1136 1048 1171 1089 7,
1196 1048 1243 1082 in.
1268 1049 1380 1083 Con'r.

187 1114 221 1155 §-
246 1111 278 1145 6.
326 1111 439 1146 tribus
462 1112 636 1155 proxumis
666 1113 782 1156 annis]
816 1111 958 1155 Aliquot
987 1109 1118 1143 Guelff.
1143 1109 1215 1143 Inc.
1239 1109 1271 1143 1.
1296 1111 1330 1144 2.
1354 1111 1431 1148 Vin.
1445 1111 1481 1145 2.

93 1172 202 1207 Acad.
220 1173 322 1205 Rem.
347 1172 381 1206 1.
405 1173 516 1206 tribus
540 1172 615 1205 his
644 1185 738 1217 prox.
759 1186 832 1214 αη.,
858 1171 950 1216 quod
973 1169 1110 1204 eortius
1125 1169 1161 1203 in
1176 1173 1272 1205 textu
1295 1173 1484 1216 expressit3

94 1234 169 1268 his
195 1234 276 1268 trib.
308 1244 405 1278 pro-‘c-
437 1244 494 1266 απ.
531 1237 642 1267 exstat
665 1233 702 1267 in
730 1233 826 1268 Leid.
852 1233 890 1267 C.
913 1232 942 1268 Ι.
968 1231 1012 1265 Κ.
1037 1231 1168 1265 Arond.
1192 1231 1333 1265 Pembr.
1349 1233 1431 1267 Bas.
1447 1233 1482 1267 1.

93 1295 200 1329 Bern.
226 1296 260 1330 1.
277 1293 312 1328 3.
338 1303 424 1337 quos
451 1292 662 1328 Gerlachius
684 1298 820 1328 secutus
843 1297 905 1327 est.
951 1290 1093 1326 Relicui
1113 1302 1305 1334 pronomen
1327 1303 1396 1327 non
1419 1294 1484 1329 ha-

94 1356 197 1396 bent3
221 1355 312 1398 quod
341 1365 449 1397 quum
468 1358 574 1388 tanta
603 1354 772 1388 varietate
795 1355 869 1388 iam
897 1357 1097 1397 suspectum
1122 1352 1205 1393 fiat,
1241 1364 1343 1386 sensu
1366 1358 1485 1389 antem

95 1417 198 1461 plane
222 1417 373 1449 otiosum
400 1415 463 1455 sit,
488 1426 598 1458 neque
622 1415 740 1458 probis
766 1415 867 1448 codd.
891 1414 990 1447 velut
1013 1413 1097 1448 Naz.
1125 1413 1296 1448 Commel.
1321 1414 1418 1448 Leid.
1445 1416 1487 1452 Ia.

96 1477 180 1511 Sen.
202 1478 234 1510 1.
260 1477 349 1521 Teg.
378 1476 464 1509 Tur.
491 1476 524 1509 1.
556 1480 788 1518 sustentetur,
818 1488 887 1509 non
920 1474 1064 1508 dubium
1098 1477 1149 1507 est
1173 1473 1256 1517 quin
1288 1485 1310 1509 a
1332 1475 1488 1512 librariis

95 1538 294 1582 profectum
318 1536 387 1576 sit,
416 1536 476 1579 qui
498 1538 691 1580 proximum
713 1548 753 1570 eo
777 1536 968 1579 vocabulo,
993 1535 1085 1579 quod
1107 1535 1177 1568 hoc
1199 1546 1302 1568 sensu
1325 1537 1488 1573 usitatius

96 1602 171 1640 est,
209 1597 385 1641 explicare
417 1598 562 1631 vellent.
593 1599 640 1633 cf.
675 1598 768 1631 infra
799 1609 828 1630 c.
862 1596 994 1637 XXXI,
1020 1595 1055 1628 2.
1113 1594 1219 1640 Piget
1247 1597 1381 1638 dicere,
1416 1599 1487 1633 his

97 1659 234 1692 annis
260 1658 329 1691 XX
357 1669 461 1702 qnam
485 1659 633 1692 ludibrio
665 1659 811 1701 fueritis
842 1657 1022 1702 superbiae
1051 1666 1253 1700 paucorum.
1286 1658 1359 1691 Cic.
1395 1660 1487 1704 Epp-

97 1720 142 1754 ad
174 1720 314 1754 Famm.
345 1719 419 1760 Vll,
453 1719 487 1759 9,
518 1719 551 1754 1.
601 1720 722 1764 Neque
745 1730 811 1764 ego
839 1719 885 1752 ad
902 1724 939 1753 te
965 1717 1036 1750 his
1059 1717 1232 1751 duobus
1254 1721 1488 1754 mensibus

97 1781 307 1825 scripseram.
331 1779 378 1813 id.
404 1780 447 1812 de
468 1780 568 1824 petit.
593 1792 686 1814 cons.
710 1791 742 1813 c.
766 1780 815 1820 V3
840 1779 965 1822 quibus
991 1777 1159 1820 exemplis
1183 1788 1205 1811 a
1229 1778 1346 1813 Cottio
1369 1780 1488 1815 allatis

97 1841 186 1875 adde
209 1851 299 1884 quae
322 1839 477 1883 plurima
501 1840 676 1886 congessit
699 1840 964 1874 Drakenborch.
989 1839 1034 1873 ad
1057 1838 1136 1872 Liv.
1158 1839 1198 1879 V,
1223 1838 1281 1882 51,
1305 1838 1339 1874 5.
1387 1841 1488 1875 Unde

97 1901 203 1935 simul
227 1900 456 1945 intelligitur,
489 1902 545 1935 hic
580 1901 819 1936 tantummodo
843 1902 886 1934 de
917 1911 958 1934 eo
983 1903 1139 1942 tempore
1163 1899 1253 1940 dici,
1278 1901 1369 1944 quod
1391 1906 1489 1935 recta

99 1962 257 1995 oratione
279 1963 393 1995 utenti
416 1963 615 2006 proximum
641 1966 713 2002 est,
747 1973 859 2005 neque
882 1962 927 1995 ad
950 1961 1047 1994 aliud
1070 1960 1137 1993 nisi
1159 1960 1204 1992 ad
1236 1960 1272 1993 id
1286 1988 1294 2003 ‚
1319 1962 1411 2004 quod
1435 1962 1490 1995 di·-

101 2021 191 2054 centi
221 2033 302 2055 vere
332 2033 496 2065 praesens
529 2027 602 2064 est,
646 2021 772 2055 referri
810 2033 921 2065 posse.
969 2022 1088 2065 Quare
1129 2021 1184 2054 hic
1226 2020 1269 2053 de
1299 2021 1490 2064 praeterito

101 2087 257 2124 tempore
279 2093 348 2115 non
373 2082 488 2116 minus
522 2084 698 2116 soloecum
732 2086 802 2123 est,
836 2093 941 2126 quam
966 2083 1008 2115 de
1033 2086 1168 2115 remoto
1194 2081 1292 2122 loco,
1318 2086 1357 2115 ut
1381 2093 1421 2115 ex
1446 2093 1489 2116 eo

102 2153 239 2185 quoque
262 2146 375 2185 patet,
400 2142 491 2185 quod
515 2143 631 2176 Latini
654 2142 717 2176 nbi
737 2143 960 2186 praeteritam
987 2153 1062 2176 rem
1087 2147 1252 2184 tanquam
1276 2147 1489 2184 praesentem

103 2203 299 2244 intuentur,
322 2214 393 2236 non
416 2214 526 2244 nnnc,
551 2203 610 2236 sed
634 2208 715 2237 tunc
739 2203 874 2245 dieunt,
907 2203 999 2246 quod
1024 2202 1110 2236 scite
1132 2202 1330 2236 observavit
1353 2204 1492 2247 Zumpt.

106 2263 265 2297 Gramm.
288 2263 366 2298 Lat.
399 2265 432 2305 §.
455 2263 513 2297 63.
543 2275 577 2306 p.
602 2263 681 2298 239.
705 2264 758 2297 ed.
783 2265 840 2299 lv,
871 2265 1011 2298 W'nlch.
1036 2264 1203 2299 Emendd.
1227 2263 1326 2297 Liwr.
1350 2276 1386 2308 p.
1410 2264 1491 2299 138.

104 2325 150 2359 cf.
185 2325 229 2358 ad
254 2336 283 2358 c.
315 2324 436 2365 XLVI,
460 2325 493 2359 1.
540 2324 697 2368 Denique
728 2325 958 2366 monendum,
992 2336 1060 2368 quo
1094 2324 1148 2358 usi
1180 2329 1259 2358 sunt
1294 2325 1434 2359 Cortius
1458 2330 1494 2360 et

106 2385 315 2419 Gerlachius
347 2385 508 2428 exemplo
540 2385 583 2418 ad
615 2385 670 2419 his
700 2386 887 2426 tuendum,
921 2385 992 2418 Cic.
1016 2385 1112 2418 Lacl.
1145 2396 1174 2418 e.
1200 2385 1244 2426 11,
1277 2385 1312 2421 7.
1360 2386 1414 2419 Ex
1438 2397 1492 2420 me

106 2451 297 2491 quaerunt,
323 2457 471 2490 quonam
495 2452 600 2490 pacto
624 2451 767 2480 mortem
791 2447 952 2489 Africani
967 2447 1093 2488 feras,
1120 2457 1224 2490 eoque
1249 2448 1378 2492 magis,
1402 2448 1493 2492 quod

103 2518 223 2552 prox·
238 2507 352 2540 umis
375 2508 468 2551 (his)
494 2507 638 2541 Nonis
665 2511 702 2541 tu
721 2518 789 2540 ποη
811 2507 967 2550 affuisti,
993 2517 1034 2540 eo
1057 2506 1146 2540 nihil
1170 2508 1286 2549 effici,
1311 2520 1419 2551 quum
1442 2508 1495 2542 ibi

106 2578 245 2611 quoquc
278 2578 467 2612 pronomen
501 2578 523 2601 a
552 2566 704 2601 librariis
737 2566 893 2600 additum
929 2567 994 2608 sit,
1029 2572 1123 2602 recte
1165 2580 1186 2604 a
1220 2569 1427 2602 Gernhartlo
1458 2572 1494 2603 et

107 2627 236 2661 Beiem
258 2628 450 2662 multorum
473 2627 573 2662 codd.
595 2628 664 2662 fide
687 2627 848 2662 eiectum.
867 2647 910 2653 --
935 2630 1183 2673 Αάορίαίὶοηε,
1208 2629 1299 2673 qnod
1323 2630 1494 2673 praebent

109 2687 194 2722 Bas.
215 2688 248 2722 1.
274 2689 406 2724 Arond.
437 2689 525 2734 Reg.
560 2689 673 2723 Max-k.
699 2691 742 2723 Γ.
766 2692 809 2723 Α.
840 2689 962 2723 Pemh.
996 2689 1076 2723 Sen-
1101 2689 1138 2724 2.
1170 2691 1244 2724 Inc.
1270 2689 1303 2723 1.
1329 2690 1426 2725 Leia.
1450 2690 1491 2724 L.

109 2759 156 2782 m.
179 2760 214 2793 p.
248 2749 298 2783 M.
325 2749 368 2784 N.
402 2753 437 2783 et
467 2749 588 2791 Μίδα,
623 2748 738 2784 minus
762 2749 902 2794 quidem
934 2749 1103 2786 usitatum
1126 2750 1239 2785 altera
1260 2750 1378 2785 forma
1406 2750 1494 2784 ado-
