1630 3034
410 116 765 187 IUG'URTHA,
825 143 953 186 GAP.
981 142 1160 190 XLvn.
1379 143 1465 184 εστ

92 261 249 322 Vaga,
293 261 442 304 forum
485 275 636 304 rerum
679 259 900 303 venalium
935 259 1066 303 totius
1101 259 1229 319 regni
1262 273 1470 303 maxume

94 358 390 413 celebratum,
425 358 502 401 ubi
537 363 582 401 et
616 356 811 405 incolere
846 361 891 399 et
915 356 1110 416 „mercari
1146 360 1472 400 consueverant

91 454 232 498 Italici
258 455 433 514 generis
459 454 584 497 multi
615 453 834 497 mortales.
904 452 1009 495 Huc
1037 452 1188 495 consul
1213 452 1342 495 simul
1371 457 1510 497 ten-2

91 550 215 594 tandi
259 551 426 611 gratia,
471 557 540 605 et,
594 550 630 594 si
677 554 958 610 paterentur,
994 549 1337 610 {opportunitate
1374 548 1472 612 ‘loci

93 735 183 768 tur,
229 731 372 765 Inverso
394 731 498 765 modo
523 735 645 765 auctor
667 732 806 765 locutus
831 734 882 765 est
902 730 980 775 lug.
1006 729 1084 763 clx
1098 755 1108 772 ,
1125 728 1158 763 2.
1208 729 1407 771 Quaesitum
1429 729 1471 763 ab

93 802 154 832 eo,
184 802 337 835 paoem
372 803 419 825 an
457 792 621 826 bellum
654 789 931 838 agitaturus
947 793 1054 835 soret.
1090 801 1123 827 V.
1153 790 1197 824 ad
1223 790 1413 831 xxxvln,
1437 789 1471 824 9.

90 854 124 885 et
145 851 190 885 ad
213 852 282 894 LV,
305 851 339 886 1.

187 913 322 947 XLVII.
359 915 392 956 §.
416 913 451 948 1.
498 925 563 958 quo
603 913 763 948 Metellus
794 912 986 959 pergebat]
1019 911 1156 946 eortius
1185 922 1250 954 pro
1284 922 1349 955 quo
1379 910 1475 944 male

93 972 299 1008 coniiciebat
322 974 542 1007 scribendum
565 985 639 1006 esse
664 986 752 1018 qua,
787 986 854 1007 non
885 973 1032 1007 sentiens
1067 984 1132 1016 quo
1162 983 1231 1006 non
1256 971 1475 1009 adverbium,

93 1032 153 1066 sed
176 1033 364 1068 relativum
388 1046 473 1069 esse.
498 1053 541 1059 —
574 1034 676 1078 Vaga
701 1035 735 1070 h.
767 1035 789 1070 l.
814 1038 925 1068 exstat
946 1033 982 1066 in
1006 1033 1118 1067 Paris.
1143 1044 1174 1068 z.
1199 1044 1246 1065 m.
1276 1043 1326 1075 pr.
1352 1032 1472 1065 Guelt.

94 1091 151 1133 4.;
175 1093 335 1136 proxime
359 1095 493 1128 accedit
523 1095 616 1128 Vaca
641 1093 677 1127 in
702 1095 820 1128 Guelf.
843 1096 877 1128 3.
901 1098 936 1128 et
964 1095 1083 1127 Vacha
1105 1094 1142 1127 in
1166 1094 1284 1127 Guelf.
1311 1092 1366 1127 11.
1398 1094 1476 1126 Re—

96 1153 182 1186 licui
202 1165 320 1188 omnes
344 1156 473 1189 habent
505 1154 641 1194 Vacca,
675 1155 766 1197 quod
790 1154 1068 1198 improbavimus
1100 1156 1143 1188 ad
1167 1167 1196 1188 c.
1224 1154 1352 1194 XXIX,
1376 1152 1409 1186 4.
1429 1172 1476 1178 -

100 1213 318 1248 celebratum
351 1215 374 1249 i.
406 1227 437 1251 e.
469 1216 745 1258 frequentatum,
781 1217 1072 1260 quemadmodum
1110 1216 1239 1249 celebre
1270 1212 1396 1246 dicitur
1426 1212 1477 1255 id,

97 1274 189 1317 quod
220 1287 289 1308 non
321 1275 396 1310 sine
426 1288 558 1322 magna
588 1277 770 1310 hominum
802 1277 1022 1311 multitudine
1054 1277 1250 1321 cogitatur3
1282 1275 1328 1307 ef.
1360 1273 1477 1308 Tacit.

96 1335 183 1368 Ann.
215 1336 306 1378 XIV,
329 1337 386 1378 48,
410 1337 443 1371 1.
500 1338 672 1371 Antistius
701 1339 865 1381 probrosa
896 1338 1063 1371 adversus
1097 1338 1289 1381 principem
1320 1336 1478 1368 carmina

97 1397 259 1442 vulgavit
282 1398 456 1432 celebri
481 1398 645 1433 convivio.
693 1399 781 1432 Cato
805 1399 847 1432 de
870 1400 916 1432 R.
943 1400 987 1431 R.
1021 1410 1050 1432 c.
1074 1397 1106 1431 l.
1161 1398 1226 1430 Via
1248 1397 1338 1429 bona
1361 1407 1378 1429 c
1393 1396 1478 1429 ele-

98 1456 300 1502 brisque.
330 1458 423 1492 Gen.
456 1459 492 1500 1,
518 1458 552 1492 8.
599 1459 656 1492 Ad
690 1459 806 1491 Laida
840 1464 1022 1492 conuentus
1057 1470 1097 1492 er
1120 1458 1213 1491 omni
1238 1457 1389 1491 Graecia
1412 1467 1479 1490 ce·

97 1516 245 1551 lebres
268 1524 379 1552 erant.
406 1530 436 1552 v.
459 1519 656 1554 Doederliu.
681 1519 912 1563 Synonymm.
936 1521 1027 1554 Latt.
1052 1519 1129 1552 Vol.
1155 1520 1180 1553 1.
1204 1531 1241 1561 p.
1267 1516 1326 1551 25.

189 1579 220 1620 §.
247 1579 280 1612 2.
330 1579 406 1613 Huc
431 1581 568 1624 consul]
603 1580 699 1612 Male
732 1579 887 1613 nonnulli
911 1581 1023 1622 codd„
1050 1580 1147 1614 velut
1170 1580 1275 1613 Rem.
1300 1579 1333 1614 1.
1356 1579 1477 1614 Struv.

97 1637 195 1672 Yrat.
217 1638 250 1672 3.
276 1640 348 1673 Erl.
373 1640 491 1682 Misn„
516 1644 656 1684 propter
679 1641 840 1684 imposuit
863 1641 993 1675 habent
1018 1641 1108 1680 huic,
1132 1640 1226 1684 quod
1249 1639 1405 1683 Bipontt.
1423 1651 1478 1673 re-

97 1704 280 1742 ceperunt3
311 1700 370 1733 se'd
395 1702 460 1735 huc
484 1701 591 1735 ceteri
615 1701 763 1734 editores
790 1705 884 1734 recte
917 1705 1066 1735 tuentur.
1114 1700 1203 1734 Nam
1237 1710 1345 1743 quum
1370 1700 1480 1743 impo-

97 1764 178 1793 nere
202 1761 406 1804 saepissime
427 1762 501 1795 sine
523 1773 608 1796 casu
631 1767 792 1805 ponatur,
816 1767 854 1796 ut
878 1761 1089 1797 ostendimus
1111 1760 1155 1793 ad
1180 1760 1256 1795 Cat.
1280 1772 1309 1794 c.
1334 1760 1392 1802 LI,
1408 1760 1478 1802 28„

97 1819 188 1854 nihil
210 1822 324 1856 obstat
347 1822 531 1866 quominus
561 1823 767 1856 adverbium
792 1822 861 1857 loci
895 1824 938 1857 ad
970 1821 1174 1856 sententiam
1197 1820 1394 1854 accuratius
1418 1821 1480 1854 de-

97 1881 299 1916 clarandam
321 1883 517 1917 adiiciatur.
545 1884 588 1917 cf.
615 1884 708 1917 infra
738 1895 768 1918 c.
792 1884 885 1925 le,
910 1883 944 1918 6.
996 1883 1258 1925 Ubicunque
1280 1892 1336 1913 res
1361 1887 1480 1924 postu-

100 1941 219 1984 labat,
242 1945 456 1987 praesidium
481 1945 754 1988 impositum.
777 1944 900 1985 LXVI,
924 1944 957 1978 2.
1011 1943 1208 1987 Vagenses,
1239 1953 1321 1985 quo
1355 1941 1480 1975 Metel-

101 2002 154 2035 lus
174 2005 388 2046 praesidium
412 2006 714 2048 imposuerat.
740 2004 878 2045 LXXV,
902 2004 934 2037 4.
970 2003 1146 2047 Conquirit
1167 2013 1270 2046 quam
1295 2003 1481 2045 plurimum

99 2067 209 2106 potest
233 2063 354 2097 domiti
375 2065 522 2108 pecoris,
555 2075 698 2108 eoque
731 2064 926 2106 imponit
952 2075 1048 2097 vasa.
1095 2063 1215 2105 Neque
1237 2062 1386 2095 multum
1411 2062 1482 2095 dis-

103 2122 228 2156 similis
261 2129 313 2157 est
346 2125 441 2157 locus
471 2135 501 2160 c.
537 2125 631 2167 LXI,
668 2125 700 2159 1.
751 2125 800 2157 In
833 2124 901 2157 his
933 2124 1119 2157 urbibus
1140 2123 1319 2165 praesidia
1344 2123 1482 2167 impo-

102 2183 190 2223 nit,·
213 2184 404 2227 eademque
427 2184 593 2229 analogia
617 2185 747 2218 addere
771 2185 918 2218 verbum
949 2196 1016 2217 non
1041 2183 1194 2216 dativum
1221 2182 1294 2215 eius
1326 2183 1396 2225 rei,
1425 2183 1482 2218 cui

102 2243 232 2287 aliquid
257 2245 419 2287 additur,
451 2245 650 2279 adiunctum
683 2246 813 2286 habet,
846 2246 906 2278 sed
936 2256 997 2288 pro
1025 2256 1066 2277 eo
1091 2243 1162 2277 loci
1186 2244 1353 2278 adverbio
1377 2255 1481 2287 quor-

101 2314 177 2336 sum
201 2310 331 2347 spectet
356 2305 486 2339 additio
504 2305 731 2350 significatur.
756 2307 802 2339 cf.
827 2305 902 2339 Liv.
930 2307 956 2347 t,
981 2306 1038 2346 33,
1061 2304 1095 2340 3.
1146 2305 1309 2338 Additi
1332 2307 1482 2340 eodem

103 2364 198 2397 haud
222 2366 274 2398 ita
298 2366 404 2399 multo
425 2372 503 2410 post
526 2368 607 2400 πουί
629 2368 738 2409 cives,
766 2367 826 2401 ubi
847 2365 1150 2401 Drakenborchius
1174 2366 1394 2409 comparavit
1410 2367 1483 2402 Cic.

103 2425 198 2458 Lael.
223 2425 402 2468 c.18‚5.
439 2427 480 2470 (ἓ
511 2427 592 2471 65.)
637 2429 898 2462 Addendum
933 2426 1086 2460 eodem
1118 2431 1189 2468 est,
1224 2431 1263 2460 ut
1292 2438 1334 2460 ue
1358 2427 1394 2460 in
1418 2429 1484 2462 cri-

103 2487 250 2523 minibus
275 2492 339 2521 aut
361 2488 554 2529 infer-undis
577 2489 780 2531 delectetur,
816 2493 880 2522 aut
902 2488 1023 2520 credat
1045 2487 1179 2520 oblatis.
1203 2506 1249 2511 -
1273 2488 1342 2530 Qui
1368 2487 1484 2530 sequi-

102 2551 160 2580 tur
182 2548 281 2580 locus
304 2548 452 2581 mirifire
475 2549 614 2582 vexavit
637 2550 804 2590 editores,
829 2555 863 2582 et
889 2559 912 2582 a
935 2547 1107 2591 plerisque
1139 2547 1298 2581 omnibus
1325 2559 1393 2581 nou
1417 2548 1484 2582 mi-

104 2617 166 2640 uus
189 2608 282 2640 male
316 2608 465 2651 scriptus
496 2620 603 2652 quam
633 2609 821 2653 explicatus
845 2613 907 2642 est.
956 2609 1114 2652 Quorum
1146 2608 1322 2642 erroribus
1352 2608 1484 2642 exami-

105 2667 227 2700 nandis
251 2671 285 2701 et
306 2669 506 2702 refellendis
538 2681 581 2702 ne
604 2670 794 2715 fatigemus
821 2671 986 2709 lectores,
1021 2680 1100 2703 eam
1123 2669 1218 2703 viam
1240 2669 1421 2712 inibimus,
1445 2673 1485 2703 ut

107 2727 312 2771 scripturam
335 2740 356 2763 a
370 2729 471 2764 nobis
494 2736 672 2775 receptam
687 2731 910 2773 explicemus,
941 2734 1135 2765 ceterorum
1156 2729 1310 2765 rationes
1333 2729 1485 2764 breviter
