1630 3034
203 219 291 265 580
567 213 614 258 C·
642 211 978 258 SALLUSTI
1008 215 1235 261 GRISPI

205 334 266 379 de
297 331 542 394 improviso
578 331 850 393 acciderant,
890 333 1036 380 dubio·
1064 339 1201 395 atque
1234 333 1482 381 haesitante
1516 307 1593 382 Iu}

167 429 387 493 7gurtha,
423 430 667 475 incolumes
705 436 943 477 transeunt.
1014 432 1192 477 Deinde
1226 434 1383 495 paucis
1422 434 1596 493 diebus,

205 544 298 589 quo
326 530 392 574 ire
425 526 718 585 intenderant,
753 504 1021 590 perventum
1056 535 1136 576 est.

345 625 508 685 CVIII.
545 625 616 670 Ibi
646 641 748 670 cum
774 625 964 672 Boccho
991 626 1192 671 Numida
1217 626 1416 686 quidam,
1445 627 1597 688 Aspar
1619 680 1623 685 ,

206 724 410 782 nomine,
454 723 642 768 multum
689 727 736 768 et
774 723 1050 769 familiariter
1089 724 1281 785 agebat,
1326 716 1597 786 praemiesus

207 823 267 870 ab
317 819 558 886 Iugurtha,
617 826 862 883 postquam
907 822 1080 869 Sullam
1136 823 1330 869 accitum
1381 823 1598 881 audierat,

208 994 427 1040 Romano,
451 993 611 1036 1itterae‚·
634 994 779 1040 supple=
802 993 896 1039 apud
920 1003 1040 1028 omnes
1063 993 1158 1027 enim
1180 993 1288 1028 Rom.
1314 992 1464 1038 exiguae
1487 994 1597 1028 erunt.

208 1057 336 1093 Tusce.
359 1057 407 1102 11,
430 1056 487 1099 27,
511 1055 569 1091 65.
619 1057 757 1099 Gracci,
780 1056 984 1102 prudentes,
1008 1059 1056 1091 ut
1080 1061 1149 1091 est
1175 1060 1338 1100 captus
1361 1054 1598 1098 hominum,

207 1118 294 1163 (non
325 1121 378 1153 est
408 1121 529 1153 autem
560 1119 729 1163 magnus)
759 1118 859 1160 satis,
893 1116 956 1151 ubi
987 1127 1023 1150 v.
1056 1117 1235 1159 Kuehner,
1267 1119 1301 1151 et
1331 1117 1374 1150 ad
1409 1115 1439 1158 1,
1471 1115 1507 1157 8,
1541 1115 1599 1153 15.

207 1189 243 1224 p.
273 1178 332 1215 59.
379 1179 481 1214 Brut.
514 1190 544 1212 c.
575 1179 611 1221 7,
641 1179 701 1214 27.
749 1179 873 1224 Opinio
907 1183 958 1213 est
989 1178 1199 1214 Clisthenem
1222 1178 1388 1218 multum,
1411 1180 1600 1211 uttem-

206 1240 405 1285 poribus
437 1240 564 1282 illis,
597 1240 748 1274 valuisse
780 1240 936 1274 dicendo.
970 1239 1049 1274 mv.
1081 1240 1147 1281 lV,
1181 1239 1247 1282 13,
1281 1237 1314 1270 1.
1373 1238 1524 1272 Maelius
1559 1251 1600 1274 ex

140 1347 143 1349 -
208 1300 361 1346 equestri
385 1301 528 1342 ordine,
558 1305 605 1335 ut
638 1301 744 1335 illis
777 1301 1084 1346 temporibus,
1114 1300 1310 1345 praedives.
1335 1298 1462 1342 xxm
1485 1299 1543 1342 28,
1566 1301 1601 1338 1.

209 1361 434 1407 Apollonides
468 1362 660 1396 orationem
695 1363 906 1404 salutarem,
941 1367 990 1398 ut
1021 1362 1068 1396 in
1098 1361 1194 1396 tali
1217 1365 1438 1404 tempore,
1467 1362 1602 1397 habuit.

210 1423 258 1457 cf.
293 1421 403 1458 etium
435 1422 618 1457 Bremium
650 1423 695 1458 ad
725 1423 813 1469 Nep.
845 1425 972 1468 Epam.
1002 1434 1034 1458 c.
1058 1423 1100 1464 V,
1124 1422 1158 1456 2.
1184 1422 1340 1466 Herzog.
1365 1422 1412 1459 ad
1434 1422 1532 1457 Caes.
1558 1423 1603 1460 B.

211 1483 258 1518 G.
281 1483 341 1528 lv,
364 1482 399 1517 3.
424 1494 458 1527 p.
480 1483 562 1521 204.
586 1484 771 1520 Heindorf.
796 1485 840 1520 ad
864 1485 953 1519 Hor.
979 1484 1053 1519 Sat.
1076 1484 1106 1527 1,
1130 1482 1166 1525 6,
1190 1481 1248 1518 79.
1275 1482 1420 1526 Grysar.
1444 1487 1511 1517 art.
1535 1484 1601 1518 La-

210 1542 284 1578 tine
305 1542 479 1577 scribendi
503 1556 538 1588 p.
562 1544 642 1588 569,
666 1544 723 1588 4.,
757 1546 818 1589 qui
841 1557 961 1581 omnes
985 1548 1102 1580 tamen
1126 1555 1195 1578 non
1218 1543 1302 1577 satis
1326 1548 1490 1579 accurate
1513 1545 1604 1580 inter

210 1606 402 1647 utrumque
425 1603 563 1638 dicendi
589 1605 733 1639 modum
766 1606 1006 1641 distinxerunt.
1064 1606 1185 1649 Quare
1209 1603 1354 1640 alterius
1377 1616 1515 1649 quoque
1538 1617 1604 1652 ge-

210 1664 316 1710 neris,
349 1665 449 1699 cuius
473 1665 565 1699 ratio
589 1677 632 1700 ex
655 1667 873 1702 affirmativa
894 1666 1063 1702 sententia
1085 1666 1223 1710 pendet,
1258 1676 1472 1710 apponemus
1495 1678 1604 1710 qnae-

211 1725 294 1761 dum
318 1726 500 1770 exempla,
534 1725 596 1760 ubi
619 1731 657 1761 ut
680 1728 770 1762 duas
792 1739 848 1762 res
873 1731 1034 1771 respectu
1058 1726 1250 1772 praedicati
1272 1737 1374 1770 pares
1397 1738 1471 1762 esse
1494 1728 1603 1772 signi-

211 1786 307 1822 ficat.
339 1786 413 1822 Cic.
436 1787 563 1822 Tusce.
588 1787 625 1829 Ι,
653 1787 699 1830 8,
724 1787 783 1825 15.
830 1789 900 1822 Sed
924 1793 963 1823 tu
992 1788 1078 1822 mihi
1101 1788 1230 1821 videris
1253 1787 1476 1831 Epicharmi,
1509 1789 1605 1823 acuta·

211 1859 276 1882 nec
304 1847 428 1882 insulsa·
457 1847 627 1889 hominis,
657 1853 706 1883 ut
739 1849 906 1891 Siculi,
945 1849 1153 1884 sententiam
1194 1848 1311 1892 seqm'5
1351 1847 1374 1880 i.
1404 1859 1435 1883 e.
1467 1850 1605 1893 pariter

212 1907 320 1951 acuti,
342 1913 382 1943 ut
405 1919 521 1943 omnes
545 1909 655 1943 Siculi
680 1914 771 1945 sunt.
797 1910 840 1944 de
864 1910 936 1944 Off.
961 1911 1024 1955 ln,
1049 1909 1107 1952 14,
1131 1907 1188 1943 58.
1239 1908 1396 1952 Pythius,
1420 1910 1478 1954 qui
1501 1916 1602 1954 essct,

213 1973 262 2005 nt
294 1969 623 2015 argentarius,
655 1971 752 2016 apud
782 1972 893 2006 omnis
922 1972 1059 2006 ordines
1090 1970 1294 2016 gratiosus,·
1323 1981 1442 2004 omnes
1472 1971 1605 2007 scilicet

213 2029 406 2075 argentarii
430 2029 578 2076 gratiosi
601 2034 691 2067 sunt.
713 2032 764 2066 Id.
789 2033 832 2067 de
856 2032 955 2067 orat.
975 2031 1074 2077 11,1,
1099 2031 1134 2065 2.
1161 2031 1252 2074 Quos
1276 2035 1360 2073 tum,
1385 2036 1435 2066 ut
1455 2033 1603 2076 pueri,

214 2092 371 2133 refutare
395 2091 591 2125 domesticis
616 2093 758 2127 testibus
777 2093 968 2127 solebamus
977 2105 990 2135 ,-
1021 2104 1142 2129 omnes
1166 2092 1260 2126 enim
1283 2092 1381 2136 pueri
1405 2093 1606 2128 domesticis

214 2151 361 2186 testibus
394 2154 550 2187 utuntur.
585 2152 664 2187 mv.
698 2153 825 2198 XXlX,
859 2155 894 2198 1,
926 2153 984 2188 22.
1035 2155 1188 2199 Trepida
1210 2154 1337 2195 omnia,
1369 2158 1417 2188 ut
1442 2155 1605 2189 incon-

215 2211 367 2245 ditam
391 2213 492 2247 turb
503 2224 568 2246 am
590 2213 815 2257 tironum,
845 2226 940 2255 essc,·
972 2216 1034 2250 ubi
1066 2213 1374 2250 Drakenborchius
1397 2214 1499 2258 plura
1520 2227 1605 2250 con-

213 2270 306 2305 tulit.
328 2289 375 2296 —
397 2271 513 2307 verba
537 2284 579 2306 ac
603 2275 722 2310 statim
743 2276 892 2320 profecti
916 2276 1054 2311 eortius
1078 2276 1122 2311 ad
1146 2271 1266 2320 priora
1285 2275 1402 2318 refert,
1425 2276 1605 2319 eemicob,

213 2331 309 2374 qnod
332 2334 410 2375 post
430 2334 579 2377 probato
604 2338 677 2378 eut,
707 2337 779 2370 huc
800 2337 1030 2380 transposito,
1065 2348 1134 2381 quo
1166 2336 1272 2371 totius
1304 2336 1492 2371 sententiae
1515 2336 1606 2371 ratio

215 2394 253 2425 et
277 2391 493 2428 concinnitas
514 2396 736 2438 pervertitur,
760 2396 930 2440 siquidem
962 2397 1077 2431 oratio
1101 2408 1169 2431 non
1192 2397 1306 2431 solum
1329 2397 1448 2432 hiulca
1470 2397 1521 2440 fit,
1544 2397 1604 2433 sed

182 2450 189 2454 ⁴
212 2454 362 2496 profecti
393 2453 500 2487 etiam
531 2454 605 2489 vim
640 2456 800 2500 primarii
833 2457 931 2491 verbi
963 2458 1108 2502 accipit,
1144 2459 1189 2492 nb
1223 2457 1292 2491 loci
1314 2469 1415 2492 sensu
1438 2457 1602 2494 alienam.

215 2512 420 2547 Nan-rationi
453 2514 547 2549 enim
581 2516 624 2550 de
652 2528 692 2551 ro
718 2518 870 2562 probata
904 2519 1107 2565 adiungitur
1138 2523 1290 2560 eventus,
1321 2518 1501 2554 interiecta
1521 2530 1605 2564 pro-

212 2573 376 2616 ¹fectionis
398 2573 561 2620 notione,
594 2588 684 2621 qnae
705 2578 850 2613 minoris
874 2578 909 2612 in
934 2579 1001 2613 hoc
1024 2579 1167 2625 negotio
1190 2579 1357 2614 momenti
1382 2584 1444 2614 ent.
1466 2597 1513 2605 —
1537 2582 1605 2614 Ac-

217 2632 376 2668 oidcront
408 2638 460 2669 est
489 2635 526 2669 in
557 2637 665 2672 Fabr-
699 2638 731 2672 1.
766 2639 845 2673 Scn.
871 2639 906 2674 1.
931 2640 1076 2685 Bet-ger.
1103 2640 1222 2675 Struv.
1247 2641 1342 2676 vrat.
1366 2640 1399 2674 2.
1425 2640 1542 2674 Guelf.
1567 2640 1603 2676 1.

218 2691 253 2726 3.
285 2692 321 2726 6.
350 2693 385 2727 9.
418 2695 475 2730 10.
508 2697 565 2731 11.
598 2698 654 2733 12.
683 2699 799 2735 Mark.
832 2702 874 2734 Γ.
906 2699 1002 2734 Leid.
1036 2702 1077 2738 Λ.
1105 2702 1146 2735 F.
1169 2703 1216 2735 Π.
1243 2703 1270 2736 1.
1295 2702 1340 2735 K.
1366 2701 1483 2735 Berol.
1510 2702 1542 2738 1.
1565 2702 1602 2737 2.

219 2752 325 2787 Misn.
356 2754 473 2788 (ἶσοι-Ι.
520 2757 597 2792 Non
628 2760 779 2794 multum
810 2760 855 2794 ab
882 2771 925 2795 eo
956 2761 1030 2795 abit
1055 2762 1241 2804 acciderat,
1265 2762 1357 2805 quod
1380 2762 1475 2796 haud
1499 2762 1602 2807 pauci

215 2813 345 2856 tenent,
367 2826 582 2862 quamquam
605 2817 658 2857 ita
680 2831 722 2855 ex
746 2820 1012 2867 interpolatione
1032 2822 1202 2867 scriptum
1225 2825 1278 2858 ost
1300 2823 1346 2857 ab
1369 2822 1432 2867 iis,
1455 2822 1516 2867 qni
1540 2833 1601 2857 oo-
