1630 3034
417 131 775 177 IUGURTHA.
837 132 973 176 CAP.
1005 132 1088 177 ΟΠ.
1355 137 1440 179 553

56 263 160 293 uum
190 249 420 293 benefieiis
457 251 623 294 victum
661 265 784 303 esse3
831 265 935 294 nam
976 251 1097 295 bello
1133 250 1242 311 quid
1281 252 1440 308 valeat,

57 351 150 389 tute
187 347 281 390 scis.

193 442 269 487 Ad
323 458 377 486 ea
425 442 636 487 Bocchus
693 442 874 503 placide
932 450 977 488 et
1035 444 1258 505 benigne3
1314 444 1507 489 simu112

54 597 116 638 XI,
139 596 175 632 7.
223 598 324 641 Quod
354 599 495 632 verbum
528 598 572 632 in
604 602 764 642 pectus
787 597 984 642 Iugurthae
1008 600 1182 641 altius,
1218 610 1323 644 quam
1346 600 1440 644 quis-

53 670 160 703 quam
182 665 282 693 ratus
311 664 410 702 erat,
448 658 706 699 descendit,
743 657 804 691 ubi
837 669 870 693 v,
911 658 1008 692 Adde
1041 659 1367 694 Drakenborchium
1396 660 1442 694 ad

51 718 130 755 Liv.
154 720 320 761 XXXIV,
343 719 412 761 50,
440 718 474 752 2.
529 719 702 752 Fremitus
729 719 805 762 suit
835 721 1071 761 monentium,
1105 725 1144 754 ut
1176 732 1236 754 cas
1267 731 1365 754 voces
1397 722 1443 754 in

49 785 241 824 pectora
272 779 548 824 animosque
584 780 902 815 demitterent.
960 779 1198 814 Nihilominus
1233 781 1444 815 Gerlachius

52 839 88 874 in
112 841 164 874 ed.
190 841 274 875 mai.
300 840 438 875 dimitte
461 832 608 884 scripsit.
648 839 750 883 Quod
774 843 893 873 autem
916 839 952 874 in
977 841 1186 877 Commentt.
1210 853 1245 885 p.
1270 842 1351 876 329.
1376 843 1441 877 de-

51 901 150 936 mitte
183 913 220 936 se
251 901 402 946 probare
433 900 505 944 ait,
537 912 625 934 cave
658 904 758 944 putes
788 901 925 934 ratione
956 906 1154 944 permotum
1178 902 1310 938 fecisse.
1355 902 1442 937 Eius

51 961 146 995 enim
171 973 238 996 non
262 972 372 1006 capax
396 961 435 995 V.
461 963 532 1001 D.;
562 962 693 995 codices
718 962 893 1005 sequitur3
917 962 1044 1006 quibus
1068 962 1212 996 ducibus
1234 963 1270 996 in
1295 963 1347 996 ed.
1374 964 1443 998 mi-

49 1033 135 1055 nore
158 1022 312 1066 ineptum
337 1022 473 1057 dimitte
497 1021 661 1057 restituit.
685 1041 728 1047 —-
771 1023 855 1055 Esse
879 1027 957 1066 post
980 1024 1108 1056 victum
1140 1035 1209 1057 non
1232 1025 1383 1058 hahetur
1404 1025 1443 1058 in

51 1082 170 1116 Guelf.
203 1083 238 1118 3.
272 1083 379 1117 Fabr.
412 1083 445 1118 l.
476 1083 561 1117 Ven.
593 1082 628 1116 4.
654 1085 689 1116 et
711 1082 860 1116 Tauria.
891 1083 1021 1117 Omisit
1044 1083 1200 1126 Cortius3
1230 1085 1443 1120 Gerlachius

48 1142 192 1178 retinuit
214 1144 250 1178 in
273 1145 327 1178 ed.
352 1144 449 1186 mai„
481 1144 665 1177 delendum
689 1143 900 1188 pronunciat
924 1143 958 1176 in
984 1144 1192 1179 Commentt.
1219 1158 1254 1190 p.
1281 1146 1377 1190 329„
1400 1158 1442 1181 ac

48 1213 190 1246 rursus,
212 1217 281 1249 quo
307 1206 573 1240 inconstantiam
597 1216 697 1239 suam
731 1207 937 1245 ostentaret,
971 1203 1008 1237 in
1033 1205 1086 1238 ed.
1112 1205 1196 1240 min.
1220 1206 1372 1250 repetiit.
1396 1227 1441 1233 —

49 1262 150 1306 Quae
167 1275 230 1308 per
251 1274 334 1299 nam
359 1266 570 1311 particulam
592 1265 786 1300 annectitur
806 1264 1015 1305 enunciati0‚
1039 1276 1107 1299 non
1130 1270 1262 1310 spectat
1286 1267 1330 1300 ad
1353 1267 1442 1311 ipsa,

49 1334 140 1366 quae
161 1331 422 1368 praecesserunt
446 1328 566 1367 verba,
590 1328 650 1361 sed
675 1328 718 1361 ad
741 1325 983 1360 huiuscemodi
1004 1326 1210 1361 sententiam
1227 1327 1441 1372 cogitatione

48 1385 299 1428 supplendam:
331 1392 369 1422 ut
403 1387 513 1432 igitur
545 1388 711 1432 obsequio
743 1392 777 1422 et
801 1386 928 1421 officiis
960 1388 1175 1430 praestandis
1209 1388 1274 1422 tibi
1307 1389 1441 1433 optime

49 1448 224 1490 consules,
258 1449 311 1482 ita
343 1449 451 1482 armis
483 1453 518 1483 et
551 1453 672 1483 contra
698 1448 839 1482 nitendo
863 1448 951 1481 nihil
975 1449 1102 1491 efficies
1111 1460 1126 1490 ‚-
1158 1460 1242 1483 nam
1265 1450 1351 1484 bello
1375 1454 1440 1485 etc.

50 1505 90 1542 V.
115 1508 158 1541 ad
183 1520 214 1542 c.
239 1510 337 1551 xlx,
362 1510 395 1542 2.
421 1521 454 1553 p.
482 1509 562 1543 119.

144 1572 177 1609 §.
210 1570 267 1604 12.
314 1569 453 1615 placide
489 1574 522 1604 et
555 1570 726 1615 benigne]
785 1571 1014 1614 Interpretes,
1046 1579 1127 1612 pars
1158 1574 1332 1605 commate
1362 1575 1441 1615 post

50 1628 200 1674 benigne
223 1630 484 1676 distinguentes,
510 1630 573 1664 alii
597 1631 783 1665 semicolon
804 1633 980 1674 ponentes,
1006 1630 1048 1663 de
1064 1633 1239 1665 structura
1258 1635 1292 1666 et
1308 1632 1442 1666 ratione

48 1690 176 1724 horum
207 1692 395 1725 verborum
427 1703 464 1725 se
496 1691 681 1726 ostendunt
712 1692 912 1736 ambigere3
947 1689 1001 1723 illi
1024 1690 1119 1723 enim
1142 1692 1261 1726 omnia
1284 1694 1441 1728 referunt

49 1752 94 1785 ad
118 1753 225 1786 verba
238 1754 352 1796 facit,
383 1751 423 1785 hi
447 1754 523 1796 post
551 1752 701 1798 benigne
733 1753 898 1797 supplent
920 1752 1119 1796 respondit,
1145 1753 1236 1795 quod
1259 1753 1295 1787 in
1320 1753 1440 1789 StruV.

53 1813 216 1848 Academ.
241 1813 386 1847 vratisl.
410 1812 444 1847 3.
470 1817 504 1847 et
529 1813 650 1847 Guelt.
676 1813 734 1847 11.
756 1825 777 1848 a
801 1813 926 1847 scribis
956 1813 1112 1847 additum
1137 1816 1210 1854 est,
1245 1824 1356 1857 caque
1380 1826 1440 1848 ex-

49 1873 193 1918 plicatio
218 1875 314 1908 haud
338 1873 442 1908 dubie
473 1885 569 1908 vera.
616 1875 706 1909 Nam
732 1875 836 1909 verba
852 1876 976 1916 facere
1000 1874 1059 1906 ad
1083 1873 1266 1916 aliquid
1288 1874 1347 1908 vix
1370 1874 1441 1908 La-

51 1935 165 1970 tinum
188 1936 315 1976 fuerit3
340 1940 533 1980 praeterea,
557 1934 723 1979 quoniam
742 1935 886 1968 Boccho
911 1945 978 1968 non
1001 1934 1114 1968 solum
1138 1933 1180 1967 de
1204 1933 1327 1968 Sullae
1349 1934 1441 1969 invi-

51 1995 241 2030 tationibus
274 1997 318 2030 ad
350 1997 591 2030 Romanorum
626 1995 818 2030 amicitiam
853 1995 1152 2039 amplectendam,
1185 2005 1307 2028 verum
1332 1995 1440 2030 etiam

50 2056 123 2091 suis
148 2057 182 2090 in
206 2058 385 2092 Romanos
408 2057 542 2091 delictis
565 2057 747 2091 dicendum
773 2056 850 2098 fuit,
874 2057 963 2089 haec
986 2068 1040 2089 res
1063 2067 1173 2099 paene
1209 2056 1379 2100 poposcit,
1401 2060 1440 2092 ut

51 2117 188 2152 diversa
211 2119 279 2152 ista
303 2130 324 2152 a
348 2118 516 2152 Sallustio
541 2122 702 2152 accurate
734 2117 1046 2162 distinguerentur,
1073 2116 1178 2160 idque
1209 2128 1248 2150 re
1279 2129 1363 2151 vera
1387 2118 1442 2152 fa-

52 2183 147 2215 ctum
178 2191 254 2213 esse
285 2179 412 2224 probat
445 2180 548 2212 simul
577 2178 762 2223 particula.
813 2178 1003 2222 Respondit
1036 2181 1153 2211 autem
1185 2177 1299 2211 omitti
1331 2189 1441 2221 posse,

54 2239 115 2273 ubi
147 2251 214 2273 non
248 2245 377 2285 agatur
411 2241 454 2273 de
492 2241 671 2285 proposita
711 2240 931 2284 quaestione,
974 2239 1046 2272 iam
1085 2238 1236 2272 diximus
1273 2239 1319 2272 ad
1361 2239 1440 2274 Cat.

53 2301 212 2342 xxxiv,
237 2301 270 2335 1.
295 2302 341 2335 cf.
366 2303 444 2347 lug.
467 2302 555 2343 ΟΧΙ,
577 2300 613 2335 l.
638 2302 695 2335 Aa
719 2312 761 2334 ea
789 2301 888 2333 Sulla
911 2310 974 2343 pro
999 2311 1033 2333 se
1058 2299 1205 2333 breviter
1230 2304 1263 2334 et
1286 2300 1441 2340 modice,·

53 2361 97 2394 de
118 2372 206 2404 pace
235 2367 268 2395 et
292 2363 335 2396 de
359 2364 512 2396 omnibus
536 2362 637 2395 rebus
662 2363 779 2396 multis
804 2361 975 2394 disseruit.
1010 2359 1088 2394 Liv,
1113 2361 1290 2402 xxxvn,
1315 2360 1381 2402 52,
1405 2360 1439 2394 7.

55 2421 112 2455 Ad
137 2433 178 2455 ea
210 2433 292 2455 rex.-
324 2424 355 2456 si
387 2424 431 2456 ab
463 2424 543 2456 aliis
573 2423 639 2456 sibi
665 2423 896 2466 praemiorum
929 2421 1021 2465 optio
1054 2421 1262 2464 deferretur,
1297 2422 1441 2456 libenter

55 2483 195 2516 consilio
222 2484 426 2526 amplissimi
451 2484 582 2517 ordinis
605 2494 744 2517 usurum
764 2483 885 2525 fuisse.
910 2493 945 2516 v.
971 2482 1099 2515 Duker.
1124 2483 1168 2515 ad
1192 2483 1303 2523 XXX,
1327 2482 1384 2524 31,
1405 2483 1440 2516 1.

53 2562 100 2570 -
125 2543 207 2577 Pro
232 2545 355 2578 delicto
380 2544 403 2579 i.
429 2556 458 2577 e.
480 2549 517 2577 ut
542 2544 765 2587 defenderet,
798 2546 858 2576 aut
883 2547 975 2576 certe
998 2548 1038 2577 ut
1062 2548 1240 2577 excusaret
1265 2543 1438 2577 delictum.

55 2624 100 2629 —
126 2606 213 2647 Suo,
247 2605 340 2648 quod
366 2604 400 2637 in
425 2605 546 2640 Guelf.
570 2604 604 2638 3.
631 2609 666 2638 et
691 2604 801 2638 Paris.
826 2616 858 2637 x.
883 2604 1000 2645 deest,
1033 2604 1170 2638 Cortius
1192 2608 1323 2638 temere
1347 2603 1438 2637 omi—

56 2663 115 2698 sit.
137 2683 183 2689 --
218 2666 277 2699 Ob
304 2677 451 2711 regnum
476 2666 660 2699 tutandum
684 2665 755 2699 iam
779 2663 1032 2698 illustravimus
1057 2664 1101 2698 ad
1125 2676 1154 2698 c.
1179 2665 1381 2706 Lxxxlx,
1405 2664 1439 2697 2.

58 2723 194 2760 Cottius
217 2726 325 2760 verba
349 2725 503 2770 corrupit
527 2726 678 2760 scribens
701 2737 847 2772 regnum
872 2730 1044 2769 tutatum,
1075 2725 1131 2759 cui
1155 2724 1323 2760 audaciae
1347 2723 1440 2757 male
