1630 3034
137 192 224 235 394
507 188 555 233 G-
583 187 907 232 SALLUSTI
936 188 1159 233 CRISPI

275 302 460 351 LXXV.
530 305 602 349 Ea
646 305 759 367 fuga
801 304 1021 367 Iugurtha
1037 339 1050 363 ,
1105 292 1346 367 impensius
1390 306 1530 352 modo

140 403 272 448 rebus
309 402 399 447 suis
431 402 661 460 diffidens,
697 388 801 447 cum
835 402 1047 464 perfugis
1075 409 1121 447 et
1149 408 1282 464 parte
1309 402 1530 463 equitatus

137 502 182 545 in
223 500 509 555 solitudines,
558 498 664 544 dein
708 498 905 544 Thalam
947 470 1175 561 pervenit,
1219 501 1279 545 in.
1308 499 1532 561 oppidum

140 611 354 659 magnum
395 603 440 642 et
477 597 764 667 opulentum,
812 597 889 641 ubi
922 598 1131 658 plerique
1177 597 1376 643 thesauri
1410 598 1531 642 filio-

105 702 337 754 2rumque
393 696 484 740 eius
530 695 695 739 multus
745 695 963 755 pueritiae
1018 697 1159 741 cultus
1213 701 1320 740 erat.
1400 694 1532 752 Quae

136 799 376 854 postquam
425 792 615 838 Metello
662 799 896 852 comperta
941 800 1067 851 sunt,
1113 809 1385 853 quamquam
1418 793 1532 837 inter

138 956 194 1003 12,
217 958 296 1005 3.),
320 958 525 1002 neutiquam
548 958 617 992 hnc
639 969 682 992 ex
704 958 767 992 illo
790 958 924 993 factum
948 962 1072 1003 putes,
1095 959 1156 993 sed
1179 962 1301 993 contra
1323 961 1447 993 tutata
1470 968 1531 992 ae-

136 1033 204 1066 que
228 1032 270 1056 ae
293 1021 402 1056 tutati
425 1031 488 1064 pro
513 1020 781 1063 interpolatione
811 1025 891 1056 tuta
922 1020 1019 1054 vocis
1050 1019 1210 1053 habebis.
1257 1020 1422 1054 ceterum
1449 1022 1534 1053 notu

135 1085 282 1118 verbum
309 1081 518 1117 attractione
536 1081 580 1114 ad
605 1091 733 1115 nomen
755 1081 983 1116 secundariae
998 1079 1251 1115 enuntiationis
1274 1090 1348 1114 esse
1367 1075 1535 1123 retamim

134 1146 228 1190 quod
258 1144 294 1178 in
328 1142 577 1188 comparativis
606 1141 910 1176 enunciatiouibus
934 1142 1135 1187 frequenter
1164 1141 1244 1175 fieri
1275 1140 1397 1175 docuit
1418 1141 1534 1174 Κωθ-

134 1218 240 1253 gerus
263 1206 307 1239 de
331 1206 476 1239 Attract.
502 1200 604 1248 Ling-
627 1204 702 1237 Lat.
727 1203 761 1248 §.
784 1203 842 1238 29.
867 1214 899 1247 p.
923 1202 969 1238 67
985 1215 1058 1248 sqq.
1082 1203 1128 1237 cf.
1153 1202 1256 1237 Catil.
1283 1202 1392 1244 XXV,
1415 1201 1450 1235 3.
1490 1201 1533 1235 Et
1576 1196 1579 1201 ¹

133 1268 273 1302 curiora
297 1277 431 1310 semper
454 1266 626 1307 omnia,
651 1276 757 1310 quam
781 1265 884 1299 decus
907 1270 1012 1310 atque
1034 1263 1276 1309 pudicitia
1305 1263 1423 1305 suit.
1452 1262 1531 1307 lug.

132 1330 186 1371 L,
218 1328 253 1363 6.
302 1328 364 1361 Sin
395 1327 620 1371 opportunior
647 1328 766 1371 fugae
802 1326 960 1370 collis,
999 1337 1104 1370 quum
1134 1324 1286 1368 campi
1316 1326 1533 1367 suerunt.

134 1389 243 1424 Devi
266 1387 412 1432 perfecti
437 1386 590 1421 diximus
618 1387 660 1420 ad
688 1397 718 1419 c.
746 1386 854 1429 Xvu,
878 1386 912 1420 6.
959 1387 1013 1420 Eo
1035 1385 1232 1431 significari
1255 1385 1313 1427 id,
1337 1385 1429 1429 quod
1446 1384 1534 1429 fieri

135 1453 238 1492 solet,
261 1451 299 1484 h.
327 1450 350 1483 Ι.
376 1448 483 1482 etiam
517 1447 667 1482 ostendit
699 1447 819 1482 addita
845 1449 964 1491 ferme
994 1447 1178 1491 particula.
1204 1466 1248 1472 -—
1281 1447 1385 1491 Quod
1412 1447 1534 1492 mageb

134 1513 169 1546 in
201 1511 314 1546 cortii
344 1509 497 1544 editione
528 1513 606 1554 post
633 1508 740 1553 pedes
763 1513 959 1552 comparet,
994 1509 1051 1542 vel
1081 1507 1225 1542 editoris
1247 1509 1306 1541 vel
1328 1507 1534 1553 typothetae

134 1583 253 1608 errore
277 1573 409 1606 factum
435 1574 507 1611 est3
532 1580 644 1613 neque
667 1569 760 1602 enim
786 1568 860 1613 ipse
883 1571 1073 1615 quicquam
1097 1570 1141 1603 de
1165 1581 1207 1604 ea
1231 1581 1270 1604 re
1293 1567 1450 1611 monuit,
1472 1578 1533 1602 ne-

135 1645 203 1680 que
227 1634 319 1667 ullus
344 1632 419 1667 cod.
443 1631 538 1664 hunc
561 1630 719 1664 ordinem
745 1631 866 1666 habet.

228 1692 365 1728 Lxxv.
392 1693 426 1733 ἓ.
450 1691 483 1725 1.
531 1691 719 1735 impensius
742 1691 864 1735 modo]
897 1691 1053 1724 Pessima
1088 1690 1240 1725 Weisius
1274 1691 1375 1725 modo
1408 1689 1445 1723 vi
1468 1689 1531 1725 ud-

133 1756 244 1792 verbii
283 1765 348 1799 pro
382 1753 623 1787 tantummodo
653 1751 806 1796 positum
840 1754 984 1792 censet,
1019 1752 1061 1785 de
1083 1752 1324 1795 comparativo
1348 1751 1532 1795 impensius

133 1818 237 1853 valde
260 1825 414 1850 securus.
462 1812 535 1856 Qui
558 1813 760 1856 incorrupto
791 1811 922 1846 iudicio
946 1813 1125 1856 praeditus
1148 1818 1219 1855 eet,
1252 1823 1319 1845 nnn
1344 1811 1531 1854 dubitabit,

132 1881 217 1926 quin
241 1878 284 1913 sit
308 1884 415 1923 supra
439 1874 599 1916 modum,
633 1878 674 1908 ut
706 1884 736 1906 c.
763 1873 911 1914 xmu,
935 1872 970 1908 3.
1018 1874 1210 1918 Impensius
1234 1873 1327 1907 enim
1351 1873 1446 1906 valet
1468 1883 1530 1906 va-

133 1938 239 1972 lidius
264 1947 306 1970 ae
330 1936 594 1976 vehementius;
619 1935 663 1970 cf.
689 1935 763 1969 Cic.
790 1935 878 1979 Epp.
904 1935 948 1968 ad
973 1934 1111 1968 Famm.
1137 1935 1231 1977 xm,
1249 1932 1346 1975 6⁴,5
1383 1933 1527 1969 Sueton.

132 1999 258 2035 claud.
284 2009 314 2032 c.
340 1999 400 2032 XI.
426 2016 470 2022 —
495 1997 514 2030 1
523 2007 547 2031 η
576 1996 741 2041 oppidum
774 1996 860 2031 satis
883 2001 1015 2030 certam
1049 1995 1260 2040 scripturum
1287 2005 1362 2028 esse
1384 2005 1454 2028 non
1474 1994 1529 2028 af-

131 2059 370 2101 firmaverim,
393 2058 496 2092 multi
518 2057 611 2092 enim
635 2057 734 2091 codd.
767 2057 814 2091 ia
845 2057 1008 2102 oppidum
1032 2057 1185 2099 habent,
1219 2067 1288 2102 quo
1311 2057 1417 2091 modo
1439 2066 1530 2091 nova

132 2120 333 2157 enunciatio
365 2121 449 2154 satis
475 2121 561 2153 bene
585 2118 628 2154 ad
654 2118 919 2164 praecedentem
951 2117 1210 2152 accommodari
1234 2118 1359 2162 potuit.
1409 2117 1531 2162 Neque

130 2184 317 2228 displicet,
348 2181 441 2225 quod
466 2181 501 2214 in
535 2180 648 2217 Vatic.
672 2179 705 2215 5.
737 2185 772 2214 et
797 2180 889 2214 Med.
914 2179 949 2214 7.
985 2180 1021 2213 in
1051 2179 1182 2224 pariter
1215 2184 1320 2223 atque
1351 2178 1388 2212 id
1418 2179 1529 2220 abest,

131 2246 182 2280 tta
206 2249 244 2279 ut
269 2244 432 2288 oppidum
457 2241 685 2287 appositionis
708 2241 744 2275 vi
767 2242 810 2276 ad
840 2242 990 2275 Thalam
1015 2241 1210 2282 reseratur,
1233 2239 1528 2284 quemadmodum

131 2307 224 2351 apud
257 2305 462 2339 Ciceronem
494 2303 591 2337 Rnu.
620 2303 671 2344 II,
703 2302 777 2344 28,
811 2302 870 2337 76.
924 2303 1125 2347 Capuam
1159 2302 1293 2336 colonia
1324 2300 1526 2345 deducetur,

132 2369 289 2402 urbem
337 2366 588 2410 amplissimam
628 2369 733 2409 atque
768 2364 1038 2398 ornatissimam.
1093 2363 1162 2398 Sed
1195 2363 1230 2397 in
1262 2374 1365 2396 sensu
1398 2362 1528 2396 hurum

134 2429 323 2463 lectionum
348 2428 421 2461 fere
443 2425 522 2471 puri
547 2426 583 2459 in
608 2424 838 2469 praetulimus
854 2450 864 2467 ,
899 2425 983 2469 quia
1006 2424 1167 2469 plurimis
1191 2423 1404 2469 optimisque
1427 2422 1528 2458 libris

133 2494 374 2532 sustentatum
396 2497 478 2522 num
496 2512 506 2528 ,
531 2497 574 2520 ne
597 2486 686 2520 alios
709 2486 948 2529 nominemus,
979 2487 1028 2521 ita
1051 2490 1164 2520 exstat
1187 2485 1222 2520 in
1247 2485 1416 2519 Commel.
1440 2484 1524 2519 Nu.

132 2553 214 2587 Bas.
240 2551 272 2585 1.
306 2550 390 2585 Sen.
417 2549 452 2584 l.
477 2546 619 2584 Fabrie.
645 2547 678 2583 l.
712 2547 800 2582 Tur.
827 2548 859 2581 1.
894 2547 984 2593 Teg.
1018 2547 1135 2582 nemi.
1160 2547 1194 2581 2.
1229 2546 1378 2581 Goerlit.
1411 2545 1524 2581 Paris.

131 2615 167 2648 b.
194 2625 225 2646 ι’.
251 2624 284 2646 x.
310 2624 340 2646 z.
389 2611 453 2645 Vix
477 2615 530 2644 est
551 2614 669 2643 nutem
694 2610 784 2653 quod
813 2614 1016 2652 moneatur,
1051 2608 1310 2653 praepositione
1332 2606 1448 2651 positu
1469 2619 1523 2640 ue-

132 2674 274 2720 quentia
300 2673 407 2707 verba
444 2683 486 2705 ex
508 2671 668 2717 pervenit
690 2675 773 2714 apta
809 2670 986 2715 intelligi,
1019 2670 1093 2704 sine
1131 2671 1165 2703 in
1200 2669 1244 2703 ad
1267 2679 1393 2703 nomeu
1417 2668 1522 2712 perti-

133 2746 226 2772 nere.
275 2735 330 2769 oh
362 2734 522 2768 codicum
556 2733 789 2778 plurimorum
826 2742 1030 2766 eonsensum
1061 2731 1168 2765 etium
1192 2730 1310 2764 statim
1342 2735 1419 2772 post
1441 2741 1522 2773 pro·

134 2796 289 2832 bandum
313 2796 396 2830 ubi
426 2795 603 2840 pleriquc;
634 2805 715 2830 num
749 2791 840 2838 quod
865 2791 981 2837 aliqua
1006 2792 1176 2826 librorum
1200 2801 1282 2836 pun
1312 2790 1419 2825 habet
1443 2790 1521 2824 ibi-
