1630 3034
480 200 821 245 CATILINA.
887 201 1019 246 cAP.
1047 199 1111 245 LI.
1403 211 1490 263 2⁴3

106 320 271 380 scripti.
344 319 435 374 Qui
479 318 659 362 demissi
702 318 746 361 in
789 317 982 363 obscuro
1033 305 1168 364 vitam
1214 317 1408 380 habent,
1454 326 1489 369 si

104 412 215 470 quid
249 410 480 456 iracundia
513 409 771 467 deliquere,
813 410 948 468 pauci
981 411 1144 464 sciunt3
1186 412 1310 458 fama
1352 422 1487 474 atque

104 502 285 548 fortuna
338 516 493 546 eorum
548 516 681 560 pares
735 507 857 552 sunt;
927 501 1004 559 qui
1060 517 1227 563 magno
1293 506 1487 566 imperio

104 595 297 653 praediti
343 594 387 637 iu
433 593 609 638 excelso
668 598 861 636 aetatem
909 591 1109 649 habent,
1165 611 1320 641 eorum
1367 599 1489 644 facta

195 761 227 801 ξ.
253 759 308 792 11.
356 770 423 793 non
447 760 497 794 ita
524 761 594 805 cst]
619 760 787 794 Mulierus
809 771 850 793 ex
874 770 943 793 uno
968 759 1085 794 Guelf.
1107 759 1140 796 7.
1173 760 1313 805 scripsit
1336 775 1403 796 non
1437 767 1488 799 est

102 814 177 857 ita3
200 829 316 849 sensus
339 822 477 852 mutato
502 818 621 851 ordine
645 818 693 851 ita
717 819 845 852 mutari
871 818 1026 859 ridetur,
1062 823 1101 851 ut
1123 818 1192 852 hoc
1217 820 1419 863 germanice
1442 821 1488 855 sit

102 875 181 908 dem
205 875 265 908 ist
288 875 382 908 nicht
404 887 463 917 so,
486 876 634 920 vulgata
656 887 740 908 vcro
771 876 944 920 significet
967 877 1045 908 dem
1069 877 1114 909 ist
1140 878 1267 910 nicht
1302 889 1351 911 so.
1376 889 1489 922 neque

100 937 174 974 est,
211 933 302 975 quod
335 933 426 966 hanc
459 933 615 966 omnium
649 933 746 966 codd.
778 934 984 977 scripturam
1016 935 1224 967 deseramus.
1263 953 1294 958 *-
1334 935 1488 969 Iniuriae

100 1001 204 1031 suae‚
229 990 367 1033 passivo
390 1001 512 1032 sensu,
537 991 602 1034 ipsi
625 991 758 1026 illatae.
807 993 858 1024 De
883 1002 945 1025 usu
970 991 1183 1034 pronominis
1207 992 1390 1035 possessivi
1411 993 1488 1028 loco

99 1047 248 1092 genitivi
272 1048 435 1081 obiectivi
459 1059 492 1080 v.
516 1045 653 1091 Zumpt.
680 1049 838 1082 Gramm.
863 1050 939 1082 Lat.
965 1052 996 1091 §-
1014 1045 1072 1090 73,
1091 1051 1122 1087 1,
1144 1049 1177 1083 2.
1203 1062 1235 1093 p.
1255 1049 1335 1083 3238.
1362 1051 1490 1084 Ruhn-

89 1104 181 1148 Jteu.
205 1106 250 1140 ad
273 1106 356 1139 Ter.
379 1106 509 1139 Heaut.
530 1106 576 1147 11,
599 1105 634 1142 3,
658 1105 715 1139 66.
740 1106 908 1139 desiderio
933 1110 1010 1147 tuo,
1034 1117 1099 1149 pro
1124 1106 1188 1148 tui,
1215 1111 1248 1140 et
1274 1108 1318 1142 ad
1342 1109 1489 1143 Phorm.

99 1163 142 1205 Ῐ,
160 1162 194 1203 8,
211 1163 268 1196 27.
302 1163 523 1207 negligentia
554 1167 616 1195 tua
646 1162 667 1196 i.
694 1175 723 1196 c.
748 1165 811 1197 tui.
844 1163 960 1197 sanct.
985 1163 1132 1196 Minerv.
1153 1165 1197 1205 11,
1219 1165 1274 1201 13.
1300 1178 1334 1209 p.
1354 1165 1424 1199 330
1437 1177 1487 1209 sq.

99 1220 164 1253 Ed.
190 1220 232 1254 B.
258 1220 492 1253 Ruddimann.
518 1219 643 1254 Institt.
671 1222 829 1254 Gramm.
855 1220 899 1254 T.
918 1221 963 1254 ΙΙ.
986 1232 1019 1264 p.
1037 1220 1093 1254 50.
1119 1241 1165 1246 —
1190 1222 1354 1255 Habuere
1378 1233 1488 1266 aeque

100 1286 142 1311 ac
170 1288 417 1322 praegressum
449 1277 610 1311 videntur
643 1278 849 1312 sententiam
880 1279 1079 1324 generalem
1111 1279 1293 1322 exprimit,
1326 1279 1487 1324 idemque

100 1334 198 1367 valet
227 1345 270 1367 ac
299 1334 426 1368 habere
450 1336 581 1375 solent3
612 1334 655 1368 de
677 1337 745 1370 hoc
769 1348 835 1370 usu
867 1335 1014 1380 perfecti
1036 1334 1203 1369 historico
1228 1347 1305 1370 cum
1333 1338 1489 1371 Graeco-

98 1401 178 1423 rum
202 1390 331 1424 aoristo
366 1392 544 1425 communi
576 1403 608 1425 v.
635 1393 846 1427 Ramrhorn.
873 1390 1029 1427 Gramm.
1054 1394 1128 1426 Lat.
1154 1393 1284 1436 §.1622
1309 1395 1367 1428 ΙΙΙ.
1392 1394 1426 1427 6.
1450 1394 1486 1429 b.

98 1459 134 1492 p.
150 1447 232 1482 4⁰1.
265 1448 391 1482 Noster
414 1451 490 1483 Cat.
518 1450 579 1490 XI,
609 1449 643 1483 3.
680 1453 833 1484 avaritia
855 1451 1024 1495 pecuniae
1048 1450 1200 1483 studium
1232 1451 1358 1492 habet,
1383 1463 1488 1496 quam

97 1517 198 1539 nemo
221 1507 360 1550 sapiens
387 1508 664 1551 concupivit.
700 1508 772 1543 Cic.
799 1509 842 1541 de
866 1508 966 1542 Finn.
991 1508 1019 1548 1,
1041 1507 1097 1547 15,
1116 1507 1172 1540 49.
1205 1508 1245 1540 ob
1273 1509 1487 1542 debilitatem

96 1565 208 1598 animi
234 1565 334 1598 multi
354 1571 534 1609 parentes,
566 1566 667 1599 multi
691 1567 837 1608 amicos,
858 1554 1025 1599 'nonnulli
1044 1565 1220 1608 patriam,
1242 1561 1396 1610 plerique
1421 1579 1487 1615 an-

95 1626 166 1656 tem
188 1634 225 1656 se
249 1624 338 1666 ipsos
360 1625 497 1667 penitus
519 1624 856 1667 perdiderunt,
892 1622 954 1656 ubi
991 1634 1025 1655 v.
1052 1622 1221 1656 Goerenz.
1257 1623 1335 1656 far.
1368 1622 1486 1656 Beier⁴

95 1680 141 1713 ad
166 1679 236 1713 off.
259 1680 288 1721 Ι,
309 1680 460 1719 44,155.
487 1682 539 1714 illi
561 1700 608 1705 ——
632 1681 676 1714 ab
701 1680 875 1724 augendis
900 1680 1075 1713 hominum
1099 1680 1309 1713 utilitatibus
1333 1692 1400 1713 non
1422 1692 1487 1714 re-

96 1743 349 1772 cesserunt.
390 1739 525 1772 Hertel.
549 1738 594 1771 ad
619 1737 706 1771 Tac.
734 1737 851 1781 Agric.
875 1749 906 1769 c.
931 1737 965 1777 9,
988 1742 1074 1770 extr.
1108 1736 1204 1770 haud
1233 1749 1366 1782 semper
1390 1743 1487 1773 errat

89 1795 220 1836 sama3
244 1795 432 1839 aliquando
456 1800 489 1828 et
516 1795 680 1839 elegit.
706 1789 756 1827 Id.
783 1793 899 1827 Anan.
923 1794 984 1835 111,
998 1793 1054 1836 66,
1072 1798 1158 1831 extr.
1186 1796 1371 1838 festinatio
1394 1797 1485 1829 mul-⁷

94 1854 160 1892 tos,
179 1851 285 1883 etiam
303 1853 404 1886 bonos
423 1864 561 1897 pessum
585 1852 734 1893 dedit,
758 1852 817 1896 qui
836 1857 1067 1895 praematura
1084 1854 1140 1886 vel
1163 1864 1237 1886 cum
1262 1854 1365 1887 exitio
1385 1864 1484 1897 pro-

91 1913 274 1952 perant.
321 1909 429 1943 Plura
453 1921 494 1945 ex
524 1909 635 1954 poetis
659 1909 834 1955 congessit
857 1909 1000 1942 Iahnius
1035 1909 1079 1942 ad
1102 1910 1226 1943 Horat.
1253 1908 1317 1943 od.
1338 1909 1398 1951 111,
1422 1909 1482 1953 23,

95 1965 153 2000 19.
180 1970 213 2000 et
236 1966 281 2001 ad
305 1966 403 2011 Vir-g.
429 1966 560 2011 Georg.
581 1967 614 2014 1,
635 1966 715 2000 287.
742 1968 822 2001 coll.
846 1967 1051 2000 Hermanno
1075 1966 1117 1999 de
1144 1976 1210 2000 em.
1236 1970 1304 2000 rat.
1329 1966 1391 2000 Gr.
1418 1967 1482 2001 Gr.

93 2033 131 2067 p.
153 2023 235 2059 188.
259 2027 294 2058 et
315 2025 360 2059 ad
383 2024 501 2069 Vigor.
526 2036 561 2067 p.
580 2023 660 2060 746.
691 2022 758 2058 Ed.
782 2024 818 2059 2.

187 2084 220 2124 §-
245 2081 302 2116 12.
350 2083 425 2116 alia
448 2082 528 2116 aliis
552 2082 692 2116 licentia
717 2081 792 2126 est]
829 2079 1054 2126 Undeviginti
1077 2075 1176 2114 codd.
1200 2079 1338 2114 inverso
1362 2079 1483 2116 ordine

96 2139 262 2174 exhibent
294 2140 373 2174 aliis
405 2141 504 2183 alia,
537 2139 629 2183 quod
655 2138 862 2172 Gerlachius
895 2137 1032 2172 aurium
1066 2141 1199 2170 tantum
1233 2137 1363 2170 iudicio
1389 2138 1483 2171 dete-

95 2195 171 2230 rius
194 2196 337 2231 iudicat.
395 2196 467 2230 Nos
501 2197 682 2241 vulgatam
714 2195 964 2240 praetulimus,
997 2193 1080 2237 quia
1102 2193 1482 2237 praestantissimorum

98 2253 196 2288 codd.
221 2253 430 2288 auctoritate
451 2253 594 2296 nititur,
628 2254 726 2287 velut
748 2253 832 2286 Bas.
856 2251 889 2285 1.
921 2249 1029 2285 Fabr.
1052 2251 1085 2284 1.
1120 2251 1236 2292 Gueif.
1254 2251 1288 2285 5.
1321 2250 1418 2285 Leid.
1441 2252 1482 2286 L.

97 2311 266 2344 Commei.
300 2310 408 2353 Naz„
448 2311 658 2354 quibuscum
692 2311 798 2355 longe
841 2307 985 2354 plurimi
1019 2307 1244 2342 consentiunt.
1297 2308 1484 2343 Praeterea

96 2366 157 2400 hic
178 2368 366 2401 verborum
399 2367 485 2401 ordo
508 2367 644 2401 dicendi
678 2379 743 2401 usu
767 2366 1049 2406 commendatur,
1074 2359 1246 2409 siquidem
1271 2366 1350 2400 Car.
1377 2366 1484 2400 Beie-

96 2435 157 2458 rus
180 2424 225 2458 ad
249 2424 321 2459 Cic.
345 2423 416 2459 off.
435 2425 463 2465 1,
480 2424 513 2466 7,
533 2424 590 2457 22.
615 2429 707 2459 recte
730 2423 949 2465 observavit,
973 2422 1154 2468 geminata
1179 2423 1269 2456 alius
1292 2434 1378 2456 voce
1400 2424 1483 2457 sub-

96 2479 227 2515 iectum
250 2480 385 2514 obiecto
408 2481 597 2525 praemitti.
623 2500 669 2507 ——
711 2482 775 2516 Est
799 2492 866 2514 non
889 2480 1019 2525 legitur
1043 2480 1079 2514 in
1101 2479 1208 2515 Fabr.
1228 2480 1262 2514 2.
1293 2480 1392 2514 cuius
1417 2491 1482 2515 au-

97 2537 260 2573 ctoritate
292 2537 430 2574 Cottius
459 2541 579 2582 eiecit3
611 2537 711 2574 nobis
742 2549 823 2573 cum
857 2535 1046 2572 Geriachio
1078 2537 1290 2571 relicuorum
1322 2537 1481 2571 omnium

82 2606 284 2630 vcousensus
308 2595 424 2640 potior
445 2598 648 2633 videtur.—-
674 2597 823 2631 Demissi
844 2597 881 2630 h.
906 2596 932 2630 l.
957 2599 1036 2629 sunt
1058 2594 1189 2628 humili
1212 2599 1305 2629 sorte
1328 2599 1362 2629 et
1386 2595 1482 2629 vitae

95 2653 298 2687 condicione
320 2658 473 2698 utentem
497 2656 655 2690 diversae
681 2659 797 2690 tamen
819 2652 1085 2699 significationis
1107 2656 1159 2687 est
1182 2652 1279 2686 locus
1304 2651 1481 2685 Ciceronis

96 2721 120 2746 a
141 2711 261 2747 Cottio
282 2711 463 2757 laudatus,
486 2723 522 2758 p,
548 2712 589 2757 L.
611 2713 706 2750 Mur.
729 2724 760 2747 c.
777 2713 835 2755 4⁰,
853 2711 911 2748 87.
935 2711 982 2746 nit
1005 2711 1161 2746 demissis
1183 2709 1373 2744 hominibus
1396 2718 1480 2754 per-

1071 2770 1203 2816 16*
