1630 3034
383 151 390 154 .
438 153 799 199 IUGURTHA.
846 154 978 200 CAP.
1011 154 1124 200 CIX.
1374 161 1460 202 587

73 272 232 326 inbet37
267 286 321 316 ac
365 270 476 317 nihil
510 273 644 318 etiam
677 287 796 318 nunc
831 271 1110 329 decren'sse,
1157 271 1240 318 sed
1273 273 1349 319 illo
1385 274 1458 320 die

24 406 27 408 .
72 383 405 430 responsurum.
476 369 655 416 Deinde
689 371 824 415 ambo
868 371 912 415 in
951 386 1030 416 sua
1065 375 1209 416 castra
1252 371 1454 432 digressi.

70 466 169 512 Sed
201 467 279 511 ubi
306 467 575 527 plerumque
608 469 748 514 noctis
776 469 1009 530 processit,
1045 468 1173 514 Sulla
1207 484 1235 513 a
1262 468 1489 514 Boccho4

70 565 246 608 occulte
274 565 536 620 accersitur3
568 566 626 611 ab
655 573 846 626 utroque
877 566 1186 612 tantummodo
1213 558 1294 610 fidi
1318 566 1456 612 inter-

68 666 221 721 pretes
251 662 533 722 adhibentur,
568 669 803 724 praeterea
828 664 984 709 Dabar
1012 664 1322 720 internuncius,
1352 679 1456 708 san-

18 824 22 829 *
70 763 165 802 ctus
208 759 278 802 vir
326 765 371 804 et
410 775 464 807 ex
507 762 724 807 sententia
767 762 1000 808 ambobus.
1086 762 1156 807 Ac
1199 762 1348 806 statim
1393 762 1456 807 sic

66 869 148 900 rex
180 855 336 917 incipit
353 872 364 901 ε

69 977 214 1011 lentiam
248 978 400 1022 accedit,
431 991 538 1024 quum
571 981 746 1015 interdum
778 980 886 1015 etiam
909 980 1021 1015 altero
1044 979 1221 1014 vocabulo
1244 990 1313 1014 non
1335 979 1456 1014 addito

68 1038 206 1072 dicatur
236 1040 362 1074 bellum
394 1052 561 1087 agere3
593 1043 640 1076 cf.
672 1043 819 1087 Fragm.
850 1042 944 1076 Hist.
976 1043 1045 1076 Ine.
1073 1041 1132 1082 17,
1158 1041 1216 1075 11.
1261 1042 1387 1074 Belli
1410 1041 1455 1074 ab

67 1100 150 1134 aliis
182 1102 280 1136 acti
308 1102 400 1136 ratio
433 1103 622 1139 reddenda.
659 1104 747 1146 Nep.
775 1103 931 1137 Hannib.
955 1115 987 1138 c.
1011 1103 1099 1146 vlu,
1123 1102 1158 1136 3.
1205 1103 1244 1136 Si
1267 1102 1457 1136 Antiochus

62 1161 105 1195 in
129 1163 308 1207 agendo
335 1164 457 1197 bello
480 1175 606 1208 parere
629 1165 792 1199 voluisset
816 1164 962 1198 consiliis
987 1163 1070 1197 eius.
1104 1163 1150 1198 cf.
1177 1163 1332 1198 Gronov,
1355 1163 1458 1198 Obss.

68 1222 117 1267 Π,
137 1223 178 1258 3.
201 1235 234 1267 p.
261 1223 342 1257 178.
367 1225 422 1260 ed.
445 1225 559 1259 Platn.
584 1225 847 1261 Drakenborch.
872 1224 915 1259 ad
938 1224 1015 1260 Liv.
1038 1223 1131 1267 Epit.
1157 1224 1283 1258 XLIX.

160 1287 194 1327 §.
218 1285 253 1319 3.
274 1286 423 1330 fuerat]
455 1287 534 1321 Hoc
558 1287 707 1319 verbum
730 1285 870 1319 Cottius
893 1286 962 1319 fide
984 1285 1088 1319 unius
1113 1285 1233 1318 Guelf.
1256 1285 1299 1318 4.
1315 1285 1456 1328 delevit,

67 1346 248 1391 eleganter
271 1346 387 1381 omitti
409 1347 624 1390 praedicans.
660 1367 706 1373 —-
739 1350 789 1381 Ac
820 1347 893 1381 iam
916 1346 1055 1380 Cortius
1078 1345 1167 1379 vidit
1190 1345 1240 1380 ita
1262 1346 1456 1380 orationem

67 1411 216 1449 nectere,
250 1412 290 1442 ut
320 1419 363 1442 ex
393 1408 620 1452 praecedente
644 1409 754 1442 verbo
789 1409 884 1444 iubet
906 1407 1057 1452 simplex
1084 1407 1223 1441 dicendi
1246 1407 1456 1440 vocabulum

66 1469 257 1502 eruendum
287 1469 353 1510 sit,
389 1480 458 1512 quo
493 1473 610 1503 cetera
645 1469 781 1511 oratio,
814 1480 905 1513 quae
932 1479 1004 1502 non
1026 1468 1071 1501 ad
1093 1467 1226 1501 iussum
1249 1467 1458 1511 pertinebat,

66 1529 340 1564 continuaretur.
388 1529 558 1564 Usitatius
581 1532 697 1564 tamen
721 1533 795 1571 est,
828 1530 965 1564 nnllam
987 1529 1154 1572 copulam
1178 1527 1281 1571 poni,
1312 1527 1376 1562 nbi
1397 1539 1457 1561 ac-

65 1590 245 1624 cusativus
278 1601 357 1623 cum
392 1589 567 1625 infinitivo
595 1601 638 1624 ex
671 1590 861 1641 supplendo
889 1590 1096 1624 declarandi
1118 1589 1226 1623 verbo
1251 1588 1388 1632 pendet,
1413 1589 1457 1623 de

60 1662 137 1695 quo
165 1651 429 1686 constructionis
458 1662 587 1696 genere
616 1651 697 1684 vide
726 1662 816 1695 quae
848 1650 1091 1686 annotavimus
1114 1650 1159 1684 ad
1182 1661 1212 1683 c.
1235 1649 1327 1691 vm,
1351 1649 1386 1682 1.
1409 1666 1457 1673 —

67 1713 188 1746 Etiam
210 1724 299 1746 nunc
321 1712 413 1746 mihi
435 1711 540 1746 valde
562 1715 763 1756 suspectum
787 1714 857 1754 est,
881 1723 991 1755 quum
1014 1711 1177 1755 loquendi
1201 1720 1282 1743 usus
1306 1709 1458 1753 postulet

67 1773 175 1807 etiarn
198 1778 292 1814 tunc,
317 1784 350 1809 v.
374 1773 473 1808 ad-c.
498 1774 560 1815 xl,
587 1773 622 1808 6.
646 1774 768 1815 XLVI,
792 1775 828 1808 1.
852 1772 977 1814 XLIX,
1000 1772 1034 1806 3.
1083 1772 1185 1816 Quod
1208 1772 1322 1815 ipsum
1347 1783 1456 1815 quum

67 1833 104 1868 in
126 1834 231 1868 Misn.
254 1838 385 1875 exstet,
419 1835 507 1868 Tur.
541 1845 628 1868 vero
664 1835 795 1868 habeat
826 1845 867 1866 ac
902 1837 991 1866 tum
1019 1833 1159 1866 etiam
1183 1833 1283 1875 nihil,
1307 1832 1366 1866 vix
1390 1833 1456 1867 du-

66 1895 167 1929 bium
196 1895 355 1936 videtur,
386 1895 472 1938 quin
503 1896 600 1928 locus
631 1893 756 1927 vitium
789 1893 945 1927 traxerit.
993 1892 1084 1927 Nam
1107 1896 1237 1928 utnon
1261 1897 1312 1928 est
1331 1893 1455 1927 verisi-

67 1956 153 1990 mile
177 1956 309 1990 scribas
331 1967 420 1988 nunc
444 1954 480 1988 in
504 1960 585 1989 tunc
610 1960 785 1995 mutasse,
820 1954 870 1988 ita
902 1954 1004 1988 valde
1028 1953 1072 1987 iis
1103 1953 1260 1998 proclive
1283 1954 1351 1988 fuit
1373 1965 1457 1988 con-

69 2016 178 2051 trario
220 2016 324 2050 modo
364 2027 522 2059 peccare.
566 2035 611 2040 —-
660 2016 699 2049 ln
732 2014 946 2058 explicandis
984 2014 1103 2049 verbis
1143 2015 1241 2048 ambo
1283 2015 1328 2048 in
1370 2026 1456 2049 sua

56 2082 228 2121 ,castra
252 2078 421 2121 digressi,
457 2076 517 2121 qui
541 2080 619 2110 sunt
643 2075 840 2120 planissimi
865 2087 1002 2117 sensus,
1026 2075 1276 2110 incredibiliter
1300 2080 1456 2120 nugatur

69 2137 217 2173 Cottius.
261 2137 356 2179 „Tu
378 2142 500 2187 castra-
519 2140 658 2182 accipe,
681 2137 815 2181 iuquit,
851 2138 972 2171 Sullae
994 2141 1099 2181 atque
1121 2139 1287 2181 Asparis,
1312 2149 1375 2171 nec
1399 2148 1454 2178 ea,

67 2210 160 2243 qaae
183 2199 277 2243 apud
300 2199 484 2234 Bocchum
507 2200 706 2241 habebant,
729 2198 788 2232 sed
813 2198 907 2232 illins
930 2198 1023 2242 apud
1045 2197 1212 2241 Marium,
1234 2198 1342 2232 huius
1363 2198 1454 2241 apud

68 2261 300 2305 Iugurtham3
320 2264 424 2303 atque
447 2259 540 2292 idem
565 2262 628 2300 est,
652 2269 693 2293 ac
716 2258 745 2293 si
769 2259 931 2294 dixisset:
955 2258 1078 2293 deinde
1101 2260 1206 2293 ambo
1228 2258 1274 2292 ad
1297 2270 1378 2293 suos
1401 2257 1457 2291 di-

68 2321 184 2367 gressi
202 2325 292 2362 eunt,
316 2321 392 2355 sive
413 2320 563 2364 digressi
586 2323 677 2361 sunt,
702 2324 741 2354 nt
764 2319 809 2354 ad
833 2331 913 2353 suos
941 2320 1166 2365 pergerent.“
1203 2320 1304 2363 Quae
1327 2324 1457 2362 quanta

69 2382 298 2427 perversitate
321 2380 519 2426 excogitata
542 2380 628 2423 sint,
652 2380 758 2414 facile
780 2384 893 2424 potest
913 2381 1134 2426 intelligere,
1157 2379 1219 2424 qui
1242 2379 1457 2424 reputaverit

71 2447 106 2478 et
129 2443 280 2483 Sullam,
307 2442 369 2485 qui
393 2453 474 2476 eum
496 2440 670 2485 praesidio
694 2441 847 2476 militum
869 2441 1019 2476 venisset
1040 2442 1108 2486 (cf.
1126 2454 1155 2476 c.
1173 2441 1242 2483 CV,
1259 2441 1324 2485 2.),
1341 2444 1456 2474 castra

71 2504 207 2538 mnnita
232 2504 419 2544 habuisse,
444 2506 479 2536 et
501 2503 705 2543 Bocchum,
730 2514 799 2537 non
821 2502 938 2545 domi,
962 2502 1022 2536 sed
1047 2502 1139 2546 apud
1163 2502 1354 2536 exercitum
1376 2513 1456 2535 ver-

71 2569 227 2608 santem,
261 2564 392 2608 pariter
423 2564 458 2596 in
488 2563 610 2597 castris
643 2564 763 2599 fuisse.
819 2565 874 2598 Ad
906 2563 1175 2606 colloquendum
1205 2562 1317 2608 igitur
1347 2572 1456 2605 quum

72 2626 314 2669 processissent
329 2625 365 2658 in
382 2626 498 2658 locum
514 2624 664 2658 medium
679 2625 768 2659 inter
783 2631 920 2666 castra,
940 2628 978 2658 ut
994 2635 1048 2658 res
1068 2623 1145 2668 ipsa
1162 2624 1352 2668 poscebat,
1373 2621 1457 2666 quid

73 2687 189 2732 magis
212 2690 500 2726 consentaneum,
533 2696 640 2728 quam
664 2685 839 2729 colloquio
865 2684 965 2719 finito
987 2688 1174 2727 utrumqne
1197 2684 1233 2718 in
1256 2694 1321 2718 sua
1343 2685 1458 2715 castra

69 2758 148 2782 vesse
170 2746 376 2782 reversum?
400 2747 547 2781 Prorsus
569 2745 679 2791 igitur
702 2746 859 2790 ineptum
882 2749 947 2790 est,
970 2745 1062 2790 quod
1085 2744 1224 2780 Cottius
1246 2744 1291 2780 de
1313 2742 1459 2787 Aspara,
