1630 3034
514 196 1170 240 IUGURTHA.CAP.111.
1294 256 1303 259 ἡ
1489 202 1541 240 17

148 331 284 375 quum
330 315 593 374 praesertim
638 324 792 358 omnes
838 329 988 357 rerum
1035 314 1299 357 mutationes
1337 312 1540 371 caedem,

147 413 305 472 fugam
342 413 515 470 aliaque
547 411 725 455 hostilia
751 410 1047 470 portendant3
1083 411 1247 455 frustra
1276 417 1423 454 autem
1448 410 1574 466 niti,3

146 546 179 577 p.
205 533 284 566 238.
309 533 352 566 ad
377 532 476 566 Finn.
502 533 563 573 111,
589 531 645 573 15,
669 530 725 565 48.
751 543 783 576 p.
809 530 890 566 375.
925 536 960 566 et
984 531 1020 564 in
1044 531 1159 564 lalmii
1188 532 1327 565 Annall.
1353 532 1484 567 Philol.
1508 537 1543 568 et

145 594 298 638 Paedag.
327 604 359 627 a.
384 592 487 626 1826.
514 593 542 633 1,
567 592 599 625 2.
626 605 657 636 p.
684 592 764 626 322.
814 590 987 625 Matthiae
1019 592 1063 624 ad
1100 603 1150 625 or.
1187 604 1219 635 p.
1245 593 1339 627 Mur.
1365 606 1395 627 c.
1422 594 1457 638 9,
1484 594 1542 630 20.

146 655 280 689 Bremii
303 654 348 688 ad
373 654 460 696 Nep.
485 651 588 687 Attio.
611 664 641 685 c.
666 652 761 693 xm,
787 651 820 685 6.
869 652 1071 685 Frotscheri
1103 653 1147 685 ad
1181 653 1329 696 Quintil.
1356 656 1398 692 X,
1423 655 1459 696 2,
1482 655 1540 689 21.

145 728 177 759 p.
200 715 280 748 129.
327 715 422 747 Bene
459 717 576 746 tamen
610 713 747 747 monuit
770 713 963 746 Ellendtius
986 713 1010 748 l.
1036 714 1060 746 Ι.
1087 725 1168 746 cum
1193 713 1248 747 his
1272 720 1388 748 rectae
1413 716 1541 750 oratio-

144 775 196 809 nis
221 774 387 818 exemplis
410 784 479 806 non
502 773 745 807 confundenda
768 784 864 814 esse,
898 772 935 806 in
967 774 1094 816 quihus
1125 773 1366 809 coniunctivus
1397 787 1418 810 a
1442 778 1540 822 cogi-

145 836 274 870 tatione
306 835 449 868 alterius
485 835 642 877 pendeat.
691 834 735 867 cf.
760 833 868 866 etiam
894 833 977 867 Otto
1003 835 1047 867 ad
1071 834 1144 869 Cic.
1166 835 1209 868 de
1233 835 1336 868 Finn.
1361 837 1421 877 Ill,
1446 837 1480 878 2,
1507 837 1538 870 5.

144 902 178 930 et
199 896 373 941 imprimis
396 896 439 929 ad
464 896 522 935 ln,
547 895 605 936 21,
631 894 688 930 70.
713 906 747 937 p.
767 894 848 927 242.
874 893 935 927 ubi
959 893 1053 927 hunc
1077 906 1178 928 usum
1198 907 1366 938 perquam
1390 898 1541 942 diligen-

144 962 195 991 ter
218 956 425 997 illustravit,
450 960 484 989 et
508 967 633 999 parum
657 959 838 989 accuratas
861 955 1178 999 grammaticorum
1202 957 1388 992 sententias
1408 959 1540 992 exami-

143 1016 239 1050 navit
259 1021 294 1050 et
318 1017 518 1062 castigavit.

233 1078 362 1111 delicta
386 1078 568 1122 corrigas]
597 1077 734 1110 Delicta
759 1075 915 1119 plerique
936 1075 1207 1119 interpretantur
1222 1082 1365 1121 peccata
1382 1081 1541 1123 propria,

142 1136 217 1171 sive
240 1138 285 1171 ab
310 1137 352 1171 iis
374 1137 459 1181 ipsis
483 1136 693 1178 commissa,
728 1137 786 1179 qui
820 1147 862 1169 ea
894 1148 1013 1170 rursus
1037 1136 1214 1181 corrigere
1240 1138 1421 1181 dicuntur,
1453 1141 1541 1175 Cae-

143 1207 327 1240 saremque
350 1199 503 1231 maxime
532 1196 724 1242 significari
748 1195 816 1229 sibi
840 1196 1057 1239 persuadent.
1105 1196 1175 1230 Sed
1201 1209 1241 1231 ex
1266 1198 1329 1240 iis,
1361 1211 1451 1244 quae
1482 1213 1540 1235 su-

144 1268 207 1300 pra
231 1257 273 1290 de
296 1257 402 1291 totius
426 1258 494 1291 loci
519 1257 687 1291 sententia
719 1256 858 1299 monui,
893 1260 989 1300 patet
1021 1258 1150 1291 delicta
1174 1257 1209 1291 in
1233 1260 1433 1294 universum
1469 1273 1541 1295 esse

144 1318 287 1358 mala,
323 1318 367 1350 in
404 1319 650 1362 republica
684 1329 724 1351 ex
748 1318 879 1358 turbis,
914 1317 1139 1352 seditionibus
1173 1323 1206 1352 et
1235 1322 1540 1365 proscriptionibus

145 1384 261 1412 orta.
309 1380 445 1413 Pariter
468 1379 594 1413 Noster
616 1379 789 1413 vocabulo
814 1377 975 1411 absolute
997 1388 1080 1411 usus
1104 1382 1155 1412 est
1180 1379 1282 1414 Catil.
1305 1382 1365 1423 111,
1386 1382 1418 1416 2.
1450 1396 1540 1428 quae

145 1440 326 1473 delicta
347 1441 622 1484 reprehenderis.
651 1459 696 1464 —
731 1439 967 1482 Importunum
992 1438 1186 1472 Muellerus
1211 1440 1361 1484 explicat
1385 1454 1539 1488 saevum,

144 1500 298 1542 crudele,
337 1501 429 1543 quod
463 1501 593 1534 falsum
627 1511 702 1534 esse
733 1498 929 1542 sequentia,
962 1498 1022 1532 ubi
1055 1501 1197 1542 caedes,
1236 1504 1351 1547 fuga,
1398 1506 1540 1550 aliaque

144 1561 284 1594 hostilia
314 1566 578 1603 memorantur,
619 1560 819 1602 ostendunt;
864 1570 946 1593 nam
980 1571 1087 1603 quum
1123 1561 1304 1604 particulis
1332 1567 1540 1608 praesertim

144 1632 245 1665 quum
271 1622 377 1664 priori
403 1633 548 1656 caussae
571 1632 664 1655 nova
687 1621 861 1664 quaedam
885 1621 1055 1663 addatur,
1087 1621 1146 1665 (v,
1172 1627 1289 1657 notata
1312 1625 1357 1658 ad
1381 1626 1484 1661 Catil.
1509 1639 1539 1661 c.

144 1681 199 1724 LI,
224 1682 282 1716 19.
307 1694 340 1726 p.
364 1682 473 1727 248.)
498 1682 655 1726 sequitur
679 1681 716 1716 in
740 1681 948 1727 antegressis
973 1681 1016 1714 de
1040 1681 1111 1715 alia
1135 1693 1196 1724 re,
1221 1694 1326 1727 quam
1352 1686 1394 1719 dc
1416 1688 1539 1721 crude-

144 1742 240 1775 litate
265 1743 398 1777 dictum
424 1755 497 1777 esse
521 1744 657 1777 debere.
708 1743 894 1786 Aliquanto
918 1741 1054 1783 melius,
1076 1753 1188 1785 neque
1211 1747 1329 1779 tamen
1353 1758 1436 1780 vere
1454 1748 1541 1781 Cor«

143 1802 210 1836 tius
235 1803 481 1846 interpretatur
506 1805 659 1838 alienum
687 1809 721 1837 et
746 1815 814 1836 non
833 1803 1034 1836 conveniens
1055 1815 1130 1836 cum
1154 1815 1232 1838 vero
1252 1808 1398 1851 regendi
1416 1809 1540 1847 modo3

143 1874 210 1897 non
232 1864 324 1897 enim
350 1865 393 1898 ad
416 1866 682 1910 rempublicam,
719 1863 780 1899 sed
814 1863 862 1896 ad
883 1874 1067 1907 personam
1097 1865 1170 1898 cius
1197 1865 1256 1908 qui
1289 1867 1324 1900 vi
1349 1872 1450 1914 regat
1474 1881 1538 1913 pa-

143 1923 247 1957 triam
271 1925 446 1968 pertinere
470 1926 703 1970 importunum
727 1925 827 1958 docet
851 1924 1023 1968 appositio
1055 1938 1086 1970 q.
1119 1927 1253 1970 possis
1289 1933 1322 1962 et
1346 1930 1536 1975 corrigas,

142 1983 327 2028 Significat
351 1991 469 2019 autem
490 1988 682 2030 periculum
702 1991 735 2020 et
756 1986 949 2019 molestiam
972 1986 1095 2028 habet,
1128 1999 1234 2030 quum
1259 1989 1399 2031 proprie
1419 1990 1465 2023 sit
1488 1989 1535 2033 id,

142 2045 234 2087 quod
260 2046 317 2078 vel
341 2047 477 2080 nullum
500 2048 558 2081 vel
581 2048 718 2082 malum
740 2051 878 2090 portum
903 2046 1052 2087 habeat,
1084 2058 1196 2090 eoque
1227 2048 1447 2083 incommodo
1470 2051 1537 2084 ali-

143 2115 210 2147 quo
234 2105 382 2139 laboret.
432 2107 548 2151 Prope
570 2107 681 2153 igitur
704 2107 841 2141 accedit
864 2106 991 2151 Langii
1015 2107 1221 2150 explicatio,
1249 2110 1346 2143 nobis
1365 2112 1537 2154 periculo-

143 2176 216 2198 sum
240 2167 387 2209 aliisque
405 2168 607 2207 molestum,·
631 2168 689 2201 sed
714 2168 793 2201 aliis
817 2178 999 2210 perperam
1022 2166 1160 2208 intulit,
1183 2179 1291 2210 quum
1316 2181 1358 2204 ea
1384 2172 1537 2212 demum,

142 2236 232 2267 quae
256 2230 467 2269 sequuntur,
492 2227 537 2260 ad
560 2227 650 2261 alios
672 2228 878 2270 pertineant.
913 2247 956 2252 —
992 2227 1198 2261 portendere
1222 2229 1258 2265 h.
1283 2230 1306 2263 l.
1329 2234 1537 2277 praegnanti

142 2296 243 2318 sensu
276 2289 326 2318 est
359 2296 426 2318 nou
458 2287 572 2320 solum
596 2287 768 2329 indicare,
804 2288 863 2322 sed
890 2287 989 2331 quasi
1012 2299 1130 2322 secum
1158 2289 1270 2331 ferre,
1302 2296 1362 2325 aut
1386 2293 1537 2328 certissi-

142 2355 237 2377 mum
262 2349 426 2378 eventum
451 2346 672 2380 annunciare.

233 2406 264 2446 §.
289 2404 324 2439 3.
366 2408 506 2449 frustra
538 2412 654 2441 autem
685 2408 771 2452 niti]
808 2407 956 2442 Sensum
988 2408 1115 2442 horum
1140 2411 1327 2444 verborum
1351 2423 1419 2445 non
1444 2424 1535 2448 asse-

141 2470 240 2500 cutus
264 2466 402 2500 videtur
426 2467 636 2510 Muellerus,
661 2468 720 2512 qui
744 2469 913 2512 explicat:
945 2479 1052 2512 quum
1076 2479 1201 2512 parum
1226 2471 1357 2506 habeas
1381 2476 1536 2508 auctori—

141 2527 220 2560 tatis
252 2530 286 2560 et
315 2526 469 2569 virium,
500 2533 620 2562 tamen
649 2535 768 2573 petere
798 2529 992 2573 imperium.
1040 2530 1150 2563 Recte
1181 2541 1265 2566 vero
1298 2534 1436 2569 Cottius
1467 2537 1535 2570 niti

140 2588 301 2622 absolute
323 2587 476 2631 positum
500 2590 545 2622 ad
569 2594 772 2634 antegressa
802 2601 926 2635 regere
949 2594 984 2624 et
1007 2590 1180 2634 corrigere
1211 2592 1430 2629 referendum
1453 2609 1534 2630 cen-

139 2653 209 2689 set,
244 2649 489 2693 interpretatus
512 2651 570 2683 ubi
594 2662 661 2684 non
686 2651 806 2683 valeas
830 2650 878 2683 ad
902 2661 1013 2684 mores
1034 2652 1186 2695 publicos
1207 2664 1287 2697 per
1308 2655 1393 2689 vim
1429 2657 1477 2700 (i.
1501 2669 1532 2693 e.

139 2710 325 2744 obnitendo
357 2710 398 2743 iis
430 2710 491 2754 qui
519 2711 778 2754 rempublicam
808 2712 962 2755 vexant)
1001 2713 1322 2748 emendandos.
1372 2716 1417 2750 ct'.
1443 2729 1534 2760 quae

140 2770 291 2805 diximus
322 2771 365 2805 ad
397 2773 428 2813 §-
463 2770 496 2804 1.
544 2771 641 2805 Idem
672 2772 746 2806 fere
780 2771 881 2806 sentit
914 2771 1047 2806 Seneca
1079 2773 1121 2806 de
1154 2772 1227 2807 otio
1254 2775 1337 2818 Sap.
1364 2787 1392 2809 c.
1419 2777 1531 2812 XXX.

208 2843 262 2885 ll.
1222 2845 1252 2888 2
