1630 3034
177 202 261 243 412
540 194 585 237 c.
615 166 935 237 SALLUSTI
976 193 1228 237 CRISPI·

176 316 238 358 tia
270 313 428 359 fluctus
465 311 667 365 trahunt3
702 311 764 354 ita
789 310 926 354 facies
957 311 1158 355 locorum
1195 326 1299 356 cum
1332 314 1472 356 ventis
1509 313 1564 356 εἰ-
1600 293 1609 338 ’-

143 410 275 456 4mul
308 414 512 454 mutatur.
567 406 724 467 Syrtes
761 407 818 451 ab
854 413 998 453 tractu
1029 408 1292 452 nominatae.
1361 408 1469 452 Eius
1500 409 1591 452 ci·-

177 507 319 551 vitatis
362 506 516 567 lingua
561 504 699 548 modo
736 518 954 549 convorsa
991 504 1216 561 connubio
1247 504 1564 554 Numidarum3

177 604 331 667 legum
367 603 603 661 cultusque
646 601 864 661 pleraque
913 601 1152 656 Sidonica,
1199 616 1315 659 quae
1359 616 1414 646 eo
1460 601 1567 645 faci-

177 702 259 745 lius
293 699 565 756 retinebant,
611 698 734 757 quod
765 698 927 758 procul
966 698 1023 742 ab
1057 698 1247 759 imperio
1284 699 1404 758 regis
1441 704 1565 742 aeta—

140 804 268 844 5tem
306 797 514 858 agebant.
596 775 716 839 Inter
763 795 862 838 illos
907 801 950 839 et
992 795 1274 853 frequentem
1310 795 1567 839 Numidiam

176 894 302 939 multi
331 893 533 952 vastique
571 892 660 937 loci
695 897 833 937 erant.

176 1031 304 1063 auctor
336 1027 471 1063 dixerat
502 1029 662 1073 Syrtibus
694 1039 745 1062 ex
777 1038 824 1061 re
855 1037 978 1061 nomen
1008 1026 1156 1060 inditum
1191 1037 1273 1061 esse,
1321 1027 1426 1070 Quod
1449 1030 1568 1062 autem

175 1089 319 1135 Syrtes,
352 1090 509 1124 Graecae
540 1089 686 1134 originis
709 1099 856 1129 vocem,
881 1087 1006 1122 Latino
1040 1088 1215 1122 vocabulo
1252 1088 1402 1131 explicat
1438 1087 1570 1122 mirum

174 1150 288 1184 videri
311 1149 441 1194 nequit,
465 1162 572 1194 quum
596 1149 770 1184 neminem
795 1148 1009 1183 eruditorum
1033 1149 1274 1183 Romanorum
1298 1149 1423 1193 fugere
1445 1151 1571 1192 posset,

173 1211 259 1256 quid
282 1211 319 1245 in
345 1212 483 1245 Graeco
509 1222 670 1245 sermone
693 1211 833 1245 trahere
858 1211 966 1245 verbo
989 1210 1225 1254 responderet.
1271 1210 1420 1244 Prorsus
1448 1209 1569 1242 eodem

173 1272 280 1306 modo
306 1272 431 1306 Cicero
462 1271 592 1306 Acadd.
616 1272 673 1314 11,
696 1271 763 1314 16,
786 1271 843 1306 49.
892 1273 942 1307 Et
961 1271 1114 1315 primum
1139 1270 1276 1315 quidem
1300 1271 1363 1304 hoc
1385 1271 1569 1315 reprehen-

175 1333 349 1377 dendum,
384 1333 475 1378 quod
511 1333 759 1377 captiosissimo
791 1344 921 1379 genere
953 1333 1241 1379 interrogationis
1272 1336 1444 1372 utuntur,·
1478 1331 1571 1377 quod

175 1406 288 1440 genus
311 1394 453 1428 minime
477 1394 514 1427 iri
534 1394 755 1438 philosophia
777 1394 920 1439 probari
942 1395 1047 1436 solet,
1082 1405 1187 1439 quum
1211 1393 1345 1438 aliquid
1369 1393 1571 1427 minutatim

177 1461 212 1491 et
233 1455 419 1501 gradatim
439 1455 585 1490 additur
603 1460 667 1489 aut
690 1455 848 1490 demitur.
887 1454 1074 1489 Soritas
1098 1455 1158 1489 hos
1178 1460 1316 1495 vocant,
1340 1455 1424 1499 quia
1446 1465 1572 1488 acer-

175 1528 276 1550 vum
310 1517 464 1561 efficiunt
495 1528 565 1550 uno
599 1516 722 1550 addito
753 1527 879 1562 grano.
926 1515 1046 1560 Neque
1080 1515 1251 1550 dissimile
1282 1518 1333 1549 est
1363 1514 1455 1559 quod
1477 1514 1571 1559 apud

176 1578 324 1612 eundem
347 1577 484 1622 legitur
507 1578 621 1622 Legg.
647 1576 676 1618 I,
699 1576 734 1618 6,
759 1577 816 1611 19.
866 1577 990 1622 Itaque
1014 1576 1233 1611 arbitrantur
1251 1575 1477 1620 prudentiam
1501 1586 1573 1609 esse

177 1640 345 1684 legem,
379 1638 476 1672 cuius
500 1649 541 1671 ea
566 1638 618 1671 vis
641 1638 710 1678 sit,
740 1642 779 1671 ut
803 1642 897 1671 recte
923 1640 1049 1681 facere
1073 1638 1215 1680 iubeat,
1246 1640 1338 1671 vetet
1361 1635 1571 1681 delinquere,

177 1711 322 1745 eamque
353 1711 427 1733 rem
466 1699 522 1732 illi
564 1699 748 1732 Graeco
784 1702 914 1743 putant
947 1699 1083 1732 nomine
1115 1709 1139 1732 a
1173 1709 1254 1732 suo
1289 1698 1452 1741 cuique
1495 1697 1572 1731 tri—

175 1760 349 1795 buendo
388 1759 625 1804 appellatam,
661 1757 723 1792 ubi
755 1768 789 1792 v·
816 1759 988 1792 Goerenz.
1043 1759 1083 1793 In
1116 1769 1255 1792 summo
1279 1757 1436 1791 omnium
1460 1757 1571 1799 codd,

175 1821 236 1865 qui
259 1820 323 1855 ina
348 1820 458 1853 verba
481 1819 634 1862 habent,
667 1829 836 1853 consensu
859 1819 926 1853 soli
950 1818 1148 1862 discrepant
1182 1818 1291 1853 Laud.
1315 1817 1351 1851 3.
1376 1818 1454 1851 Yat.
1479 1815 1513 1853 5.
1537 1822 1571 1851 et

175 1882 338 1923 Goerlit.,
369 1880 406 1914 in
434 1880 560 1924 quibus
592 1879 726 1913 desunt.
773 1879 842 1913 Sed
879 1880 983 1914 istam
1016 1879 1154 1923 ellipsin
1188 1889 1255 1912 non
1286 1889 1328 1912 ex
1361 1879 1504 1922 antiquo
1538 1882 1573 1913 et

175 1942 376 1987 incorrupto
409 1941 561 1985 quodam
596 1940 716 1974 codice
748 1939 888 1973 fluxisse
920 1945 1037 1974 cetera
1076 1945 1202 1974 natura
1237 1940 1365 1974 horum
1397 1940 1570 1973 librorum

175 2003 335 2038 ostendit.
384 2004 504 2047 Quare
527 2001 712 2047 probabile
739 2005 808 2044 est,
829 2001 975 2035 eandem
999 2000 1254 2045 suspicionem,
1286 2010 1376 2042 quae
1399 1998 1570 2032 editorum

175 2064 306 2099 iudicia
340 2063 532 2110 pervertit,
567 2062 699 2096 scribas
731 2073 869 2106 quoque
900 2065 940 2096 ut
970 2061 1036 2096 ista
1065 2062 1172 2095 verba
1195 2059 1394 2094 omitterent
1414 2069 1569 2093 commo-

178 2125 296 2170 visse,
332 2136 439 2170 quam
474 2123 712 2158 coniecturam
746 2123 930 2157 confirmat
962 2123 1082 2156 Guelf.
1112 2122 1148 2158 2.
1183 2121 1246 2155 ubi
1278 2120 1401 2154 cadem
1436 2130 1573 2160 manus,

176 2197 267 2230 quae
293 2187 403 2220 verba
427 2185 584 2230 scripsit,
615 2195 736 2219 rursus
761 2183 905 2218 induxit.
955 2183 1025 2217 Sed
1061 2194 1201 2218 omnem
1224 2181 1426 2226 scrupulum
1451 2180 1572 2214 eximit

177 2246 329 2281 Isidorus
344 2271 356 2289 ,
387 2250 511 2282 auctor
533 2245 660 2281 nostris
692 2248 784 2279 certe
807 2245 986 2279 codicibus
1009 2244 1207 2289 antiquior,
1242 2242 1302 2287 qni
1325 2241 1430 2284 xln,
1454 2241 1512 2283 18,
1535 2239 1571 2275 6.

177 2308 359 2351 (Gramm.
382 2308 460 2342 Lat.
485 2308 562 2342 Vol.
584 2309 644 2342 ΙΙΙ.
679 2319 713 2351 p.
737 2305 819 2340 428.
855 2306 910 2340 ed.
934 2304 1060 2350 Lind.)
1092 2306 1182 2339 haec
1206 2304 1334 2338 habet:
1365 2304 1483 2347 Syrtes
1506 2314 1571 2336 au-

178 2372 247 2402 tem
275 2369 463 2402 Sallustius
489 2381 513 2403 a
546 2373 717 2404 tractu
748 2367 913 2401 vocari
938 2367 1033 2401 dicit.

270 2432 302 2473 §-
327 2429 360 2463 4.
384 2433 419 2464 et
442 2430 475 2465 5.
523 2431 619 2475 leges
651 2430 829 2473 cultusque
859 2427 1049 2472 pleraque]
1088 2427 1203 2473 Legea
1233 2429 1342 2460 exstat
1373 2423 1408 2458 in
1433 2422 1511 2457 Vin.
1538 2422 1569 2456 l.

176 2491 246 2524 Ine.
271 2491 305 2526 2.
342 2491 462 2525 Guelf.
489 2492 524 2525 6.
560 2491 644 2525 Sen.
668 2492 702 2525 2.
736 2491 861 2524 Reuss.
895 2489 994 2523 Vrat.
1017 2487 1050 2523 8.
1084 2489 1201 2522 Berol.
1226 2487 1257 2522 l.
1286 2485 1432 2521 Goerlit.
1466 2484 1569 2520 mian.

179 2551 275 2585 Med.
298 2551 332 2588 1.
355 2552 390 2586 2.
417 2552 450 2586 8.
475 2553 556 2588 Vnt.
578 2553 612 2588 l.
636 2551 669 2588 4.
694 2551 728 2586 5.
755 2551 903 2585 Barber.
928 2549 963 2583 5.
990 2549 1077 2584 Min.
1103 2550 1136 2584 2.
1160 2550 1285 2583 Eichh.
1314 2545 1429 2581 Ceteri
1452 2546 1567 2591 legum

177 2612 328 2652 habent,
352 2613 444 2655 quod
470 2614 604 2647 sactum
629 2617 681 2648 est
703 2624 726 2647 a
748 2611 894 2653 scribis,
927 2610 987 2655 qui
1011 2611 1103 2644 hunc
1126 2621 1263 2654 quoque
1286 2620 1406 2643 vocem
1431 2607 1475 2641 ad
1496 2608 1569 2651 ple-

177 2684 286 2716 raque
310 2674 481 2715 pertinere
506 2678 571 2708 rati
594 2677 806 2708 structuram
831 2672 1048 2717 aequandam
1073 2682 1148 2704 esse
1170 2673 1357 2704 censerent.
1403 2667 1571 2702 Primitus

179 2737 296 2766 nutem
320 2733 477 2777 genitivo
503 2734 637 2777 posito,
670 2733 747 2777 quie
777 2734 895 2767 credat
919 2733 980 2766 ulli
1010 2732 1042 2765 in
1069 2734 1218 2765 mentem
1254 2730 1386 2764 venisse
1407 2729 1567 2763 nomina-

180 2793 290 2828 tivum
321 2794 555 2828 substituere?
591 2794 642 2829 Ad
669 2795 735 2830 hoc
760 2793 942 2839 probabile
968 2798 1017 2827 cst
1043 2793 1248 2836 Leptitanos
1272 2803 1338 2826 non
1360 2795 1492 2835 pau-tem
1517 2791 1566 2824 le-
