1630 3034
129 180 214 221 352
501 174 546 217 C.
577 174 903 217 SALLUSTI
933 175 1157 220 CRISPI

66 339 72 341 .
132 297 238 340 dum
276 290 492 336 heredem
538 291 802 350 scripserat,
849 292 1016 336 morbis
1066 292 1294 337 confectus
1314 279 1330 351 ,A
1377 300 1422 337 et
1458 293 1519 337 ob

95 400 466 444 2eam'caussa1n
507 389 892 447 mentepaullum
927 389 1166 440 imminuta.
1237 389 1323 434 Cui
1358 389 1519 432 Metel-

131 491 199 534 lus
243 485 413 548 petenti
453 500 580 528 more
624 499 787 544 regum
835 485 898 528 uti
951 486 1105 530 sellam
1150 487 1270 530 iuxta
1320 491 1523 545 poneret,

130 588 237 630 item
284 589 444 645 postea
489 581 724 625 custodiae
761 596 916 626 caussa
961 589 1153 627 turmam
1189 584 1388 641 equitum
1424 584 1524 626 Ro-

131 698 399 744 κληρονομοῖεν
434 693 470 730 οἱ
503 692 691 737 πρότεροι.
724 692 797 728 Cic.
822 694 910 736 Epp.
937 694 980 727 ad
1005 694 1146 728 Famm.
1170 694 1274 734 xm,
1296 694 1355 735 61,
1379 694 1411 726 1.
1461 694 1525 727 Ille

132 772 188 794 me
221 764 296 794 tum
335 761 509 797 tutorem,
549 760 623 789 tum
659 755 766 788 etiam
803 755 1049 789 secundum
1083 755 1331 789 haeredem
1364 755 1525 789 instituit.

134 822 249 856 Coar.
296 818 394 852 Adde
426 814 610 850 Heineccii
644 814 782 858 Antiqq.
815 815 884 848 Iur.
911 816 1016 850 Rom.
1053 815 1130 849 Lib.
1164 816 1208 849 11.
1234 815 1309 849 Tit.
1335 816 1407 849 XV.
1433 814 1524 848 ΧΠ.

133 895 167 926 p.
191 881 262 916 452
285 891 336 923 sq.
375 878 428 911 ed.
469 875 648 910 Haubold.
683 876 800 909 Tacit.
829 875 918 909 Anu.
942 876 977 917 Ι,
1000 875 1044 917 8,
1069 877 1102 912 1.
1133 876 1205 910 Cic.
1229 876 1265 909 in
1296 876 1393 909 ἵει-ι’.
1419 877 1447 916 1,
1468 874 1526 915 ⁴13,

132 944 214 977 110.
238 961 284 967 —
311 940 467 973 Scribere
492 942 609 971 autem
634 936 780 969 verbum
814 937 995 980 proprium
1019 940 1095 970 crat
1126 936 1161 970 in
1185 936 1403 970 instituendis
1424 937 1527 970 here-

134 1005 258 1044 dibus;
280 1013 315 1035 v.
339 999 455 1033 Tacit.
481 999 507 1032 l.
532 999 558 1032 l.
583 997 675 1032 Plin.
701 997 834 1043 Paneg.
859 1010 889 1031 c.
916 997 1038 1030 XLlll.
1061 1016 1108 1021 —
1139 998 1327 1031 Imminuta
1350 997 1373 1030 i.
1398 1008 1428 1030 e.
1454 1001 1527 1030 tur-

135 1067 241 1106 bata3
273 1062 319 1096 cf.
334 1065 341 1070 ”
357 1060 474 1094 Tacit.
507 1059 597 1093 Ann.
635 1058 706 1099 vl,
729 1056 786 1090 46.
846 1057 1093 1091 Imminuta
1123 1068 1248 1090 mens
1280 1059 1352 1091 cius
1382 1058 1526 1092 obstitit.

135 1126 226 1160 Rist.
249 1124 293 1163 ll,
317 1121 372 1156 93.
423 1121 552 1165 Corpus
584 1120 675 1160 otio,
710 1118 832 1151 anim
847 1128 912 1150 um
949 1118 1149 1152 libidinibus
1182 1119 1526 1153 imminuebant.

228 1187 261 1227 §.
285 1183 318 1217 2.
366 1193 460 1216 more
483 1193 608 1226 regum
633 1180 687 1214 uti
709 1179 832 1213 sellam
858 1179 956 1213 iuxta
977 1180 1134 1224 poneret]
1160 1181 1212 1213 De
1235 1180 1304 1214 boc
1327 1191 1425 1213 more
1448 1179 1529 1213 sede

135 1247 180 1281 ab
205 1246 416 1288 imperatore
447 1242 611 1286 proxima
643 1252 743 1285 reges
778 1239 1001 1284 insignesque
1025 1240 1122 1274 viros
1155 1240 1350 1275 honorandi
1373 1251 1407 1274 ν.
1432 1240 1530 1274 locos
1546 1256 1557 1261 -

134 1319 157 1342 a
182 1305 302 1340 Cottio
336 1305 486 1346 allatos,
515 1304 633 1338 Tacit.
671 1301 763 1337 Hist.
789 1303 841 1343 ΙΙ,
877 1301 936 1344 59,
961 1305 1046 1335 extr.
1102 1302 1262 1336 Vitellius
1291 1302 1471 1336 Valentem
1495 1305 1529 1334 et

136 1369 324 1402 Caecinam
346 1377 409 1410 pro
442 1366 601 1399 concione
635 1365 803 1398 laudatos
835 1363 992 1397 curuli
1026 1374 1141 1396 suae
1173 1362 1517 1407 circumposuit

137 1429 281 1463 sueton.
305 1426 386 1461 Ner.
413 1437 442 1460 c.
469 1426 564 1459 xul.
615 1425 811 1459 Tiridatem
839 1425 1045 1468 perductum
1071 1425 1106 1458 in
1129 1425 1306 1458 theatrum
1331 1424 1462 1458 iuxta
1485 1433 1530 1457 se

135 1492 247 1524 latere
273 1489 393 1522 dextro
417 1487 619 1527 collocavit‚·
642 1496 732 1529 quae
755 1495 969 1529 quamquam
995 1487 1038 1519 ad
1062 1487 1172 1520 serius
1194 1491 1330 1529 tempus
1347 1484 1531 1529 pertinent,

134 1557 253 1585 tamen
277 1548 412 1583 faciunt
435 1549 479 1581 ad
503 1559 599 1589 rem,
636 1557 705 1590 qua
737 1547 781 1580 de
810 1546 870 1579 hic
903 1546 1041 1591 agitur,
1074 1546 1331 1582 illustrandam.
1355 1564 1399 1570 -
1427 1545 1530 1579 quta

134 1610 296 1647 adverbii
321 1612 527 1654 potestatem
551 1608 684 1640 habere
707 1619 775 1641 non
793 1608 941 1642 assecuti
963 1608 1104 1642 librarii
1128 1607 1163 1642 in
1188 1608 1323 1652 aliquot
1346 1606 1445 1641 codd.
1469 1606 1529 1640 ad-

136 1673 298 1706 diderunt
322 1681 378 1710 se,
412 1668 448 1702 in
473 1668 564 1701 alius
597 1668 694 1710 peius
718 1668 825 1702 etiam
849 1680 969 1710 suam,
1005 1680 1091 1712 quos
1116 1669 1257 1703 Cottius
1281 1672 1375 1702 recte
1397 1668 1530 1702 refuta—

136 1734 189 1768 vit
212 1733 293 1767 coll.
313 1731 454 1766 Sueton.
479 1728 615 1763 Domit-
643 1741 672 1762 c.
701 1730 772 1771 xl,
799 1730 845 1763 in.
895 1731 1052 1762 Actorem
1077 1740 1290 1762 summarum
1314 1729 1530 1763 assidere

136 1797 175 1830 in
197 1800 270 1829 toro
295 1793 429 1827 iuxta
462 1791 592 1836 coegit.
626 1789 744 1823 Tiber.
777 1802 809 1823 c.
843 1791 1005 1825 xxxin.
1054 1789 1239 1824 Assidebat
1275 1791 1442 1824 iuxtim
1474 1790 1530 1824 vel

137 1868 179 1892 es
203 1856 362 1890 adverso.
386 1851 501 1886 Tacit.
525 1852 614 1885 Anu.
639 1851 697 1893 IV,
723 1849 780 1892 54,
802 1851 836 1884 2.
887 1851 1085 1895 Agrippina
1109 1862 1214 1894 quum
1244 1856 1436 1894 propter
1459 1850 1530 1884 ‹iis-

136 1918 334 1958 cumberet,
366 1926 434 1948 non
451 1914 551 1947 vultu
575 1917 639 1946 aut
662 1923 820 1946 sermone
835 1912 947 1955 flecti.
974 1933 1019 1937 —
1044 1911 1150 1946 quta
1174 1915 1290 1945 autem
1313 1922 1532 1955 quamquam

136 1980 296 2015 absolute
319 1976 481 2020 quidem,
517 1974 576 2008 sed
609 1978 726 2008 tamen
760 1977 917 2016 respectu
951 1972 1087 2006 Metelli
1118 1971 1271 2014 positum
1301 1977 1374 2013 est,
1413 1976 1531 2006 tamen

135 2053 206 2076 non
230 2041 331 2084 plane
354 2041 451 2082 patet
474 2040 593 2069 utrum
615 2040 759 2079 poneret
783 2045 921 2077 quoque
943 2033 987 2067 ad
1011 2033 1128 2074 hunc,
1152 2043 1197 2066 an
1221 2032 1265 2066 ad
1291 2032 1452 2066 Gaudam
1474 2044 1531 2066 re-

138 2102 320 2137 ferendum
342 2099 398 2133 sit.
445 2098 483 2131 ln
508 2099 672 2140 promptu
697 2098 748 2129 est
769 2095 873 2137 enim,
899 2093 928 2127 si
946 2094 990 2127 ad
1015 2095 1216 2128 Romanurn
1240 2094 1363 2127 ducem
1387 2093 1531 2135 referas,

135 2167 279 2209 poneret
302 2161 396 2194 idem
420 2169 495 2192 esse
518 2162 624 2201 atque
645 2156 729 2200 pom·
754 2156 906 2198 iuberet,
938 2155 981 2188 ad
1009 2155 1198 2189 Numidam
1220 2155 1372 2189 relatum
1395 2154 1531 2199 siguifi-

137 2236 218 2260 care
248 2233 376 2268 ponere
407 2219 495 2253 sibi
532 2219 592 2252 lic
605 2223 714 2252 eret.
763 2216 836 2251 Res
869 2216 944 2260 ipsa
967 2221 1083 2250 autem
1107 2217 1190 2251 licet
1212 2215 1334 2250 eadem
1358 2215 1432 2250 fere
1454 2226 1531 2250 ma-

138 2289 239 2326 neat,
272 2283 346 2317 sive
369 2281 462 2314 hanc
492 2278 649 2323 sequaris
672 2277 827 2312 struendi
850 2277 1045 2318 rationem,
1078 2277 1153 2311 sive
1176 2277 1275 2311 illam
1292 2303 1302 2318 ,
1325 2277 1415 2313 mihi
1439 2281 1532 2312 certe

139 2345 255 2390 magis
281 2342 464 2388 probabile
493 2346 546 2375 cst
567 2341 611 2375 ad
632 2345 775 2385 poneret
801 2339 947 2372 verbum
974 2338 1138 2371 Gaudam
1163 2349 1236 2372 esse
1258 2338 1454 2372 subiectum
1478 2338 1531 2372 in-

138 2406 385 2450 telligendum3
410 2403 562 2447 primum
583 2401 677 2435 enim
702 2400 736 2433 id
759 2401 904 2435 suadent
928 2400 1037 2434 verba
1060 2411 1152 2434 more
1175 2411 1298 2444 regum
1322 2411 1403 2433 cum
1424 2410 1531 2443 poue·

141 2473 196 2502 ret
219 2465 480 2511 coniungenda,
514 2469 588 2497 tum
613 2462 775 2496 licentiae
799 2461 917 2502 notio,
947 2472 1054 2504 quain
1078 2461 1162 2504 petit
1187 2462 1349 2506 regulus,
1381 2461 1431 2494 ita
1455 2471 1530 2494 ma·

142 2529 199 2574 gis
223 2528 351 2569 elucet,
386 2525 533 2569 denique
568 2527 703 2558 mutata
737 2523 772 2557 in
797 2523 907 2556 altero
930 2523 1089 2556 membro
1109 2525 1284 2555 structura
1317 2521 1380 2564 (de
1402 2532 1471 2564 qua
1494 2532 1528 2556 v-

142 2591 188 2624 ad
212 2601 241 2622 c.
269 2590 294 2631 l,
320 2588 353 2622 2.
378 2592 413 2621 et
437 2587 480 2621 ad
506 2585 631 2626 xmx,
656 2585 710 2621 2.)
735 2584 768 2617 id
793 2583 990 2618 coufirmat.
1039 2583 1127 2616 Num
1152 2587 1307 2624 mutatae
1334 2586 1531 2616 structurae

143 2659 266 2684 caussa
290 2649 385 2682 haud
409 2647 514 2681 dubie
538 2647 571 2680 in
596 2658 637 2679 eo
661 2646 728 2679 sita
752 2649 826 2687 est,
861 2644 952 2688 quod
967 2668 977 2685 ‚
1009 2655 1116 2687 quum
1153 2641 1342 2676 Sallustius
1365 2642 1530 2676 Gaudam

141 2709 336 2746 subiectum
361 2709 458 2742 verbi
480 2712 622 2752 poneret
645 2707 856 2751 cogitasset,
878 2705 912 2738 in
937 2705 1048 2739 altero
1071 2705 1251 2743 membro.
1277 2702 1338 2736 ubi
1362 2703 1430 2736 hoc
1454 2703 1530 2738 lieri

145 2781 211 2805 uon
234 2774 395 2813 poterat,
420 2769 534 2803 solum
560 2767 800 2803 accusativum
823 2772 972 2801 turmam
996 2766 1104 2799 verbo
1124 2769 1256 2809 peteret
1285 2763 1528 2798 subiunxit.-
