1630 3034
163 211 245 239 xxu
588 191 1141 238 PRAEFATIO.

133 311 273 371 ilum
319 311 456 371 plane
499 311 732 365 obsoleto,
784 308 977 369 simplici
1022 309 1063 353 L
1119 307 1256 353 fuisse
1307 305 1546 366 scriptum3
1613 323 1618 331 ‚.

164 407 281 450 quae
314 391 427 436 ratio
476 405 750 450 quamquam
791 390 924 434 etiam
970 389 1016 432 in
1051 388 1193 434 codd.
1230 392 1442 444 servatur,
1475 392 1547 430 ta-
1615 399 1622 407 ⁴

164 487 270 516 men
313 486 370 517 eo
414 485 505 515 non
550 483 636 530 pro
679 470 883 531 legitima
925 469 1085 513 haberi
1137 473 1309 527 potest,
1365 473 1547 526 praeter

165 551 274 607 alia,
330 567 356 595 a
404 550 534 594 nobis
592 550 817 609 exposita,
873 550 1005 595 etiam
1060 547 1275 592 Martiani
1325 546 1548 606 Capellae

160 646 210 690 p.
234 629 314 674 54.
350 630 604 675 testimonio
640 629 919 674 adversante:
960 629 1001 673 L
1035 629 1204 673 exilem
1238 641 1401 672 sonum
1433 625 1549 670 recl-

164 710 237 755 dit
271 725 414 770 quum
459 710 761 770 geminatur,
806 715 858 773 ut
889 709 1137 764 sollers,
1175 707 1547 753 Sallustius.

163 790 306 846 Quod
341 790 609 835 Gerlachius
655 795 803 833 autem
846 788 907 833 ad
950 789 1208 833 sententiam
1251 787 1551 842 suamkstabi-

161 869 358 914 liendam
393 885 558 914 nomen
594 885 621 912 a
654 863 806 923 sii-lus,
851 869 978 913 brevi
1023 869 1296 927 penultima,
1341 867 1550 912 derivan-

162 949 275 992 dum
310 957 474 1005 censet,
507 950 554 993 id
579 950 791 1007 equidem
826 963 915 992 non
949 950 1157 1008 intelligo
1178 949 1413 1006 quomodo
1436 962 1551 993 con-

163 1029 303 1075 ciliari
333 1036 470 1087 queat
493 1045 597 1074 cum
618 1030 731 1074 locis
754 1028 1008 1072 Horatianis
1031 1028 1122 1073 od.
1147 1029 1206 1082 11,
1229 1029 1274 1084 2,
1296 1029 1340 1075 3.
1383 1029 1552 1088 Crispe

164 1107 365 1153 Sallusti
401 1109 466 1166 (⁷:-
491 1132 518 1155 υ
541 1155 579 1162 ,-
600 1155 637 1162 ,,
667 1105 675 1174 Ι
706 1139 744 1161 „a
769 1145 778 1154 .
803 1145 813 1156 .
838 1145 846 1156 .
870 1109 904 1167 .)
942 1114 987 1152 et
1021 1109 1112 1154 Sat.
1133 1108 1170 1163 1,
1193 1107 1239 1163 2,
1261 1107 1343 1153 48.
1387 1108 1551 1152 Tutior

162 1193 215 1232 at
250 1194 425 1249 quanto
456 1204 593 1233 mera:
629 1195 697 1234 est
731 1191 779 1234 in
814 1190 968 1233 classe
1001 1189 1245 1233 secunda!
1278 1188 1552 1233 Libertina-
1618 1248 1626 1253 .

161 1283 270 1312 ‘rum
305 1269 437 1324 dico,
475 1268 733 1314 Sallustius
767 1269 815 1313 in
857 1284 978 1329 quas
1011 1267 1120 1313 Non
1165 1269 1319 1313 mimis
1364 1268 1552 1325 insanit,

163 1363 310 1409 quam
344 1349 424 1409 qui
442 1349 718 1393 moechatur
753 1350 775 1409 (
789 1383 937 1396 .......
948 1365 995 1400 g„
1025 1380 1062 1403 4
1083 1373 1111 1396 υ
1136 1371 1165 1394 υ
1186 1380 1225 1402 ,Δ
1249 1349 1344 1407 -),
1381 1349 1458 1406 qui
1478 1349 1553 1392 lo—

165 1429 209 1474 ci
247 1428 379 1473 simul
414 1430 573 1474 erroris
608 1431 876 1475 convincunt
909 1430 1206 1489 Herzogium,
1230 1431 1423 1488 primam
1460 1428 1554 1487 syl-

163 1509 341 1564 labam,
386 1510 479 1553 sive
523 1510 741 1568 simplici,
789 1511 879 1553 sive
914 1510 1141 1569 geminata
1176 1510 1216 1554 L
1261 1510 1409 1554 littera
1443 1509 1556 1553 scri-

163 1589 323 1647 batur,
371 1605 549 1649 semper
594 1592 777 1635 brevem
823 1604 918 1634 esse
962 1596 1240 1634 statuentem.
1342 1589 1556 1634 Ceterum

166 1674 289 1713 recte
334 1676 379 1713 et
425 1670 584 1714 ordine
630 1671 788 1716 fecisse
833 1669 1131 1714 Gerlachium
1187 1684 1373 1728 censeo,
1426 1670 1554 1728 quod

165 1749 403 1808 vulgatum
455 1751 685 1794 nominum
745 1750 949 1793 ordinem
1009 1750 1227 1805 deseruit,
1283 1751 1557 1810 cognomine

166 1830 450 1887 postposito,
497 1836 545 1874 ut
598 1836 803 1876 constans
851 1830 999 1889 poscit
1050 1830 1315 1874 Latinorum
1360 1846 1462 1874 usus
1511 1836 1557 1875 et

167 1909 444 1967 optimorum
479 1917 873 1955 monumentorum
912 1910 1163 1955 auctoritas.
1229 1910 1408 1954 Horatii
1437 1911 1558 1956 enim

169 1990 295 2034 locus
331 1989 422 2035 od.
444 1990 503 2046 11,
535 1991 584 2048 2,
606 1990 667 2047 3.‚
703 2005 795 2049 quo
829 1989 956 2034 haud
992 1989 1131 2034 dubie
1165 1990 1315 2034 nititur
1347 1992 1558 2051 vulgatus

165 2084 309 2128 usque
344 2070 404 2114 ad
439 2071 737 2117 Gerlacliium
773 2071 916 2126 ordo,
950 2085 1039 2114 non
1075 2077 1242 2115 tantam
1278 2072 1369 2116 vim
1404 2071 1560 2128 habet,

167 2157 218 2193 ut
253 2151 527 2195 demonstret
569 2149 693 2195 hunc
739 2152 1018 2210 potissimum
1064 2166 1219 2195 verum
1255 2167 1372 2210 esse,
1418 2168 1559 2211 quum

168 2231 387 2290 plurima,
423 2232 557 2275 etiam
593 2231 814 2291 pedestris
851 2232 1058 2275 orationis
1093 2233 1375 2291 scriptorum,
1405 2246 1561 2276 exem-

173 2303 255 2371 pla¹
291 2311 495 2357 doceant
542 2320 716 2356 veteres
770 2312 994 2357 interdum
1041 2312 1208 2355 nomini
1244 2312 1562 2370 praeposuisse

174 2405 460 2449 cognomen.
498 2407 771 2449 quamquam
810 2393 1012 2452 legitime
1056 2391 1191 2435 etiam
1231 2391 1275 2434 in
1311 2391 1380 2436 his
1411 2393 1561 2438 inver-

173 2487 244 2515 sus
270 2472 395 2515 *ordo
432 2473 675 2518 obtinebat.
741 2472 940 2517 Plurima
976 2472 1066 2516 eins
1101 2471 1165 2514 rei
1201 2473 1410 2532 exempla
1439 2474 1564 2518 Ger-

176 2551 348 2595 lachius
393 2554 616 2611 congessit
660 2552 762 2596 vol.
807 2553 863 2596 ll.
911 2553 960 2598 P.
996 2553 1028 2595 Ι.
1077 2567 1121 2610 p.
1157 2551 1236 2596 32.
1283 2553 1407 2596 velut
1449 2553 1558 2598 Sall.

172 2634 274 2692 lug.
298 2633 495 2684 XXVU,
529 2632 574 2675 4.
626 2633 716 2676 Liv.
751 2633 940 2683 xxxn,
969 2633 1016 2684 6,
1052 2631 1128 2675 17.
1176 2633 1291 2677 ven.
1319 2634 1375 2688 ll,
1398 2624 1478 2688 26,
1510 2634 1557 2678 2.

174 2714 248 2757 ubi
300 2729 337 2756 v,
385 2713 590 2758 nulum..
636 2714 796 2772 quibus
843 2712 988 2770 adde,
1037 2713 1068 2755 si
1118 2715 1225 2757 tanti
1275 2721 1361 2768 est,
1408 2714 1555 2762 Tacit.
