1630 3034
117 181 203 227 236
484 175 528 220 G.
560 173 887 218 SALLUSTI
917 173 1132 219 CRISPI

78 294 234 343 2Na1n
269 297 373 336 ante
411 289 734 352 Carthaginem
769 291 962 336 deletam
997 293 1194 353 populus
1237 299 1282 337 et
1322 298 1499 338 senatus

116 392 349 436 Romanus
383 387 562 448 placide
597 387 890 447 modesteque
925 389 1038 433 inter
1084 405 1132 433 se
1177 389 1502 450 rempublicam

118 485 390 539 tractabant3
433 500 581 544 neque
615 485 786 545 gloriae
821 500 968 545 neque
1005 485 1311 530 dominationis
1357 492 1502 579 certe-

120 599 224 628 men
258 583 374 626 inter
409 582 515 626 civis
558 588 674 636 erat3
712 589 853 627 metus
890 582 1059 627 hostilis
1095 583 1138 626 in
1173 583 1302 627 bonis
1339 582 1504 626 artibus

121 713 172 745 est
194 707 406 754 Heusinger.
427 708 472 744 ad
497 708 570 743 Cic.
586 709 629 743 de
649 707 721 743 Off.
738 709 782 752 11,
805 708 841 749 4,
863 707 898 744 3.
921 712 956 743 et
979 709 1203 753 Oudendorp.
1225 710 1271 743 ad
1293 710 1393 745 Caes,
1407 709 1450 742 B.
1466 710 1506 743 G.

120 771 162 813 I,
183 770 228 813 7,
251 770 307 811 4.;
332 769 392 803 sed
415 771 491 804 tum
512 769 601 804 haec
623 769 701 814 ipsa
724 770 906 814 exempla,
929 773 1003 805 tum
1027 780 1088 812 ea,
1113 780 1204 813 quae
1225 770 1275 804 ibi
1300 769 1505 809 afferuntur,
1540 774 1542 777 “

120 842 261 876 prorsus
282 829 389 864 alieni
411 833 491 863 sunt
512 830 663 875 generis.
1040 818 1043 820 ¹

214 893 248 933 §-
271 890 306 926 2.
350 892 497 935 populus
521 896 554 925 et
577 896 717 925 senatus
740 890 931 934 Romanus]
955 890 1057 933 Quod
1081 893 1202 924 auctor
1225 900 1246 923 a
1271 892 1408 933 recepto
1431 899 1508 922 ver-

122 953 248 986 borum
274 957 415 986 senatus
434 953 649 997 populusque
672 953 772 985 Rom.
797 951 916 984 ordine
947 951 1123 993 discessit,
1157 952 1231 985 cius
1261 951 1312 984 rei
1347 961 1508 984 caussam

121 1013 238 1046 Faber
259 1011 344 1046 scite
368 1012 502 1046 monuit
528 1024 603 1046 esse
624 1013 729 1055 hanc,
753 1011 845 1055 quod
869 1012 968 1053 duas,
993 1011 1120 1055 quibus
1139 1013 1291 1055 respubl.
1315 1012 1509 1053 constabat,

121 1075 238 1116 partes
261 1083 331 1105 non
353 1072 390 1105 in
414 1083 522 1105 unum
546 1072 647 1116 quasi
670 1072 812 1116 imperii
836 1084 960 1116 corpus
981 1072 1158 1115 conflatas,
1184 1073 1243 1106 sed
1267 1072 1356 1107 inter
1378 1083 1416 1106 se
1439 1071 1508 1106 dis-

121 1137 235 1167 cretas
267 1137 302 1166 et
333 1133 479 1167 seorsim
510 1134 662 1177 spectari
693 1133 816 1169 voluit.
864 1132 948 1167 Sine
980 1132 1049 1167 ista
1074 1143 1196 1167 caussa
1219 1133 1339 1168 Livius
1371 1144 1511 1177 quoque

121 1193 206 1235 vn,
235 1192 301 1234 31,
336 1193 394 1227 10.
427 1193 532 1229 dixit:
583 1195 841 1229 Denuncz‘arent
875 1194 1089 1228 Samnitibus
1120 1195 1285 1238 populi
1318 1195 1511 1228 Romani

123 1259 402 1298 senatusque
435 1255 602 1289 verbis.
637 1274 680 1280 —
719 1255 864 1289 Placide
887 1255 922 1288 h.
947 1255 974 1290 l.
1001 1257 1053 1288 est
1085 1253 1158 1287 sine
1189 1255 1300 1290 turbis
1334 1256 1511 1290 civilibus.

123 1315 279 1349 Modesto
317 1315 459 1358 proprie
495 1315 538 1348 de
575 1315 680 1349 modo
712 1316 882 1350 servando
915 1314 1063 1356 ‹licitur3
1096 1315 1155 1348 sed
1190 1316 1278 1350 bene
1312 1317 1513 1351 observavit

122 1374 349 1420 Spaldingius
382 1375 427 1409 ad
461 1375 628 1418 Quinctil.
653 1376 692 1418 I,
716 1378 758 1418 2,
782 1378 818 1411 4.
851 1376 956 1411 latius
989 1380 1108 1419 patere
1143 1377 1289 1410 modesti
1319 1377 1510 1419 notionem,

124 1436 335 1479 omninoque
366 1435 566 1481 universam
595 1436 704 1471 animi
734 1438 925 1472 bonitatem
950 1449 990 1472 ac
1015 1436 1223 1480 probitatem
1247 1438 1315 1472 hoc
1339 1439 1511 1472 vocabulo

123 1496 381 1540 comprehendi.
427 1496 481 1529 Ita
504 1495 670 1538 Quinctil.
693 1497 760 1538 lv,
785 1497 827 1536 2,
859 1497 940 1533 1⁰0.
975 1497 1168 1530 Modestum
1194 1500 1345 1539 factum.
1379 1498 1452 1533 Cic.
1475 1498 1511 1531 in

124 1558 223 1591 Verr.
247 1557 278 1599 Ι,
300 1556 360 1598 47,
383 1556 462 1589 124.
491 1558 519 1589 0
534 1558 724 1591 modestum
748 1558 915 1599 ordinem,
939 1559 1028 1602 quod
1054 1559 1147 1591 illinc
1172 1559 1269 1593 vivus
1292 1560 1448 1593 surrexit.
1467 1579 1510 1584 —

127 1618 223 1652 Inter
246 1628 282 1651 se
305 1616 585 1650 communionem
611 1617 749 1661 imperii
773 1617 966 1662 significat,
992 1618 1041 1652 ita
1064 1624 1103 1653 nt
1126 1623 1160 1653 et
1184 1619 1332 1663 populus
1356 1622 1391 1653 et
1413 1630 1513 1653 sena-

124 1681 181 1712 tus
202 1677 454 1721 rempublicam
488 1681 715 1721 capesserent.
763 1679 978 1712 'I'ractabant
1010 1679 1033 1714 i.
1068 1691 1098 1712 c.
1133 1679 1442 1720 administrabant,
1475 1682 1514 1712 ut

125 1739 201 1772 Cat.
227 1739 293 1781 Ll,
318 1737 376 1771 28.
403 1738 522 1772 lustin.
548 1739 576 1779 Ι,
600 1739 634 1773 2.
663 1740 820 1772 Gloriam
843 1739 879 1771 h.
904 1739 927 1771 1.
953 1751 1020 1772 non
1045 1739 1194 1785 intelligi
1220 1751 1311 1779 eum,
1336 1750 1426 1782 quae
1450 1750 1511 1782 pa-

125 1801 224 1833 ratur
248 1810 290 1832 ex
313 1798 414 1832 victis
438 1799 594 1833 hostibus
618 1804 653 1834 ct
676 1799 815 1841 virtute,
837 1804 875 1833 ut
897 1799 973 1833 Cat.
1001 1799 1076 1840 Vll,
1100 1800 1146 1841 6.,
1175 1801 1233 1833 sed
1258 1812 1348 1843 quae
1373 1812 1513 1844 oppres-

125 1860 172 1895 sis
196 1859 333 1892 civibus
364 1860 561 1901 quaeritur,
595 1861 743 1893 ostendit
770 1860 926 1893 additum
950 1861 1160 1894 vocabulum
1189 1861 1443 1895 dominationis.
1474 1881 1509 1886 —

126 1921 243 1955 Metus
275 1921 464 1955 hostilis
496 1921 554 1954 hic
586 1925 620 1955 et
641 1923 717 1965 lug.
743 1921 819 1961 CV,
844 1920 877 1954 3.
911 1920 962 1954 ita
984 1921 1114 1955 (lictum
1138 1924 1189 1956 est
1213 1926 1249 1955 ut
1274 1922 1309 1955 iu
1333 1922 1513 1966 Fragmm.

126 1982 280 2016 Historr.
306 1983 333 2021 Ι,
357 1979 398 2023 9,
422 1981 470 2018 ἰη.
494 1983 638 2017 Remoto
663 1987 756 2016 meta
781 1981 963 2014 Punico.
988 1983 1102 2016 Con'r.
1133 1983 1212 2016 Alia
1235 1982 1388 2025 plurimu
1411 1982 1516 2015 liuius

128 2041 267 2088 geueris
290 2041 555 2086 diligentissime
578 2054 618 2076 ex
644 2043 771 2076 'l‘acito
795 2042 940 2086 collegit
962 2043 1204 2078 Boetticlicrus
1228 2044 1261 2077 iu
1287 2043 1369 2076 Lex.
1397 2041 1516 2075 Tacit.

128 2115 164 2147 p.
189 2102 246 2136 315.
270 2114 304 2137 n.
329 2102 364 2136 3.
387 2122 434 2127 ——
457 2103 641 2138 Sublatum
666 2102 1010 2147 Carthaginiensium
1035 2108 1167 2137 metmn
1192 2103 1341 2137 multum
1366 2102 1517 2136 valuisse

129 2165 174 2199 ad
198 2163 422 2198 concordiam
444 2164 698 2199 dissolvendam
722 2168 756 2197 et
779 2165 885 2198 bonos
909 2174 1024 2197 mores
1047 2164 1315 2208 corrumpcmlos
1331 2163 1517 2199 Sallustius

105 2225 238 2262 ‚etium
261 2223 368 2258 tradit
392 2224 427 2258 in
455 2226 636 2270 Fragmm.
663 2226 814 2258 llistorr.
841 2226 878 2265 l,
902 2224 925 2257 8
951 2229 985 2257 ct
1006 2223 1039 2256 9.
1074 2225 1167 2258 ldem
1191 2229 1366 2266 statuunt,
1398 2225 1515 2259 Sallu-

132 2285 238 2320 stium
261 2285 410 2319 sortasse
432 2287 562 2327 secuti,
595 2286 717 2319 venei.
742 2287 791 2328 ll,
816 2286 857 2327 1,
884 2285 916 2318 l.
950 2289 984 2318 et
1004 2286 1100 2319 Flor.
1126 2286 1193 2325 ΙΙΙ,
1221 2286 1285 2325 12,
1309 2286 1341 2317 2.
1369 2304 1412 2311 —
1447 2286 1517 2319 Pro

133 2347 304 2379 retinebat
324 2345 449 2378 Rivius
467 2344 500 2377 in
522 2344 694 2379 nonnullis
719 2344 819 2378 libris
843 2345 1009 2387 scriptum
1034 2356 1108 2378 csse
1131 2346 1286 2380 al'lirmat
1310 2347 1516 2386 continebat,

134 2407 226 2449 quod
251 2407 397 2439 verbum
422 2405 558 2438 Curtius
582 2411 673 2439 recte
699 2405 830 2439 indicat
852 2405 991 2449 propi-ie
1011 2407 1213 2449 disciplinae
1237 2419 1320 2448 csse,
1347 2419 1415 2449 quu
1439 2407 1517 2451 quis

135 2466 363 2510 astringitur3
403 2467 449 2500 οἳ.
476 2467 634 2499 Gronm.
660 2471 694 2500 ct
717 2467 905 2500 Burmann.
940 2468 982 2499 nd
1006 2467 1156 2500 l'liucdr.
1183 2467 1293 2501 Falib.
1326 2468 1420 2501 l'rol.
1456 2467 1516 2500 lili.

137 2529 181 2570 ΙΙ,
206 2527 238 2569 4,
266 2527 298 2560 1.
324 2532 358 2560 ct
382 2527 643 2560 Drakenborch.
668 2528 711 2560 nd
737 2527 811 2560 biv.
841 2528 999 2567 xxxix,
1024 2527 1081 2567 28,
1103 2527 1137 2560 2.
1165 2529 1386 2570 Quamquam
1411 2527 1517 2571 igitui-

138 2587 393 2622 cunm-«londoni
417 2591 468 2619 cst
492 2588 662 2620 emilincrc
686 2588 769 2621 huic
793 2588 867 2621 loco
892 2589 978 2621 lwnc
1001 2588 1208 2630 canu-uiro,
1232 2594 1348 2621 [anien
1376 2589 1515 2630 probari

140 2649 242 2682 (lebet
259 2647 367 2680 Curtii
393 2646 570 2689 iudicium,
594 2647 653 2690 qni
679 2649 846 2682 recinebat
872 2650 1029 2687 verbnm,
1057 2648 1234 2682 codicibus
1258 2650 1446 2691 firm-itum,
1470 2649 1519 2682 ita

143 2708 248 2751 cupit,
263 2711 300 2741 ut
321 2708 447 2741 hain-at
466 2709 654 2750 pleniorem
671 2709 871 2742 sententiam
894 2710 1002 2742 lianc:
1024 2710 1066 2742 ab
1085 2710 1184 2743 malis
1199 2709 1326 2743 artilni-
1348 2710 1516 2745 retinebat

144 2773 176 2802 ct
197 2768 231 2801 in
256 2768 348 2802 bunis
374 2768 578 2807 continebat,
605 2767 645 2801 dc
670 2780 736 2810 quo
763 2770 990 2802 couri-‚mulae
1013 2769 1202 2803 sententiae
1227 2781 1352 2811 genero
1372 2781 1403 2802 v.
1426 2771 1467 2803 ud
1489 2783 1516 2802 s.
