1630 3034
426 193 774 239 CATILINA.
842 190 974 237 cAP.
1001 195 1153 240 XLIX.
1400 199 1484 242 227

101 311 369 357 Ciceronem
412 310 648 371 impellere
696 314 909 370 potuere,
963 311 1030 355 uti
1074 325 1160 370 per
1204 306 1483 374 Allobroges

100 409 176 448 aut
207 417 294 462 per
327 401 463 447 alium
495 400 688 445 indicem
728 398 779 447 C.
816 396 982 445 Caesar
1020 401 1134 447 falso
1170 404 1482 451 nominaretur.

97 493 217 539 Nam
250 500 440 551 uterque
481 505 584 537 cum
618 491 698 535 illo
733 491 880 551 gravis
915 489 1165 538 inimicitias
1198 496 1522 552 exercebant‚2

98 584 202 628 Piso
238 589 527 644 oppugnatus
571 582 618 626 in
659 581 828 628 iudicio
874 582 1165 642 pecuniarum
1208 585 1484 645 repetunda*

97 689 222 731 rum,
289 681 481 735 propter
544 672 776 718 cuiusdam
836 673 1151 734 Transpadani
1213 677 1484 736 supplicium

94 807 142 842 de
161 808 251 842 Fato
275 817 306 842 c.
329 807 356 849 1,
381 810 467 842 extr.
491 817 526 850 p.
544 805 580 843 9.
614 816 800 850 perperam
824 805 1017 850 scripserit:
1048 809 1161 852 primo
1184 808 1247 842 illa
1271 808 1335 853 (sc.
1361 811 1485 856 agita-

95 866 259 910 bamus),
290 868 504 910 quaem-ant
527 857 734 908 quotidiana
765 866 799 898 et
832 863 932 907 quasi
966 865 1126 908 legitima
1158 867 1265 908 nobis,
1290 868 1340 902 de
1370 878 1483 911 pace

95 928 136 956 et
168 923 218 956 de
252 923 369 962 otio3
401 932 482 955 nam
519 932 588 954 una
620 926 757 955 tantum
791 931 846 954 res
880 920 1014 955 dnobus
1046 923 1225 957 vocubulis
1254 924 1482 969 significatur.

92 979 214 1015 Altero
237 969 354 1014 autem
378 979 456 1012 loco
480 978 695 1023 praepositio
718 977 754 1010 iu
778 976 913 1010 duobus
936 978 1035 1012 codd.
1060 984 1094 1014 et
1119 981 1196 1014 edd.
1219 981 1350 1025 antiqq.
1376 982 1483 1015 decet.

187 1039 220 1080 §.
245 1037 279 1071 2.
327 1043 471 1081 uterque
493 1055 539 1060 -—
563 1035 793 1078 exercebant]
835 1034 887 1067 lta
920 1045 999 1067 cum
1034 1034 1151 1069 Cortio
1185 1048 1227 1070 ex
1261 1038 1352 1089 bona
1381 1042 1483 1081 parte

93 1093 254 1128 codicum
277 1095 480 1138 scripsimus
492 1091 736 1131 3Gerlachius
763 1102 848 1125 vero
874 1092 1053 1125 exercebat
1070 1092 1204 1134 edidit,
1235 1094 1326 1144 quod
1355 1099 1410 1144 est
1444 1094 1480 1127 in

93 1152 175 1185 Bas.
197 1152 230 1185 1.
256 1152 363 1185 Fabr.
384 1152 415 1184 1.
439 1151 520 1184 sen.
540 1152 574 1184 1.
610 1150 727 1183 Guelf.
748 1147 783 1182 5.
807 1148 863 1182 1⁰.
897 1148 974 1182 lin.
998 1148 1030 1182 1.
1052 1149 1087 1185 2.
1121 1151 1224 1184 Rem.
1251 1152 1347 1186 Leid.
1370 1153 1412 1185 F.
1437 1152 1479 1195 11.

93 1214 129 1243 et
149 1209 234 1243 Tur.
252 1209 284 1243 1,
310 1219 356 1241 ιιι.
381 1218 448 1242 sec.
496 1207 595 1240 Idem
617 1210 735 1241 tamen
769 1206 804 1238 in
828 1206 1036 1247 Commentt.
1061 1217 1094 1249 p
1124 1206 1202 1240 126.
1220 1209 1385 1261 sedecim
1409 1210 1479 1243 Ita-

93 1265 243 1299 licorum
267 1265 436 1299 librorum
456 1265 663 1298 auctoritate
687 1267 863 1306 permotus
886 1263 1096 1299 exercebant
1108 1264 1331 1307 scribendum
1355 1270 1480 1316 censet.

91 1323 279 1356 Praeterea
304 1317 420 1355 Guelf.
442 1321 475 1357 8,
498 1322 554 1356 11.
577 1321 634 1356 12.
657 1332 704 1356 m.
730 1331 798 1355 sec.
831 1321 903 1354 Inc.
923 1319 958 1354 2.
982 1320 1066 1354 Bas.
1096 1320 1130 1356 4.
1165 1328 1200 1355 et
1224 1323 1327 1356 Bern.
1355 1309 1389 1357 2.
1421 1335 1481 1366 ex-

91 1379 215 1414 hibent
238 1379 372 1423 utrique
396 1380 616 1420 exercebant,
641 1379 734 1422 quod
758 1379 904 1412 fortasse
929 1376 972 1410 iis
996 1377 1135 1412 defendi
1161 1390 1220 1431 pos
1206 1379 1286 1421 eit,
1323 1390 1413 1432 quae
1436 1367 1481 1415 ad

91 1448 122 1470 c.
147 1437 260 1478 XXX,
277 1435 310 1470 3.
335 1447 475 1482 cong-es
466 1436 591 1476 imus;
615 1436 673 1470 sed
698 1439 836 1478 recepta
855 1434 959 1468 lectio
983 1435 1079 1469 haud
1103 1436 1208 1469 dubie
1231 1448 1329 1480 vera,
1353 1437 1481 1482 quippe

91 1505 134 1528 ex
167 1504 237 1538 qua
268 1498 404 1528 ceterae
435 1494 620 1534 fluxerint,
661 1504 770 1536 quum
802 1491 1030 1531 librariorum
1064 1492 1128 1526 alii
1163 1503 1376 1544 pronomen,
1419 1495 1481 1530 alii

90 1552 236 1584 verbum
259 1556 434 1586 mutarent
466 1552 510 1585 ad
539 1560 725 1585 numerum
757 1550 1030 1595 exaequanduma
1080 1550 1211 1593 Quodsi
1243 1552 1410 1587 alterutra
1438 1564 1480 1586 ex

89 1607 230 1642 relicuis
255 1608 408 1652 genuina
431 1612 540 1650 esset,
575 1608 672 1642 nullo
696 1613 798 1651 pacto
822 1612 935 1652 posset
957 1607 1129 1651 intelligi,
1158 1608 1241 1652 quid
1265 1596 1405 1643 *scribas
1435 1611 1480 1644 ad

92 1676 170 1700 eam
209 1666 412 1700 mutandam
451 1666 630 1709 impellere
668 1665 847 1710 quivisset.
902 1665 1122 1698 Consti-actio
1155 1670 1270 1700 autem
1306 1667 1387 1700 talis
1418 1671 1480 1710 est,

88 1724 229 1768 qualem
253 1723 450 1757 notavimus
473 1723 518 1757 ad
540 1735 572 1757 c.
594 1724 653 1763 vl,
671 1723 704 1756 2.
729 1728 764 1756 et
787 1723 861 1764 vll,
881 1721 917 1755 4.
943 1735 991 1747 -—·-
1033 1723 1202 1756 Exercere
1225 1723 1371 1756 verbum
1395 1736 1479 1768 pro-

87 1781 206 1825 prium
237 1785 289 1815 est
323 1781 366 1815 de
408 1781 489 1814 odio
523 1786 557 1815 et
584 1780 797 1821 inimicitiis;
833 1780 879 1812 cf.
912 1791 942 1813 c.
969 1780 1031 1821 lx,
1060 1779 1094 1813 2.
1138 1780 1194 1821 LI,
1230 1780 1286 1814 16.
1331 1781 1478 1826 Fragm.

89 1838 196 1872 llistt.
216 1838 241 1871 1.
268 1848 301 1871 n.
323 1838 357 1871 9.
397 1839 494 1872 (ἳει-Ι.
518 1839 594 1872 Liv.
618 1838 758 1878 xxix,
785 1837 844 1878 17,
871 1836 929 1870 13.
980 1836 1054 1870 Cic.
1086 1835 1205 1869 Divin.
1237 1836 1271 1879 4,
1299 1838 1353 1872 13.
1391 1838 1479 1872 Veu.

91 1894 121 1937 1,
139 1897 174 1935 1,
191 1896 224 1929 2.
251 1897 295 1937 11,
312 1895 369 1936 45,
389 1896 423 1929 1.
446 1896 560 1930 eom.
1358 1887 1361 1890 ’

178 1954 408 1998 pecuniarum
444 1950 734 1997 repetundarum]
777 1950 943 1995 Plerique
975 1960 1096 1984 omnes
1132 1949 1208 1984 fere
1239 1951 1340 1985 codd.
1374 1962 1482 1997 pecu-

89 2009 228 2044 niarum
252 2011 392 2050 addunt,
417 2009 511 2052 quod
535 2009 685 2051 Cottius,
709 2020 817 2053 quum
841 2009 878 2042 in
903 2020 972 2042 uno
997 2018 1038 2041 ex
1062 2006 1134 2041 suis
1159 2012 1194 2042 et
1218 2008 1253 2041 iu
1278 2009 1366 2043 Edd.
1393 2014 1479 2044 vett.

89 2067 243 2108 deesset,
264 2067 408 2107 delevit,
432 2077 559 2110 parum
583 2068 739 2101 consulte
762 2071 896 2100 tantum
919 2067 1092 2100 librorum
1127 2076 1332 2099 consensum
1365 2067 1480 2110 negli-

88 2135 195 2169 gens,
226 2135 439 2168 quamquam
463 2124 571 2157 etiam
595 2125 809 2169 reperandae
834 2123 1039 2167 simpliciter
1062 2122 1212 2166 positum
1244 2128 1337 2156 recte
1360 2123 1477 2166 habet,

90 2182 138 2215 ef.
163 2181 334 2216 Schellcr.
368 2180 404 2214 in
426 2181 509 2214 Lex.
544 2181 657 2224 Ampl.
684 2193 719 2224 p.
747 2179 852 2214 9316.
906 2179 1069 2212 Pisonem
1101 2179 1223 2212 Cicero
1254 2178 1330 2222 ipse
1352 2180 1481 2214 Consul

90 2238 258 2279 defendit,
281 2249 315 2271 v,
340 2248 392 2271 or.
411 2249 444 2281 p.
469 2238 597 2272 Flacco
632 2249 663 2271 c.
692 2236 750 2277 39,
771 2235 849 2276 98„
885 2237 1033 2270 fortasse
1072 2246 1113 2269 eo
1149 2242 1350 2279 permotus,
1386 2238 1478 2281 quod

89 2294 189 2338 eius,
213 2293 273 2337 qui
297 2294 518 2328 antecedente
541 2305 631 2329 anno
656 2292 795 2327 Galliae
817 2293 1009 2327 Proconsul
1032 2292 1169 2333 fuerat,
1202 2294 1254 2337 (v.
1280 2294 1354 2328 Cic.
1389 2295 1478 2339 Epp.

92 2352 137 2386 ad
168 2352 272 2385 Attic.
296 2351 333 2392 1,
366 2351 412 2390 1,
445 2351 555 2395 med.)
587 2350 720 2385 auxilio
753 2350 789 2383 in
833 2349 979 2393 petendo
1021 2350 1203 2384 consulatu
1241 2352 1356 2386 suerat
1386 2364 1478 2387 usus.

90 2410 193 2453 Quae
214 2412 405 2451 sequuntur
426 2408 534 2440 verba
563 2413 705 2451 propter
736 2409 802 2442 cui.
843 2409 986 2451 Transp.
1012 2417 1086 2450 sup.
1122 2407 1285 2442 iniustum
1319 2420 1478 2444 caussam

91 2467 264 2508 afferunt,
288 2477 351 2499 cur
373 2465 454 2499 Piso
489 2466 526 2498 in
559 2466 685 2498 iudicio
717 2476 841 2509 pecun.
875 2464 1145 2508 repetundarum
1176 2475 1198 2498 a
1233 2466 1382 2500 Caesare
1416 2478 1478 2510 op-

91 2527 266 2568 pugnatus
290 2523 357 2562 sit3
390 2534 497 2566 quum
527 2522 587 2556 hic
609 2523 703 2556 euim
727 2522 1054 2566 Transpadanorum
1079 2526 1246 2565 patronus
1268 2529 1378 2565 esset,
1412 2525 1474 2567 (cf.

91 2580 229 2614 Manat.
254 2579 290 2613 in
314 2579 386 2613 Cic.
413 2581 500 2623 Epp·
525 2580 569 2614 ad
591 2581 695 2614 Attio.
720 2580 761 2623 V,
778 2580 811 2614 2.
837 2580 909 2613 Cic.
933 2580 1020 2622 Epp.
1053 2580 1097 2614 ad
1129 2580 1269 2614 Famm.
1299 2582 1390 2622 XVI,
1419 2582 1476 2621 12,

91 2638 201 2681 med.)
234 2636 322 2670 civis
343 2638 518 2681 supplicio
541 2638 670 2672 iniusto
702 2638 776 2681 ipse
811 2637 910 2681 quasi
941 2637 1053 2671 laesus
1085 2637 1234 2681 odioque
1256 2637 1392 2673 Pisonis
1426 2639 1479 2673 in-

91 2705 214 2729 census
246 2694 381 2738 fuerat,
409 2695 462 2730 ita
501 2699 540 2731 ut
570 2695 691 2730 iudicii
721 2695 992 2740 repetundarum
1026 2694 1209 2729 occasione
1241 2700 1394 2730 uteretur
1434 2697 1479 2730 ad

1072 2752 1137 2798 15
1174 2756 1201 2784 *
