1630 3034
467 159 826 203 IUGURTHA.
890 158 1018 201 CAP.
1050 156 1192 200 XVII.
1436 161 1520 202 1⁰5

135 281 226 324 stiis
264 279 490 332 interiere,
540 292 643 321 nam
691 276 873 320 morbus
907 274 1032 318 haud
1076 289 1213 334 saepe
1248 288 1520 332 quemquam

135 381 341 436 superat3
384 374 441 417 ad
487 373 576 416 hoc
623 373 816 416 malefici
859 373 1036 431 generis
1073 371 1267 430 plurima
1302 370 1520 416 animalia.

136 473 231 518 Sed
275 472 349 530 qui
395 470 604 513 mortales
649 469 768 511 initio
815 468 1013 512 Africam
1057 467 1317 526 habuerint,
1354 467 1555 525 quique?

136 574 295 628 postea
334 565 617 620 accesserint,
664 570 741 608 aut
784 564 1016 622 quomodo
1067 564 1181 608 inter
1226 578 1273 607 se
1316 564 1524 622 permixti

136 753 195 784 re,
218 753 307 786 quae
330 746 450 787 suopte
473 742 571 786 quasi
594 742 726 785 impetu
757 746 942 778 moveatur
966 745 1001 776 et
1023 742 1232 776 brevissimo
1258 743 1424 787 temporis
1448 753 1526 776 mo-

137 807 257 836 mento
280 803 421 846 aliquod
445 803 597 846 spatium
622 808 820 846 percurrat3
846 806 954 837 celere
976 807 1113 846 autem,
1138 804 1228 846 quod
1246 815 1267 837 a
1281 805 1402 838 cellere
1417 804 1526 837 verbo

137 863 162 897 i.
185 874 215 897 e.
240 864 416 908 impellere
446 863 639 904 descendit,
674 864 814 907 proprie
836 865 879 897 de
903 875 944 898 eo
968 867 1068 898 motu
1091 864 1272 908 usurpari,
1309 864 1368 907 qui
1392 864 1437 897 ab
1461 864 1528 897 ali-

137 934 206 967 qua
231 936 270 957 re
293 936 373 957 cum
397 924 433 957 vi
459 924 590 967 aliquid
620 925 835 967 propellente
868 924 1123 967 proficiscatur,
1157 926 1248 958 unde
1283 925 1388 958 etiam
1419 925 1528 957 vehe-

137 984 290 1017 mentiae
313 989 348 1019 et
370 996 438 1018 non
462 984 632 1018 moderati
655 984 791 1018 consilii
814 985 988 1018 notionem
1013 985 1210 1018 adiunctam
1235 986 1376 1018 habeat.
1424 985 1528 1028 Quod

136 1044 335 1090 Herzogius
359 1046 403 1079 ad
428 1047 525 1080 Caes.
550 1047 592 1079 B.
618 1046 656 1079 C.
684 1046 785 1086 illl,
807 1045 864 1079 36.
891 1045 1059 1089 praecipit
1082 1047 1294 1079 celeritatem
1318 1045 1529 1078 obiectivam

138 1108 345 1148 potestatem
369 1107 520 1149 habere,
552 1107 770 1140 velocitatem
802 1105 994 1139 subiective
1027 1106 1204 1149 intelligi,
1232 1106 1266 1139 id
1299 1106 1530 1140 Doederlinus

139 1165 164 1198 l.
190 1165 214 1199 l.
238 1179 273 1210 p.
307 1167 384 1201 126.
410 1179 477 1201 non
502 1179 625 1200 verum
650 1177 724 1200 esse
757 1166 925 1207 ostendit,
958 1177 1065 1209 quum
1095 1170 1282 1210 utrumque
1316 1167 1530 1201 vocabulum

138 1227 303 1261 movendi
339 1228 512 1262 actionem
544 1228 736 1272 significet,
768 1230 938 1269 quatenus
966 1226 1039 1260 eius
1062 1227 1208 1260 effectus
1231 1228 1385 1261 sensibus
1416 1228 1532 1272 perci-

139 1284 256 1328 pitur-3
291 1288 400 1321 animi
430 1300 515 1322 vero
545 1288 680 1329 nisum,
713 1286 804 1320 unde
836 1291 952 1320 motus
974 1290 1142 1329 tanquam
1165 1298 1206 1320 ex
1230 1299 1352 1321 caussa
1376 1292 1410 1321 et
1434 1289 1531 1323 fonte

141 1346 386 1390 proficiscitur,
409 1350 600 1392 pernicitas
624 1352 658 1381 et
682 1348 870 1381 strenuitas
892 1347 1179 1391 designat—De
1201 1348 1326 1382 aoristi
1349 1353 1533 1392 potestate,

141 1418 247 1450 quam
278 1409 505 1452 praeteritum
537 1409 700 1442 interiere
730 1409 860 1449 habet,
893 1408 964 1441 iam
997 1407 1146 1440 diximus
1170 1408 1214 1442 ad
1239 1409 1343 1442 Catil.
1370 1422 1401 1444 c.
1425 1411 1473 1452 X,
1498 1411 1532 1445 4.

143 1467 272 1501 Sensus
306 1472 358 1502 est
387 1470 499 1502 enim:
536 1468 688 1512 exceptis
724 1468 786 1510 iis,
817 1468 876 1512 qui
911 1469 1006 1502 ferro
1040 1471 1101 1502 aut
1134 1468 1255 1503 bestiis
1278 1471 1452 1505 intereunt
1475 1472 1532 1505 vel

142 1528 286 1563 interire
317 1531 438 1564 solent.
463 1530 509 1564 cf.
543 1530 620 1563 Cat.
657 1529 709 1570 11,
743 1527 778 1562 8.
804 1528 906 1561 multi
928 1530 1091 1562 mortales
1114 1530 1224 1563 vitam
1248 1530 1350 1564 sicuti
1371 1533 1530 1576 peregri-

144 1595 269 1624 nantes
292 1591 454 1625 transz'
471 1601 570 1630 ere,·
594 1590 715 1634 quibus
738 1591 892 1632 profecto
925 1593 1047 1622 contra
1078 1595 1245 1623 naturam
1280 1602 1400 1635 corpus
1433 1594 1534 1626 volu-

142 1651 248 1694 ptati,
273 1653 393 1685 anima
416 1652 511 1685 oneri
528 1651 642 1694 fuit.
665 1650 746 1693 lug.
773 1650 880 1689 XLII,
907 1649 939 1682 4.
967 1660 1057 1693 quae
1080 1661 1136 1683 res
1158 1650 1358 1696 plerumque
1381 1663 1535 1698 magnas

145 1712 300 1745 civitatis
321 1710 656 1756 pessumdedit.
694 1710 859 1751 LXXIV,
880 1710 916 1745 3.
964 1709 1138 1743 Numidas
1158 1711 1267 1753 pedes
1290 1713 1406 1756 magis
1430 1724 1535 1757 quam

145 1783 246 1805 arma
269 1777 373 1807 tuta
394 1776 485 1806 sunt.
532 1770 648 1804 Tacit.
673 1769 760 1805 Anu.
784 1770 857 1813 111,
880 1770 946 1814 (36,
972 1770 1006 1805 3.
1034 1770 1133 1812 Quod
1155 1771 1280 1804 multos
1302 1773 1409 1806 etiam
1434 1774 1536 1808 bonos

143 1833 494 1876 pessumdedit,
540 1832 599 1875 qui
638 1836 865 1875 praemature
904 1831 960 1864 vel
996 1843 1072 1864 cum
1122 1831 1225 1865 exitio
1265 1838 1535 1876 properant.

146 1893 254 1926 Plura
277 1904 311 1925 v.
336 1893 429 1936 apud
455 1892 500 1928 G.
523 1892 656 1925 Ludov.
682 1891 824 1924 Walch.
850 1891 895 1924 ad
921 1891 1037 1927 Tacit.
1060 1891 1181 1936 Agric.
1208 1903 1238 1926 c.
1264 1892 1292 1925 1.
1316 1903 1349 1935 p.
1385 1892 1453 1926 104
1485 1905 1536 1937 sq.

146 1955 181 1986 et
213 1953 307 1996 apud
337 1953 588 1987 Frotscherum
613 1952 657 1986 ad
681 1951 828 1995 Quintil.
862 1952 912 1993 X,
939 1952 982 1993 1,
1007 1951 1042 1984 2.
1067 1955 1102 1985 et
1124 1951 1156 1984 X
1171 1977 1180 1993 ,
1203 1950 1246 1991 7,
1271 1951 1328 1984 14.
1353 1972 1400 1976 ——
1421 1953 1538 1987 Verba

149 2013 196 2046 ad
219 2013 282 2046 hoc
313 2032 356 2038 —
393 2014 583 2053 animalia,
619 2011 787 2055 quoniam
819 2014 1014 2045 structurae
1047 2011 1139 2044 ratio
1173 2010 1293 2044 multis
1324 2010 1538 2055 interpositis

149 2073 289 2107 turbata
321 2077 390 2114 est,
424 2075 597 2107 Gruterus
631 2073 688 2105 vel
723 2073 803 2105 1080
826 2076 923 2106 mota
946 2082 1019 2105 esse
1043 2070 1261 2114 suspicatur,
1285 2072 1396 2106 multo
1421 2073 1539 2116 aptius

150 2137 226 2176 post
257 2145 428 2178 aquarum
461 2133 682 2173 collocanda,
714 2133 771 2165 vel
795 2143 836 2166 ex
861 2132 980 2176 glossa
1002 2131 1199 2165 accessisse.
1246 2131 1349 2165 Prior
1370 2133 1540 2167 sententia

148 2205 364 2237 quamquam
394 2205 465 2227 non
499 2194 602 2237 plane
635 2192 814 2236 displicet,
845 2198 963 2227 tamen
993 2191 1082 2225 nihil
1106 2191 1310 2225 mutandum
1334 2196 1405 2234 est,
1430 2205 1539 2237 quum

149 2253 337 2287 Sallustius
359 2254 469 2287 nimio
492 2252 673 2286 brevitatis
698 2251 813 2286 studio
837 2263 859 2286 a
880 2251 1096 2286 describendi
1127 2252 1350 2295 simplicitate
1380 2255 1539 2297 paullum

151 2314 279 2349 abiisse
313 2314 485 2347 videatur.
533 2312 675 2347 Similia
708 2313 869 2346 turbatae
901 2312 1143 2357 perpetuitatis
1166 2313 1356 2347 verborum
1380 2315 1541 2358 exempla

151 2375 299 2410 contulit
319 2375 480 2408 Perizon.
506 2373 549 2408 ad
573 2373 691 2407 Sanct.
716 2373 803 2406 Min.
827 2374 894 2414 IV,
925 2373 981 2406 11.
1004 2374 1050 2407 T.
1073 2374 1119 2406 11.
1144 2385 1179 2417 p.
1201 2372 1282 2407 381.
1308 2374 1360 2406 ed.
1385 2374 1428 2407 B.

243 2436 277 2479 §.
300 2434 335 2468 7.
359 2445 449 2479 quae
469 2435 651 2478 plerosque
675 2434 817 2477 obtinet]
842 2433 883 2467 In
907 2433 974 2467 ista
997 2435 1174 2478 scriptura
1198 2445 1318 2468 omnes
1342 2433 1425 2467 libri
1457 2445 1540 2468 con-

151 2493 320 2535 sentiunt,
344 2506 456 2537 neque
481 2494 642 2529 dubitant
664 2494 869 2538 interpretes
892 2494 1068 2538 explicare
1091 2507 1181 2539 quae
1206 2506 1260 2539 ap
1275 2507 1298 2528 u
1313 2494 1336 2527 d
1357 2495 1540 2538 pleros-

153 2566 234 2598 que
257 2556 363 2589 valet.
410 2554 648 2588 Nihilominus
685 2555 851 2599 offendit,
887 2554 980 2598 qnod
1007 2557 1116 2597 fama
1151 2554 1280 2589 dicitur
1302 2555 1455 2588 homines
1479 2555 1539 2587 ob-

153 2615 282 2655 tinere,
315 2616 484 2650 sententia
505 2627 586 2649 cum
608 2615 743 2649 dicendi
768 2627 833 2649 usu
855 2626 923 2648 non
938 2615 1022 2649 satis
1045 2616 1212 2659 congrua.
1259 2615 1349 2649 Nam
1372 2618 1410 2648 ut
1433 2614 1537 2660 signi-

153 2675 279 2709 ficetur
308 2676 440 2720 aliquid
472 2676 530 2709 vel
561 2687 623 2719 per
645 2676 822 2719 quoddam
845 2678 982 2719 tempus
1005 2675 1147 2716 durare,
1172 2675 1230 2708 vel
1255 2686 1321 2708 usu
1344 2674 1444 2718 quasi
1468 2679 1538 2709 sta-

155 2735 293 2770 bilitum
328 2736 364 2770 in
398 2736 679 2772 consuetudinem
707 2736 834 2772 abiisse
864 2735 1180 2779 auctoritatemque
1210 2738 1350 2770 nactum
1374 2746 1466 2779 esse,
1501 2735 1539 2768 id
