1630 3034
160 182 244 225 470
521 173 916 218 c.SALLUST1
956 173 1178 218 CRISPI

162 293 601 354 opportunissumus‚
643 292 712 335 cui
747 307 893 350 neque
929 307 1007 336 sua
1041 308 1168 349 cara,
1212 292 1385 353 quippe
1422 308 1538 352 quae
1577 291 1581 294 ⁴

162 391 283 435 nulla
327 396 449 446 sunt,
493 395 536 433 et
576 387 724 433 omnia
768 404 869 433 cum
914 390 1061 449 pretio
1096 389 1287 434 honesta
1321 389 1537 436 videntur.

124 487 304 548 4Igitu1·
346 486 516 531 Marius
556 502 659 531 cum
694 486 920 545 aliquanto
956 487 1125 531 maiore
1160 501 1369 540 numero,
1407 502 1542 545 quam

164 584 396 629 decretum
436 590 555 643 erat,
600 585 646 628 in
694 584 893 629 Africam
936 584 1167 645 profectus
1200 585 1356 645 paucis
1387 584 1543 628 diebus

128 681 344 728 5Uticam
380 681 626 726 advehitur.
698 682 929 726 Exercitus
968 683 1008 727 ei
1042 682 1230 725 traditur
1264 699 1291 726 a
1324 683 1374 735 Ρ.
1411 683 1543 726 Ruti-

162 779 222 824 lio
258 780 435 840 legato,
473 795 576 823 nam
613 776 825 824 Metellus
870 785 1160 840 conspectum
1195 779 1315 824 Mari
1350 780 1544 840 fugerat,

162 946 242 985 τοῖς
274 943 395 989 ἀξίοις
427 944 637 990 νεμόντων,
668 942 844 990 ἐνέχυρον
867 943 936 990 τὴν
969 942 1102 980 οὐσίαν
1126 942 1283 981 ἑκάστου
1306 943 1454 981 τιθέναι
1478 945 1546 980 δο-

160 1007 328 1049 κοῦντος.
1087 994 1092 1001 .

254 1071 286 1111 §.
311 1068 345 1102 3.
393 1067 608 1112 celebratus]
637 1077 672 1102 v,
696 1067 741 1102 ad
765 1078 794 1101 c.
819 1067 992 1109 LXXXV,
1017 1067 1074 1101 36.
1099 1084 1145 1092 -
1180 1067 1309 1102 Auctus
1333 1078 1548 1111 quamquam

161 1129 258 1164 haud
293 1129 398 1163 dubie
432 1129 477 1163 ad
506 1129 706 1163 consulatus
736 1129 906 1162 honorem
931 1131 1086 1172 spectat,
1118 1131 1237 1162 tamen
1260 1129 1378 1163 Fabro
1402 1140 1470 1162 non
1493 1140 1549 1162 as-

162 1189 290 1225 sentiar
327 1201 503 1236 augere
537 1192 687 1235 aliquem
720 1201 857 1233 semper
883 1189 931 1222 sic
962 1189 1054 1230 dici,
1091 1193 1129 1223 ut
1163 1191 1289 1224 honore
1320 1191 1377 1224 vel
1412 1190 1550 1224 honori-

163 1251 244 1294 bus,
277 1252 369 1295 quod
411 1251 586 1286 interdum
620 1251 704 1285 huic
735 1251 844 1284 verbo
885 1249 1047 1293 additur,
1084 1251 1136 1295 (v.
1171 1251 1352 1285 Heindorf.
1386 1251 1430 1284 ad
1462 1251 1549 1285 Hor.

163 1311 241 1347 Sat.
260 1313 289 1354 1,
314 1312 348 1354 6,
375 1312 449 1357 ll.)
473 1314 688 1357 suppleatur.
734 1311 884 1356 Propria
907 1311 999 1344 euim
1029 1311 1067 1345 vi
1098 1323 1230 1358 augere
1256 1313 1354 1346 *valet
1378 1312 1550 1357 potentio-

163 1385 236 1408 rem
259 1374 425 1415 reddere,
454 1374 527 1408 sive
551 1374 594 1408 ad
619 1374 781 1408 altiorem
812 1372 993 1418 dignitatis
1015 1375 1050 1407 et
1075 1373 1292 1408 auctoritatis
1316 1374 1466 1419 gradum
1489 1384 1550 1407 ex-

164 1436 299 1471 tollere.
326 1437 372 1471 cf.
397 1435 597 1470 Daehnium
621 1435 665 1469 ad
688 1435 772 1479 Nep.
798 1435 909 1468 Phoc.
934 1445 964 1469 c.
990 1434 1036 1476 11,
1056 1433 1091 1469 3.
1139 1437 1312 1470 Auctus
1344 1434 1550 1479 adiutusque

163 1508 188 1531 a
215 1498 441 1531 Demosthene
465 1508 563 1538 eum,
596 1508 696 1541 quem
719 1497 877 1538 tenebat,
910 1496 1116 1530 ascenderat
1144 1497 1320 1542 gradum,·
1354 1496 1442 1530 adde
1465 1497 1551 1530 Dra-

163 1558 352 1595 kenborch.
382 1558 425 1592 ad
460 1558 538 1592 Liv.
571 1559 690 1600 XXV,
714 1559 772 1600 16,
797 1558 854 1592 11.
886 1561 921 1592 et
953 1557 1109 1591 walchii
1144 1558 1314 1593 Emendd.
1350 1558 1427 1593 Liv.
1452 1558 1550 1593 c.11.

163 1631 197 1664 p.
221 1618 268 1654 34
293 1631 343 1663 sq.
368 1619 583 1653 Boetticheri
618 1620 699 1654 Lex.
724 1618 843 1653 Tacit.
876 1619 913 1652 h.
938 1629 974 1652 v,
1001 1631 1034 1662 p.
1060 1618 1107 1653 73
1130 1631 1180 1663 sq.
1208 1639 1254 1644 —
1278 1620 1380 1664 Quae
1402 1630 1552 1663 sequun-

163 1683 222 1715 tur
254 1686 286 1714 et
321 1680 452 1714 homini
475 1699 519 1705 —
553 1680 716 1714 videntur
747 1692 867 1715 omnes
899 1680 1104 1723 interpretes
1139 1685 1221 1724 apta
1253 1692 1327 1715 esse
1356 1685 1478 1724 putant
1509 1691 1552 1714 ex

163 1742 254 1787 quod
278 1742 470 1786 particula,
495 1744 534 1774 ut
557 1741 739 1775 ostendunt
763 1745 936 1775 commate
959 1745 1036 1784 post
1071 1746 1150 1775 erat
1182 1742 1314 1785 posito,
1347 1740 1552 1775 sententiam

162 1813 308 1844 eornm,
341 1802 400 1846 qui
434 1801 660 1836 ambitionem
683 1801 834 1835 consulis
857 1802 1120 1844 memorabant,
1149 1801 1344 1836 continuari
1365 1806 1553 1837 censentes.

163 1862 234 1898 Sed
257 1863 367 1897 multo
389 1863 505 1907 aptior
527 1862 696 1896 sententia
719 1861 882 1906 prodibit,
905 1863 935 1896 si
961 1863 1087 1897 statuis
1109 1863 1314 1897 Sallustium
1340 1863 1453 1907 ipsum
1478 1874 1552 1896 me-

163 1929 321 1958 moratae
342 1924 587 1957 nonnullorum
612 1922 767 1966 opinioni
791 1934 893 1956 suum
917 1923 1087 1957 iudicium
1109 1923 1261 1958 adiicere
1284 1924 1453 1968 illamque
1475 1935 1553 1958 sen-

164 1985 271 2019 tentia
295 1984 454 2031 generali
478 1985 698 2018 confirmare.
746 1985 865 2028 Quare
888 1988 965 2028 post
990 1990 1066 2019 erat
1090 1985 1256 2019 semicolo
1282 1985 1475 2020 orationem
1500 1983 1553 2017 di-

163 2045 370 2089 stinximus,
400 2058 470 2090 quo
503 2045 676 2087 efficitur,
709 2048 750 2078 ut
782 2049 815 2079 et
848 2057 929 2078 cum
964 2046 1222 2081 asseveratione
1252 2045 1357 2092 gravi
1381 2044 1553 2089 adiungat

164 2108 272 2142 verba
294 2106 494 2151 sequentia,
527 2106 629 2149 quasi
653 2106 785 2139 dictum
809 2105 854 2139 sit
877 2110 911 2140 et
932 2108 1108 2150 profecto,
1133 2111 1167 2140 et
1190 2119 1284 2142 sanc.
1311 2107 1356 2142 cf.
1381 2107 1551 2141 Goerenz.

164 2167 210 2202 ad
234 2168 306 2202 Cic.
332 2169 374 2202 de
397 2169 509 2213 Legg.
535 2167 588 2208 11,
623 2167 657 2208 3,
681 2167 718 2201 7.
768 2167 954 2200 Praeclare
979 2167 1111 2212 erigis,
1145 2169 1295 2211 Quinte;
1321 2171 1363 2202 et
1398 2167 1460 2201 aba·
1491 2167 1552 2201 Ιιο-

163 2240 240 2263 rum
269 2229 358 2262 nihil
373 2228 498 2273 ,deberi
519 2232 644 2271 potest.
668 2227 783 2263 Tacit.
809 2228 900 2264 nist.
925 2229 983 2269 u',
1007 2227 1066 2271 78,
1093 2229 1139 2263 in.
1191 2230 1300 2263 Tutor
1324 2233 1358 2263 et
1382 2228 1554 2262 Classicus

166 2294 201 2323 et
235 2290 355 2323 Civilis
391 2299 552 2334 pugnam
585 2288 744 2331 ciebant,
791 2290 912 2323 Gallos
935 2308 975 2315 —
997 2289 1228 2335 instigantes,·
1261 2294 1300 2324 et
1332 2294 1457 2323 cuncta
1489 2300 1553 2334 pro

165 2350 316 2384 hostibus
341 2355 451 2385 crant.
479 2349 657 2384 Kuehner.
681 2351 726 2384 ad
750 2350 911 2384 Tusculi.
935 2350 997 2389 111,
1020 2349 1054 2392 8,
1080 2350 1125 2385 18
1164 2364 1197 2395 p.
1222 2351 1303 2386 210.
1344 2355 1379 2385 et
1416 2350 1475 2394 qui
1498 2351 1554 2383 lu-

165 2411 319 2444 culenter
342 2411 385 2444 de
408 2411 476 2444 hoc
499 2422 563 2444 usu
586 2409 769 2455 exposuit,
806 2411 908 2447 Ferd.
936 2412 1093 2446 Handius
1116 2413 1158 2445 de
1190 2412 1339 2446 Porticc.
1362 2413 1452 2446 batt.
1479 2411 1553 2445 Vol.

166 2470 211 2504 11.
235 2482 270 2513 p.
295 2470 375 2505 ¹188.
401 2471 434 2505 2.
466 2492 511 2497 -
550 2471 685 2512 Curae,
719 2483 808 2515 quae
846 2472 1021 2516 scriptura
1058 2474 1158 2507 unico
1190 2485 1275 2507 vera
1306 2477 1379 2515 est,
1415 2476 1554 2508 tuentur

165 2531 266 2564 codd.
292 2531 389 2564 Rivii
405 2558 412 2572 ,
438 2532 541 2565 Mart.
568 2531 704 2566 Bodlei.
731 2532 873 2566 Balliol.
902 2534 992 2577 Reg.
1018 2534 1125 2567 Laud.
1151 2534 1184 2568 2.
1220 2534 1337 2568 Lcidd.
1375 2535 1417 2570 B.
1442 2534 1481 2567 C.
1507 2533 1549 2565 D.

169 2591 207 2624 Ε.
235 2591 277 2623 G.
303 2592 346 2624 11.
373 2592 483 2628 Poris.
509 2604 540 2625 z.
567 2593 755 2627 Einsiedel.
790 2593 930 2635 Gocrl.;
964 2594 1044 2628 inde
1074 2597 1129 2628 vel
1163 2607 1244 2629 cusu
1269 2595 1327 2628 vel
1352 2593 1444 2627 mnla
1470 2604 1553 2627 con-

168 2650 302 2685 iectura
322 2652 452 2685 sactum
478 2665 572 2693 cura,
597 2657 635 2688 ut
659 2654 693 2687 in
717 2655 827 2688 Palnt.
852 2655 885 2690 6.
910 2655 1052 2689 Eccard.
1073 2656 1178 2689 Acnd.
1203 2655 1368 2689 Commel.
1389 2659 1424 2688 et
1449 2654 1552 2687 Pem-

170 2712 316 2752 broch.;
342 2712 374 2745 in
410 2714 543 2748 duobus
568 2715 751 2758 postremis
785 2727 832 2749 m.
856 2727 923 2750 sec.
948 2717 1191 2760 superscripsit
1215 2728 1316 2758 cara,
1348 2715 1439 2759 quod
1467 2715 1551 2749 rcli-

169 2783 254 2807 euos
276 2784 394 2807 omnes
420 2778 534 2809 tenere
559 2787 625 2810 non
653 2781 704 2810 est
729 2776 877 2818 mirum,
912 2788 1019 2820 quum
1042 2777 1180 2812 scribae
1203 2776 1237 2811 in
1263 2788 1345 2811 cura
1371 2788 1455 2812 voce
1478 2787 1551 2811 mo-
1586 2811 1588 2814 .
