1630 3034
208 103 263 144 72
820 104 977 144 INDEX

212 216 308 250 Quum
321 216 354 247 in
368 210 503 257 ap‘odosi
520 224 593 247 eum
610 214 792 247 indicativo
812 214 953 257 perfecti
971 219 1006 247 et
1024 215 1212 257 praesentis
1229 215 1451 254 coniunctum,
1485 215 1508 248 Ι.
1531 215 1586 255 12,

301 270 331 301 5.
381 268 437 309 49,
455 269 488 302 3.
537 269 592 310 98,
608 269 642 304 2.

211 325 308 359 Quum
325 334 399 357 cum
415 325 598 358 indicativo
621 326 936 369 plusquamperfecti
965 327 1174 359 coniunctum
1195 326 1424 370 repetitionem
1449 326 1588 367 indicat,

297 379 324 414 Ι.
343 381 399 420 44,
418 381 450 413 4.

211 436 307 471 Quum
324 446 396 468 cum
407 437 589 470 indicativo
607 438 756 470 iunctum
774 438 796 469 i.
817 448 847 480 q.
868 448 906 470 eo
923 442 1082 481 tempore,
1097 447 1173 481 quo,
1199 438 1224 472 Ι.
1244 437 1299 478 71,
1320 439 1350 471 1.

211 492 320 532 Quum,
337 493 394 525 ubi
411 494 597 535 praecessit
613 495 768 536 temporis
786 494 924 533 notatio,
942 494 1111 535 significat
1123 505 1160 526 ex
1174 504 1244 534 que,
1268 493 1294 527 Ι.
1313 493 1369 534 91,
1387 494 1418 527 1.

211 547 307 582 Quum
326 549 534 581 coniunctum
554 559 625 581 cum
643 549 808 582 infinitivo
824 550 1024 593 prae-sentis,
1040 550 1073 582 in
1091 550 1239 593 apodosi,
1265 549 1291 583 Ι.
1311 549 1367 589 98,
1381 549 1414 584 2.

210 774 324 815 Rapere
340 779 375 806 et
390 776 509 806 trahere
525 776 714 814 coniuncta,
733 774 768 808 C.
790 775 843 815 11,
862 777 893 808 4.
945 775 968 808 Ι.
986 775 1041 815 41,
1061 777 1093 808 5.

209 829 300 861 Ratus
317 840 377 862 non
395 839 462 861 sum
478 841 536 874 pro
551 835 636 862 ratus
652 841 715 863 non
731 841 867 870 essem,
892 831 916 864 I.
939 831 1015 870 110,
1036 831 1066 864 1.

207 895 286 917 -re
310 886 477 919 secundae
502 887 709 929 passivorum
733 892 913 930 temporum
933 896 1095 930 personae
1123 888 1312 920 terminatio
1336 898 1394 931 pro
1418 889 1526 921 ——nLn
1554 888 1590 920 C.

303 941 358 982 58,
373 941 407 976 2.

208 997 318 1028 Recens
335 997 493 1039 quomodo
511 998 644 1031 differat
659 1008 679 1032 a
694 1009 800 1039 novus,
826 998 850 1031 Ι.
870 998 925 1037 75,
944 999 975 1030 8.

207 1052 368 1086 Recludere
385 1054 407 1086 i.
427 1063 459 1096 q.
479 1054 647 1094 claudere,
667 1054 702 1088 C.
725 1055 778 1095 10,
797 1056 828 1088 5.

210 1108 294 1141 Recte
311 1114 400 1151 atque
418 1111 534 1150 ordine,
553 1109 589 1143 C.
609 1111 664 1150 51,
681 1112 714 1144 4.

211 1165 317 1197 Redire
332 1175 396 1197 non
412 1166 508 1199 valet
530 1167 553 1199 i.
574 1177 604 1209 q.
624 1167 754 1207 venire,
779 1167 804 1200 Ι.
824 1169 857 1206 4,
877 1167 908 1200 8.

208 1221 326 1261 Referre
338 1223 379 1253 ad
394 1226 543 1263 senatum,
561 1223 656 1255 cuius
674 1222 788 1263 fuerit,
814 1220 855 1256 C.
872 1223 930 1263 29,
950 1224 981 1256 1.

209 1276 327 1317 Referre
343 1278 469 1320 aliquid
487 1279 521 1311 in
536 1287 660 1311 numero
678 1284 713 1312 et
728 1280 763 1312 in
780 1289 937 1312 numerum
950 1281 1107 1322 quomodo
1124 1280 1292 1320 differant,
1311 1277 1352 1313 C.
1373 1279 1428 1320 51,
1446 1279 1500 1313 21.
1515 1325 1518 1329 ⁴

211 1332 307 1373 Refert
324 1343 396 1366 cum
413 1335 616 1368 nominativo
635 1340 873 1376 constructum,
891 1334 917 1368 1.
939 1334 1016 1374 111,
1035 1334 1066 1368 1.

209 1388 359 1428 Refleviva
375 1392 420 1423 vis
437 1391 471 1422 in
488 1391 623 1434 passivo
641 1392 741 1431 inest,
767 1391 792 1424 Ι.
812 1391 868 1432 46,
888 1391 919 1424 3.

210 1444 426 1484 Reflexivorum
441 1448 600 1479 verborum
617 1448 682 1486 vis,
703 1445 744 1480 C.
765 1447 798 1487 6,
815 1446 847 1479 7.

212 1501 379 1543 Refuyium,
395 1505 579 1545 perfuyium,
595 1505 782 1545 prosuyium,
801 1505 959 1547 quomodo
977 1503 1142 1544 differant,
1169 1501 1210 1537 C.
1231 1506 1285 1544 54,
1305 1504 1337 1537 3.

212 1557 302 1598 Ηερεε
313 1559 466 1599 appellari
483 1560 615 1602 quinam
633 1564 845 1593 externorum
863 1561 954 1593 soliti
972 1561 1052 1600 sint,
1077 1559 1102 1592 Ι.
1122 1560 1177 1598 65,
1193 1559 1225 1591 2.

213 1612 333 1654 Reyium
349 1615 507 1655 imperium
525 1615 685 1648 Sallustio
710 1617 866 1655 invisum,
892 1616 916 1650 Ι.
938 1616 992 1656 78,
1011 1618 1043 1649 4.

213 1668 333 1710 Regium
351 1680 438 1702 omne
454 1670 605 1704 Romanis
624 1672 879 1711 odiosissimum,
896 1672 922 1704 1.
941 1673 995 1711 64,
1013 1674 1043 1705 5.

212 1724 343 1766 Reynum
354 1736 364 1757 .·
375 1727 407 1758 in
422 1736 547 1767 reynum
564 1727 700 1768 accipere
718 1727 862 1767 aliquem,
888 1726 912 1759 Ι.
934 1727 988 1766 10,
1008 1728 1037 1758 1.

212 1780 304 1821 Regni
318 1782 392 1821 fides
408 1791 471 1824 quo
489 1792 592 1815 sensu
608 1783 743 1822 dictum,
768 1782 794 1815 I.
825 1781 880 1821 10,
899 1782 930 1815 3.

215 1835 317 1876 Requli
332 1837 355 1869 i.
375 1847 405 1880 q.
424 1839 515 1879 regis
533 1838 606 1878 filii,
632 1838 658 1871 I.
676 1838 730 1877 12,
752 1838 779 1871 1.

214 1892 389 1933 Relativum,
406 1903 440 1926 v.
459 1894 599 1926 Pronom.
617 1895 706 1926 relat.

213 1947 346 1980 Relaliva
362 1959 423 1982 seu
439 1951 593 1991 indefinita
610 1950 841 1983 nonnullarum
861 1961 975 1984 vocum
994 1956 1154 1994 potestas,
1174 1952 1197 1985 Ι.
1217 1953 1273 1987 21.
1293 1954 1325 1984 2.

215 2003 366 2037 Relatione
383 2007 537 2039 nominum
553 2011 702 2050 potestas
721 2017 832 2040 eorum
847 2007 1014 2045 definitur,
1040 2007 1065 2041 Ι.
1084 2008 1138 2047 48,
1157 2008 1188 2041 3.
1240 2009 1294 2047 55,
1313 2009 1344 2040 4.

215 2060 350 2093 Relicuus
367 2061 533 2095 scribendi
551 2063 663 2095 verior
678 2063 776 2101 ratio,
795 2073 890 2105 quam
908 2064 1054 2104 reliquus,
1073 2063 1109 2097 C.
1130 2063 1162 2102 3,
1181 2065 1211 2096 5.

214 2117 327 2149 Relicui
340 2119 499 2160 quomodo
516 2119 650 2151 differat
665 2128 685 2150 a
700 2120 815 2158 ceteris,
841 2118 866 2151 Ι.
886 2118 940 2157 61,
959 2119 989 2150 2.

215 2173 328 2205 Relicui
343 2175 416 2206 sine
435 2175 552 2218 copula
570 2175 724 2218 positum,
751 2174 786 2207 C.
810 2174 863 2209 15,
884 2175 913 2208 1.

215 2229 326 2261 Relicui
341 2232 442 2270 facere
459 2232 589 2272 aliquid,
608 2241 672 2274 qua
690 2232 937 2264 constructione
956 2231 1091 2267 dictum,
1111 2228 1151 2264 C.
1171 2231 1223 2267 Η,
1244 2231 1275 2262 7.

216 2284 329 2326 Religio
347 2286 369 2318 i.
389 2296 420 2328 q.
440 2287 547 2330 pietas
565 2287 712 2327 deorum,
739 2287 762 2320 1.
783 2287 838 2327 75,
857 2287 888 2320 9.

216 2340 392 2381 Relinquere
408 2352 472 2374 rem
489 2343 509 2374 i.
527 2352 559 2384 q.
578 2343 750 2376 discedere
769 2353 787 2375 a
805 2354 853 2381 re,
872 2343 896 2376 Ι.
919 2342 994 2381 106,
1013 2343 1044 2376 6.

218 2396 393 2438 Relinquere
409 2398 568 2440 quomodo
585 2398 718 2432 differat
734 2409 753 2432 a
771 2401 920 2439 deserere,
946 2399 982 2432 C.
1003 2399 1058 2439 60,
1076 2399 1107 2431 7,

220 2452 367 2485 Remissus
385 2453 407 2485 i.
428 2463 457 2496 q.
479 2454 646 2494 incautus,
667 2465 728 2487 non
747 2455 908 2493 intentus,
936 2454 960 2487 Ι.
980 2454 1034 2493 58,
1055 2453 1085 2487 1.

218 2507 322 2549 Repeti*
334 2509 463 2552 proprie
479 2510 635 2543 dicuntur
652 2512 764 2548 debita,
783 2510 807 2543 1.
827 2510 882 2549 85,
900 2509 956 2543 37.

220 2563 359 2605 Repetitio
376 2566 510 2598 eiusdem
525 2566 664 2598 vocabuli
680 2567 711 2598 in
724 2568 864 2608 proximo
877 2567 1012 2598 membro
1028 2573 1161 2610 propter
1178 2569 1443 2610 perspicuitatem
1461 2572 1518 2600 aut
1536 2567 1599 2599 vim

312 2622 471 2653 orationis
487 2622 586 2657 sacta,
615 2621 650 2653 C.
672 2621 726 2657 51,
746 2622 800 2654 40.
851 2621 874 2655 1.
895 2621 938 2651 76
973 2622 1000 2652 ¹.
