1630 3034
386 165 757 215 IUGURTHA.
815 164 944 208 GAP.
974 165 1124 209 cvm.
1349 168 1436 211 585

55 284 298 330 Numidam
331 297 414 344 spe
453 283 577 344 pacis
612 282 856 338 attinuisse,
886 283 1165 341 multumque
1202 297 1304 328 cum
1339 284 1434 328 ani-

56 397 132 427 mo
163 396 244 426 suo
279 380 460 425 volvere
494 380 682 437 solitum,
716 379 981 440 Iugurtham
1016 380 1246 441 Romanis,
1282 396 1340 424 an
1373 382 1436 425 illi

55 478 230 525 Sullam
272 476 495 532 traderet3
539 477 782 523 lubidinem
830 477 1069 524 advorsum
1108 493 1219 539 nos,
1266 483 1436 524 metum

54 591 143 637 pro
178 575 305 620 nobis
341 575 541 622 suasisse.

56 696 238 732 interesset
259 697 389 743 Aspar,
413 696 599 743 posteriori
623 708 692 732 non
715 697 906 741 interesset,
939 699 985 733 ab
1008 698 1145 734 ἰπείᾱίἰε
1180 699 1275 743 eius,
1306 699 1438 744 quippo

54 757 117 802 qui
151 759 297 794 consilia
329 771 394 794 sna
427 760 640 804 speculatum
670 759 796 794 missus
827 761 936 801 esset,
966 760 1083 794 caveri
1114 759 1320 804 nequivisse.
1367 760 1438 794 Sed

54 818 198 855 videant
220 819 405 862 acutiores,
428 831 553 854 verene
574 821 693 854 locum
716 819 973 861 sanaverimus,
997 831 1043 854 an
1066 820 1137 855 alio
1160 820 1264 855 modo
1287 821 1440 855 auctoris

54 890 180 914 manus
215 880 351 915 restitui
384 881 518 915 debeat.
543 899 590 907 -·
621 882 692 916 Pro
729 881 845 915 caveri
879 880 915 914 in
945 880 1051 915 Acad.
1084 880 1181 915 Vrat.
1206 881 1240 916 3.
1266 881 1381 916 Guelf.
1404 879 1440 916 4.

55 940 114 975 11.
137 941 194 978 12.
227 952 270 976 ac
292 941 467 976 nonnullis
496 942 639 976 Gruteri
663 946 696 976 et
722 941 853 976 WVassii
876 941 975 975 codd.
999 944 1051 975 est
1074 952 1207 983 cavere,
1233 942 1324 985 quod
1350 943 1441 976 Ger-

54 1001 195 1036 lachius
226 1001 263 1036 in
296 1003 349 1036 ed.
386 1002 470 1038 mai.
499 1003 641 1047 recepit,
670 1001 708 1035 in
741 1003 949 1037 Commentt.
979 1014 1013 1046 p.
1046 1001 1126 1036 333.
1151 1002 1322 1046 defendit,
1346 1002 1441 1036 etin

54 1061 244 1097 novissima
266 1073 386 1098 rursus
409 1075 490 1097 cnm
512 1064 658 1109 vulgata
681 1063 928 1105 commutavit3
955 1064 1057 1097 solita
1081 1063 1221 1106 quidem
1243 1063 1440 1098 inconstan-

54 1121 142 1164 tia,
162 1123 224 1157 sed
257 1128 375 1158 tamen
408 1128 514 1158 recte.
562 1125 724 1158 Bocchus
748 1124 841 1158 enim
864 1136 934 1158 non
958 1125 1000 1159 dc
1024 1136 1061 1159 se
1083 1126 1157 1159 solo
1181 1124 1356 1167 loquitur,
1379 1124 1440 1158 sed

55 1182 181 1218 Sullae
203 1184 358 1219 rationes
385 1184 491 1219 simul
514 1186 714 1229 complexus
737 1185 893 1230 generali
917 1185 1073 1220 oratione
1095 1185 1224 1226 utitur,
1249 1183 1307 1218 cui
1329 1184 1442 1227 passi-

56 1255 143 1278 vum
166 1245 323 1280 inservit.
372 1246 575 1290 Nequlvisse
599 1250 717 1280 autem
742 1246 849 1287 dixit,
883 1246 966 1289 quia
997 1257 1066 1280 non
1091 1246 1206 1289 ipsam
1232 1245 1442 1288 cantionem,

55 1306 171 1339 adhuc
194 1306 412 1350 faciendam,
437 1307 496 1340 sed
520 1306 645 1340 initum
668 1308 727 1340 vel
751 1312 890 1350 captum
919 1307 1097 1340 consilium
1121 1305 1266 1339 cavendi
1288 1305 1440 1350 respicit.

56 1366 130 1400 Res
153 1378 215 1410 per
238 1379 275 1402 se
297 1370 451 1412 spectata
474 1368 663 1411 praesentis
686 1367 894 1401 infinitivum
920 1367 1096 1412 poscebat.

149 1429 182 1470 §-
206 1426 240 1461 3.
278 1439 382 1472 quam
407 1428 446 1462 ob
473 1439 534 1470 ea,
557 1441 647 1473 quae
667 1429 920 1474 praedicabat]
980 1428 1195 1473 Pomponius
1217 1429 1345 1463 Laetus
1367 1429 1438 1473 pri-

56 1498 136 1522 mus
157 1487 287 1522 -omisit
316 1489 648 1531 demonstrativum3
683 1490 776 1534 quod
809 1501 917 1533 quum
949 1489 1106 1524 Perizon.
1142 1489 1184 1522 ad
1212 1489 1329 1523 Sanct.
1351 1489 1440 1524 Min.

55 1549 101 1590 11,
123 1547 157 1583 9.
179 1549 369 1592 probasset,
393 1549 530 1584 Cottius
554 1551 678 1594 cupide
698 1551 878 1595 amplexus
899 1554 960 1591 est,
983 1554 1018 1584 et
1039 1550 1243 1585 anctoritate
1265 1562 1327 1584 sua
1352 1551 1442 1584 adeo

57 1609 282 1654 Kruegerum
312 1609 459 1654 decepit,
493 1610 553 1654 qui
587 1610 626 1645 in
655 1612 747 1646 libro
778 1612 822 1645 de
851 1611 1066 1645 Attractione
1089 1612 1165 1645 Lat.
1192 1611 1276 1656 ling.
1302 1614 1333 1654 §.
1358 1611 1439 1645 112.

58 1681 94 1714 p.
115 1668 196 1704 279.
219 1671 313 1704 bona
334 1670 404 1704 fide
424 1670 477 1705 ita
499 1671 712 1715 disputavit,
746 1671 846 1716 quasi
876 1671 1066 1705 Sallustius
1095 1683 1218 1706 revera
1250 1672 1444 1716 scripsisset

58 1741 163 1776 qnam
194 1731 245 1765 ob
271 1742 386 1776 quae
413 1733 656 1776 praedicabat.
714 1733 784 1767 Sed
809 1744 916 1776 quum
940 1743 983 1765 ne
1013 1744 1101 1766 unus
1131 1733 1272 1776 quidem
1297 1734 1373 1768 cod.
1398 1745 1443 1768 ea

56 1791 263 1836 pronomine
284 1795 421 1834 careat,
453 1798 618 1837 corrupto
650 1805 714 1837 per
739 1794 861 1836 Pomp.
885 1793 1032 1827 Laetum
1056 1794 1215 1836 exemplo
1239 1805 1307 1827 non
1331 1797 1445 1837 potest

57 1853 222 1897 probari,
243 1853 434 1888 relativum
456 1854 585 1889 omisso
607 1854 879 1889 demonstrativo
892 1878 903 1894 ‚
927 1864 1006 1886 cum
1030 1853 1282 1896 praepositione
1303 1854 1444 1898 sociari,

59 1925 102 1948 ex
132 1925 210 1957 qua·
235 1914 547 1948 demonstrativum
579 1915 728 1958 pendere
762 1915 930 1955 debebat,
963 1925 1054 1956 quae
1078 1914 1259 1956 attractio,
1285 1915 1442 1949 Graecae

57 1974 202 2025 quidem
236 1974 381 2019 linguae
410 1974 650 2016 concedenda,
684 1986 706 2008 a
740 1974 884 2008 Latinae
909 1974 1051 2019 linguae
1075 1975 1218 2020 ingenio
1241 1976 1357 2010 aliena
1379 1979 1442 2011 cst.

60 2035 142 2069 Alia
164 2046 219 2069 res
244 2039 314 2076 est,
339 2035 400 2068 ubi
424 2039 459 2069 et
482 2035 792 2069 demonstrativum
815 2039 850 2068 et
874 2035 1063 2069 relativum
1086 2047 1127 2069 ex
1151 2036 1272 2070 eadem
1295 2048 1443 2080 praepo-

58 2095 184 2131 sitione
206 2096 398 2140 eodemque
421 2097 529 2129 verbo
550 2096 709 2140 pendent,
733 2095 828 2129 velut
851 2094 924 2128 Cic.
946 2095 1031 2140 Agr.
1054 2097 1097 2136 ΙΙ,
1121 2096 1178 2137 27,
1200 2096 1258 2131 74.
1308 2097 1358 2130 1Ιὶ
1381 2098 1444 2131 de·-

61 2157 189 2192 ducent
219 2157 369 2191 colonias
400 2157 444 2190 in
477 2168 547 2191 eos
580 2167 740 2202 agr-08,
775 2167 857 2200 quos
882 2157 1054 2198 emerint,
1081 2158 1184 2191 etin
1209 2168 1321 2201 quae
1345 2158 1444 2192 loca

59 2222 247 2262 praeterea
268 2218 462 2258 videbitur5
495 2218 520 2252 i.
545 2229 576 2252 e.
600 2221 635 2251 et
657 2217 693 2250 in
717 2228 760 2250 ea
784 2217 862 2250 loca
884 2217 1075 2258 deducent,
1101 2218 1138 2251 in
1161 2229 1252 2262 quae
1275 2219 1444 2252 deducere

62 2277 255 2320 videbitur,
285 2290 375 2322 quae
401 2283 576 2313 structura
599 2288 666 2311 nou
690 2276 735 2311 ad
764 2277 1027 2319 attractionem,
1051 2278 1110 2311 sed
1134 2278 1178 2312 ad
1202 2279 1341 2323 ellipsin
1364 2291 1444 2324 per-

64 2338 161 2373 tinet.
208 2340 370 2373 Ceterum
394 2350 513 2373 sensus
535 2339 724 2373 verborum
747 2337 808 2371 hic
830 2342 899 2372 est:
920 2338 1113 2379 Bocchum,
1137 2349 1349 2382 quamquam
1373 2339 1444 2372 col—

63 2399 221 2443 loquium
250 2403 421 2434 secretum
451 2399 682 2443 promittendo
712 2398 864 2432 amicum
888 2409 925 2432 se
947 2397 1118 2432 Romanis
1139 2398 1367 2440 simulaverit,
1392 2402 1445 2433 ta·-

64 2471 145 2493 men
167 2470 236 2493 non
258 2460 349 2494 bono
377 2459 494 2493 animo
523 2459 658 2504 egisse,
691 2460 749 2493 sed
782 2458 974 2504 Iugurthae
995 2458 1133 2493 favisse.
1181 2459 1299 2503 Quum
1323 2458 1445 2493 Sullae

64 2520 175 2566 igitur
193 2519 394 2561 nunciaret,
421 2531 458 2554 se
479 2519 594 2563 priore
616 2519 790 2563 colloquio
813 2519 984 2554 Numidae
1007 2519 1169 2554 simulate
1191 2524 1325 2554 tantum
1347 2530 1445 2563 spem

65 2581 160 2625 pacis
183 2572 381 2622 facturum,
397 2581 506 2615 altero
529 2591 614 2616 vero
640 2581 682 2613 de
705 2580 974 2622 condicionibus,
997 2581 1123 2624 quibus
1146 2579 1299 2615 Romani
1322 2590 1444 2623 pacem

67 2641 143 2676 {ieri
166 2643 313 2684 vellent,
338 2646 518 2684 acturum,
547 2641 681 2676 Punica
702 2641 770 2674 fide
792 2641 894 2684 plane
917 2641 1129 2676 eontrarium
1153 2641 1279 2683 sensit,
1310 2641 1445 2674 Roma-

68 2713 132 2737 nos
154 2703 277 2737 fallere
300 2702 464 2747 cupiens,
495 2703 579 2736 dum
600 2701 809 2747 Iugurtham
834 2713 870 2735 se
895 2703 1016 2737 fauere
1037 2702 1246 2737 simulabat.
1264 2719 1309 2726 ·-
1339 2700 1446 2734 Prae-

71 2764 208 2799 dicabat
232 2763 255 2798 i.
280 2775 312 2800 e.
336 2766 455 2808 aperte
477 2762 636 2805 dicebat3
665 2774 702 2797 ν.
726 2763 771 2797 ad
794 2762 896 2797 Catil.
920 2754 962 2797 c)
975 2763 1144 2805 xnvul,
1171 2763 1204 2797 9.
1236 2772 1271 2805 p.
1295 2757 1376 2793 225.
1399 2780 1444 2786 —
