1630 3034
207 243 349 296 Quum
376 245 520 285 autem
546 236 746 283 editionis
771 242 946 282 nostrae
983 234 1092 280 ratio
1128 234 1186 279 ita
1223 233 1415 279 instituta
1453 240 1586 296 esset2
1628 236 1630 241 '

205 338 251 377 ut
294 328 496 376 universo
543 333 708 373 tantum
745 325 864 388 operi
911 324 1065 388 plenus
1101 322 1228 370 index
1290 322 1588 381 sufficeretur,

208 420 279 483 qui
316 425 489 482 praeter
536 415 857 462 annotationem
908 414 959 460 ad
999 413 1223 460 Catilinam
1262 420 1303 459 et
1340 413 1589 474 Iugurtham

210 526 260 556 ea
297 509 424 555 etiam
465 507 852 570 complecteretur,
903 520 1012 567 quae
1062 504 1106 550 in
1142 503 1505 565 Fragmentorum
1542 502 1591 548 il-

209 598 462 646 lustratione
499 597 714 659 disputata
753 601 927 654 essent,
967 595 1011 640 in
1048 610 1099 640 eo
1125 593 1318 640 *consilio
1358 593 1591 639 etiamnum

211 688 493 753 perstandum
541 702 786 733 censemus.
869 684 933 730 Ne
973 684 1040 730 cui
1076 684 1207 745 igitur
1252 683 1360 729 haec
1397 683 1509 729 inter
1545 698 1592 728 se

212 794 404 842 pugnare
429 777 678 836 videantur,
718 792 820 834 eos,
845 776 1037 838 'quorum
1075 773 1312 820 rationibus
1345 788 1459 819 nunc
1495 789 1595 819 con-

215 869 357 914 sulere
407 867 633 925 constitui,
695 866 882 911 monitos
931 865 1068 923 velin,
1130 872 1175 911 ut
1235 864 1421 910 indicem
1481 863 1595 909 hunc

214 957 509 1004 tantummodo
536 956 601 1002 ad
638 964 869 1018 tempus
897 954 978 1000 sihi
1007 954 1151 1000 datum
1179 954 1439 1012 existiment,
1466 969 1594 1016 quem

217 1054 425 1111 seponant
453 1063 499 1092 ac
525 1063 611 1091 non
638 1053 806 1092 exstare
831 1052 1006 1109 putent,
1055 1044 1127 1090 uhi
1166 1045 1366 1090 volumen
1404 1043 1594 1101 tertium,

216 1138 409 1201 pleniore
446 1137 517 1183 illo
557 1137 839 1194 instructum,
899 1135 1121 1199 prodierit.
1195 1134 1318 1189 Quod
1357 1150 1440 1197 quo
1480 1148 1596 1180 com-

216 1227 386 1274 modius
424 1226 521 1285 fiat,
584 1226 772 1285 suadeo,
833 1242 888 1271 ne
926 1226 1022 1288 quis
1058 1225 1168 1271 hanc
1209 1224 1491 1289 appendicem
1530 1239 1596 1270 se—

218 1318 356 1364 cundo
403 1317 607 1363 volumini
664 1333 742 1380 per
786 1316 1080 1379 bibliopegum
1129 1314 1477 1378 agglutinandam
1527 1329 1596 1359 cu-

218 1415 297 1467 ret,
358 1408 436 1454 sed
469 1424 668 1454 seorsum
706 1406 864 1453 habeat
911 1424 959 1454 ac
1009 1424 1086 1453 suo
1120 1414 1329 1470 *tempore
1379 1422 1402 1451 a
1449 1410 1598 1451 nostra

220 1498 411 1545 Sallustii
452 1498 637 1544 editione
676 1514 856 1561 prorsus
893 1505 1128 1545 removeat.
1210 1495 1387 1542 Interim
1412 1502 1459 1542 ut
1492 1494 1600 1541 haec

220 1605 349 1651 opera
385 1596 532 1634 nostra
569 1605 696 1650 quam
732 1588 928 1651 plurimis
977 1587 1203 1635 commode
1241 1586 1436 1634 adveniat
1470 1585 1599 1632 vehe-

220 1686 388 1725 menter
414 1686 679 1741 exoptamus.

288 1813 539 1860 Scrihebam
578 1813 737 1859 Ersurti
773 1813 813 1858 (Ι.
843 1812 907 1858 Vl.
934 1813 994 1858 Id.
1031 1813 1204 1859 Octobr.
1247 1835 1485 1863 mnuccxxxiv.
