1630 3034
130 153 215 196 210
504 147 551 191 C.
582 148 910 193 SALLUSTI
939 144 1153 195 CRISPI

97 266 238 310 9t'acti
275 279 384 309 esse.
456 264 625 326 Igitur,
671 280 947 325 quamquam
990 267 1036 311 in
1070 267 1224 328 priore
1246 269 1432 315 ‘actione
1467 285 1523 315 ex

129 363 282 408 amicis
333 362 659 423 quinquaginta
712 363 848 408 vades
905 362 1123 421 dederat,
1177 380 1325 426 regno
1377 368 1522 428 magis

129 475 267 519 quam
299 459 488 504 vadibus
525 460 758 505 consulens
791 461 906 505 clam
935 461 981 505 in
1007 462 1266 507 Numidiam
1293 463 1524 508 Bomilca-

131 572 227 602 rem
262 556 463 614 dimittit,
498 558 661 601 veritus
688 573 745 601 ne
781 558 969 601 relicuos
1004 558 1239 618 popularis
1274 566 1418 604 metus
1453 561 1523 604 in-

62 705 65 708 *
131 653 316 698 vaderet
348 654 538 714 parendi
573 655 678 712 sibi,
719 655 753 699 si
791 655 849 699 de
882 655 959 699 illo
995 656 1266 716 supplicium
1295 662 1526 716 sumptum

131 751 274 807 foret,
310 757 354 796 et
388 752 486 812 ipse
521 753 674 812 paucis
711 750 869 797 diebus
904 752 1136 813 profectus
1173 759 1262 810 est,
1297 752 1436 798 iussus
1464 754 1523 798 ab

129 914 302 960 rationem
333 924 436 970 aequi
470 926 614 971 bonique
638 929 743 969 atque
774 925 861 959 iuris
884 925 1044 971 gentium
1072 924 1330 960 illustrandam.
1377 926 1448 960 Sed
1470 938 1526 962 res

128 986 389 1031 simplicissima
412 990 474 1021 est.
523 988 576 1021 Ex
594 987 670 1021 iure
691 987 851 1031 gentium
874 986 968 1020 enim
992 997 1061 1020 non
1084 990 1223 1030 poterat
1246 998 1326 1021 reus
1348 988 1427 1021 fieri
1451 988 1526 1022 Bo-

129 1047 272 1093 milcar,
307 1047 368 1093 qui
391 1059 507 1082 comes
530 1048 749 1093 Iugurthae,
783 1047 840 1081 cui
864 1047 948 1080 fides
974 1047 1116 1090 publica
1139 1048 1221 1081 data
1243 1051 1338 1090 erat,
1370 1050 1525 1084 Romam

128 1103 299 1152 venisset,
333 1110 525 1153 eademque
548 1112 588 1143 ut
610 1107 671 1142 ille
694 1109 886 1143 securitate
914 1109 1111 1151 frueretur3
1145 1109 1205 1142 sed
1229 1108 1282 1142 tei
1306 1121 1369 1153 per
1391 1121 1429 1143 se
1451 1122 1525 1154 spe-

128 1175 243 1206 ctatae
280 1171 447 1206 atrocitas
482 1169 681 1212 postulabat
720 1175 853 1204 tantum
892 1170 1004 1204 scelus
1041 1180 1110 1202 non
1148 1168 1362 1213 impunitum
1399 1169 1525 1205 omitti.

134 1232 287 1277 Aequum
311 1230 422 1276 igitur
445 1233 522 1263 erat
544 1227 579 1262 in
603 1228 658 1263 ius
682 1241 762 1264 eum
787 1230 930 1272 vocari3
956 1230 1015 1263 sed
1041 1230 1165 1263 bonum
1189 1230 1316 1272 etiam,
1340 1230 1364 1264 i.
1386 1241 1417 1264 e.
1441 1230 1527 1265 utile

129 1292 356 1337 reipublicae,
379 1302 422 1324 ne
444 1290 481 1324 in
505 1293 684 1334 posterum
708 1290 771 1324 alii
794 1291 864 1324 fide
887 1291 1026 1335 publica
1050 1291 1170 1326 confisi
1193 1291 1325 1326 similia
1348 1292 1527 1326 auderent.

122 1341 175 1379 ¹—
195 1355 249 1388 De
271 1354 350 1388 loco
367 1352 543 1386 Bomilcar
566 1351 717 1385 nominis
732 1363 766 1386 v.
783 1353 827 1386 ad
851 1364 881 1386 c.
900 1353 1038 1393 xma.
1058 1372 1100 1378 —
1127 1352 1338 1396 Manifestus
1360 1363 1392 1387 c.
1415 1354 1527 1398 genic.

129 1414 382 1449 illustravimus
413 1413 458 1448 ad
483 1414 560 1448 Cat.
582 1413 665 1455 LII,
688 1412 747 1447 36.
771 1414 868 1448 Adde
891 1413 1007 1448 Tacit.
1025 1414 1114 1450 Ann.
1139 1414 1242 1455 xm,
1265 1413 1332 1456 23,
1359 1413 1394 1446 1.
1432 1413 1526 1455 xlv,

129 1475 198 1517 29,
221 1475 256 1510 1.
280 1495 325 1500 —
357 1475 520 1508 Animum
550 1473 703 1508 advortit
736 1473 790 1508 ita
822 1477 934 1509 exstat
965 1473 1002 1508 in
1033 1474 1220 1516 Arondel„
1251 1473 1305 1508 uti
1337 1474 1527 1509 Sallustius

129 1535 220 1570 dixit
243 1534 338 1569 infra
360 1546 390 1568 c.
408 1535 540 1576 LXIX,
565 1535 598 1569 1.
622 1534 684 1568 ubi
707 1546 743 1568 v.

222 1597 256 1638 §.
279 1594 313 1628 9.
360 1595 397 1628 in
425 1596 540 1639 priore
568 1595 718 1639 actione]
751 1594 824 1629 Ubi
853 1595 970 1639 plures
1003 1594 1159 1629 actiones
1192 1599 1453 1637 memorantur,
1489 1595 1526 1630 in

129 1655 245 1700 priore
274 1655 413 1690 solebat
444 1667 566 1690 caussa
599 1655 784 1701 cognosci,
829 1655 978 1689 crimina
1006 1657 1051 1689 ab
1080 1659 1286 1689 accusatore
1317 1654 1525 1700 singulatim

128 1716 345 1762 percenseri,
380 1720 553 1760 testesque
576 1715 804 1761 interrogari,
839 1727 872 1750 v.
899 1716 1068 1750 Heinecci
1083 1716 1225 1760 Antiqq.
1247 1717 1316 1750 lur.
1341 1717 1447 1751 Rom.
1465 1717 1524 1751 lv.

129 1777 202 1812 Tit.
218 1777 341 1812 XVIII.
364 1779 397 1820 §.
418 1776 474 1811 24.
499 1789 532 1821 p.
551 1776 633 1812 761.
659 1778 711 1811 ed.
731 1777 908 1812 Haubold.
930 1776 1068 1810 Ernesti
1089 1776 1187 1810 ClaV.
1209 1777 1244 1810 h.
1265 1788 1301 1811 v,
1343 1777 1441 1810 Tum
1470 1778 1526 1812 al-

130 1842 204 1873 tera
219 1837 355 1872 actione
377 1844 544 1882 perpetua
566 1837 779 1872 accusatoris
798 1837 958 1872 oratione
976 1836 1125 1871 crimina
1142 1836 1422 1882 exagitabantur.
1454 1838 1525 1872 Sed

129 1911 199 1934 una
215 1904 349 1934 tantum
374 1899 528 1934 admissa
547 1899 683 1934 actione
702 1897 819 1932 statim
836 1903 912 1942 post
929 1897 1063 1932 finitam
1085 1898 1320 1932 defensionem
1341 1898 1471 1934 iudices
1489 1899 1525 1933 in

129 1959 304 2004 suffragia
328 1959 577 2002 mittebantur,
601 1970 636 1994 v.
661 1959 825 1993 Heinecc.
851 1959 874 1992 l.
901 1959 923 1992 l.
948 1961 980 2001 §.
1005 1958 1064 1993 30.
1089 1971 1124 2003 p.
1147 1958 1230 1993 705.
1254 1960 1400 1995 Actione
1424 1961 1525 1995 insti-

131 2025 210 2055 tuta
233 2023 331 2055 actor
353 2021 557 2055 vadabatur
580 2031 689 2062 reum,
715 2019 738 2053 i.
762 2030 793 2053 e.
819 2019 963 2054 iubebat
986 2031 1066 2054 eum
1091 2019 1314 2065 sponsoribus
1336 2021 1425 2055 datis
1448 2022 1526 2065 pol-

129 2081 231 2115 liceri
254 2092 291 2115 se
315 2081 371 2115 die
394 2082 438 2115 ad
461 2081 637 2126 agendum
661 2080 848 2114 constituto
873 2080 1088 2122 affuturum,
1113 2092 1146 2114 v.
1167 2081 1303 2116 Ernesti
1327 2082 1427 2116 Clav.
1451 2081 1524 2116 Cic.

130 2154 164 2176 v.
189 2142 337 2183 vadari,
372 2145 407 2176 et
431 2141 594 2175 Heinecc.
619 2141 645 2175 l.
668 2141 693 2175 l.
727 2141 787 2177 lv.
810 2141 883 2175 Tit.
909 2141 965 2174 t‘l-
1002 2144 1035 2184 ς.
1059 2142 1116 2177 20.
1150 2154 1184 2187 p.
1209 2142 1290 2177 674.
1325 2143 1454 2187 Intprr.
1479 2143 1524 2178 ad

130 2202 207 2238 Iaiv.
231 2203 299 2243 lll,
323 2202 389 2244 13,
414 2202 448 2237 8.
483 2203 646 2239 Ceterum
670 2205 754 2236 nota
777 2202 898 2246 paullo
921 2203 1098 2238 confusius
1127 2208 1306 2238 auctorem
1330 2203 1524 2238 orationem

130 2263 339 2305 instituisse3
369 2274 476 2307 quam
510 2263 540 2298 si
570 2275 612 2297 ex
645 2263 854 2308 vulgaribus
885 2265 1141 2308 grammaticae
1170 2263 1303 2309 regulis
1329 2263 1526 2310 intelligere

131 2324 238 2367 velis,
279 2324 427 2358 mirifice
460 2328 494 2358 te
526 2323 730 2368 impeditum
763 2324 905 2359 sentias.
961 2326 1188 2369 Quamquam
1221 2325 1315 2360 enim
1348 2326 1524 2371 Iugurtha

130 2384 237 2420 totius
260 2384 516 2419 enunciationis
537 2384 734 2419 subiectum
757 2388 832 2428 est,
864 2389 904 2419 ut
927 2385 1053 2420 docent
1082 2387 1191 2420 verba
1214 2387 1326 2432 igitur
1344 2387 1523 2422 Bomilca-

131 2457 203 2480 rem
221 2447 382 2485 dimittit.
406 2457 486 2480 cum
511 2457 718 2492 praegressa
740 2445 910 2480 sententia
932 2450 1027 2480 arcte
1050 2447 1294 2488 cohaerentia,
1329 2452 1445 2482 tamen
1467 2446 1523 2482 in-

131 2507 299 2549 terposita
321 2509 430 2541 verba
454 2517 663 2551 quamquam
688 2508 733 2540 in
755 2507 911 2551 priore
934 2507 1118 2541 actione
1142 2519 1183 2542 er
1210 2509 1331 2542 amicis
1351 2508 1522 2552 quiaqua-

130 2567 233 2613 gt'nta
264 2568 408 2602 vades
442 2568 636 2602 dederat
671 2569 715 2603 ad
749 2567 989 2602 Bomilcarem
1018 2571 1191 2611 spectant,
1225 2579 1293 2602 non
1324 2567 1522 2613 significato

130 2638 223 2662 novo
247 2627 413 2661 subiecto.
461 2627 529 2661 Sed
556 2639 618 2662 cur
640 2628 709 2663 hoc
734 2629 894 2663 licentiae
917 2627 985 2662 sibi
1010 2627 1207 2673 indulgeret
1225 2627 1412 2662 Sallustius
1433 2628 1521 2663 duas

130 2697 271 2722 caussas
302 2687 442 2722 babuit.
488 2688 649 2724 Primum
682 2689 775 2723 enim
807 2688 978 2723 sentiebat
1018 2700 1092 2723 rem
1135 2688 1250 2733 ipsam
1282 2689 1365 2723 satis
1395 2688 1520 2723 docere

131 2746 220 2781 haec
248 2747 451 2791 interposita
477 2759 545 2782 non
575 2749 619 2784 ad
643 2750 872 2793 Iugurtham,
906 2750 965 2784 sed
989 2750 1033 2784 ad
1059 2760 1158 2783 reum
1182 2747 1421 2784 Bomilcarem
1443 2759 1519 2783 esse
