<?xml version="1.0" encoding="UTF-8"?>
<!DOCTYPE html PUBLIC "-//W3C//DTD XHTML 1.0 Transitional//EN"
    "http://www.w3.org/TR/xhtml1/DTD/xhtml1-transitional.dtd">
<html xmlns="http://www.w3.org/1999/xhtml" xml:lang="en" lang="en">
 <head>
  <title>
</title>
<meta http-equiv="Content-Type" content="text/html;charset=utf-8" />
  <meta name='ocr-system' content='tesseract 3.04.00' />
  <meta name='ocr-capabilities' content='ocr_page ocr_carea ocr_par ocr_line ocrx_word'/>
</head>
<body>
  <div class='ocr_page' id='page_1' title='image "./operaquaesupeappx01salluoft_0345.png"; bbox 0 0 1630 3034; ppageno 0'>
   <div class='ocr_carea' id='block_1_1' title="bbox 422 186 1448 236">
    <p class='ocr_par' dir='ltr' id='par_1_1' title="bbox 422 186 1448 236">
     <span class='ocr_line' id='line_1_1' title="bbox 422 186 1448 236; baseline 0.01 -10"><span class='ocrx_word' id='word_1_1' title='bbox 422 186 764 228; x_wconf 87' lang='lat' dir='ltr'><strong>CATILINA.</strong></span> <span class='ocrx_word' id='word_1_2' title='bbox 823 188 959 230; x_wconf 89' lang='lat' dir='ltr'><strong>CAP.</strong></span> <span class='ocrx_word' id='word_1_3' title='bbox 988 189 1095 230; x_wconf 89' lang='lat' dir='ltr'><strong>LIX.</strong></span> <span class='ocrx_word' id='word_1_4' title='bbox 1364 195 1448 236; x_wconf 81' lang='lat'><strong>315</strong></span> 
     </span>
    </p>
   </div>
   <div class='ocr_carea' id='block_1_2' title="bbox 64 304 1447 366">
    <p class='ocr_par' dir='ltr' id='par_1_2' title="bbox 64 304 1447 366">
     <span class='ocr_line' id='line_1_2' title="bbox 64 304 1447 366; baseline 0.009 -24"><span class='ocrx_word' id='word_1_5' title='bbox 64 304 211 356; x_wconf 82' lang='lat' dir='ltr'><strong>catos,</strong></span> <span class='ocrx_word' id='word_1_6' title='bbox 266 307 502 360; x_wconf 84' lang='lat' dir='ltr'><strong>praeterea</strong></span> <span class='ocrx_word' id='word_1_7' title='bbox 557 320 610 349; x_wconf 85' lang='lat' dir='ltr'><strong>ex</strong></span> <span class='ocrx_word' id='word_1_8' title='bbox 665 304 885 364; x_wconf 85' lang='lat' dir='ltr'><strong>gregariis</strong></span> <span class='ocrx_word' id='word_1_9' title='bbox 940 305 1154 350; x_wconf 79' lang='lat' dir='ltr'><strong>militibus</strong></span> <span class='ocrx_word' id='word_1_10' title='bbox 1210 312 1447 366; x_wconf 82' lang='lat' dir='ltr'><strong>optumum</strong></span> 
     </span>
    </p>
   </div>
   <div class='ocr_carea' id='block_1_3' title="bbox 55 449 1452 2736">
    <p class='ocr_par' dir='ltr' id='par_1_3' title="bbox 59 449 1452 1067">
     <span class='ocr_line' id='line_1_3' title="bbox 64 449 1448 494; baseline 0.007 -17"><span class='ocrx_word' id='word_1_11' title='bbox 64 454 107 478; x_wconf 83' lang='lat' dir='ltr'><strong>ea</strong></span> <span class='ocrx_word' id='word_1_12' title='bbox 137 450 317 489; x_wconf 74' lang='lat' dir='ltr'>sequentes</span> <span class='ocrx_word' id='word_1_13' title='bbox 351 449 524 494; x_wconf 74' lang='lat' dir='ltr'><strong>intelligi,</strong></span> <span class='ocrx_word' id='word_1_14' title='bbox 562 460 644 483; x_wconf 84' lang='lat' dir='ltr'><strong>nam</strong></span> <span class='ocrx_word' id='word_1_15' title='bbox 687 454 760 483; x_wconf 84' lang='lat' dir='ltr'><strong>octo</strong></span> <span class='ocrx_word' id='word_1_16' title='bbox 801 449 992 483; x_wconf 72' lang='lat' dir='ltr'><strong><em>cohortibus</em></strong></span> <span class='ocrx_word' id='word_1_17' title='bbox 1031 454 1255 493; x_wconf 85' lang='lat' dir='ltr'><strong>opponuntur</strong></span> <span class='ocrx_word' id='word_1_18' title='bbox 1294 453 1448 486; x_wconf 78' lang='lat' dir='ltr'><strong><em>cohortes</em></strong></span> 
     </span>
     <span class='ocr_line' id='line_1_4' title="bbox 67 502 1449 552; baseline 0.007 -19"><span class='ocrx_word' id='word_1_19' title='bbox 67 502 231 545; x_wconf 65' lang='lat' dir='ltr'><strong>relicum,</strong></span> <span class='ocrx_word' id='word_1_20' title='bbox 255 517 318 548; x_wconf 87' lang='lat' dir='ltr'><strong>pro</strong></span> <span class='ocrx_word' id='word_1_21' title='bbox 342 518 411 549; x_wconf 90' lang='lat' dir='ltr'><strong>quo</strong></span> <span class='ocrx_word' id='word_1_22' title='bbox 436 508 522 541; x_wconf 81' lang='lat' dir='ltr'><strong>dixit</strong></span> <span class='ocrx_word' id='word_1_23' title='bbox 542 509 673 542; x_wconf 85' lang='lat' dir='ltr'><strong>relicua</strong></span> <span class='ocrx_word' id='word_1_24' title='bbox 698 509 815 552; x_wconf 76' lang='lat' dir='ltr'><strong>signa.</strong></span> <span class='ocrx_word' id='word_1_25' title='bbox 863 508 918 540; x_wconf 76' lang='lat' dir='ltr'><strong>Ita</strong></span> <span class='ocrx_word' id='word_1_26' title='bbox 942 506 1065 540; x_wconf 71' lang='lat' dir='ltr'><strong>Livius</strong></span> <span class='ocrx_word' id='word_1_27' title='bbox 1086 508 1176 548; x_wconf 72' lang='lat' dir='ltr'><strong>vul,</strong></span> <span class='ocrx_word' id='word_1_28' title='bbox 1196 507 1230 548; x_wconf 86' lang='grc'><strong>9,</strong></span> <span class='ocrx_word' id='word_1_29' title='bbox 1253 507 1310 543; x_wconf 69' lang='lat' dir='ltr'><strong>ll.</strong></span> <span class='ocrx_word' id='word_1_30' title='bbox 1337 516 1449 543; x_wconf 73' lang='lat' dir='ltr'><strong>terror</strong></span> 
     </span>
     <span class='ocr_line' id='line_1_5' title="bbox 63 559 1447 605; baseline 0.006 -12"><span class='ocrx_word' id='word_1_31' title='bbox 63 559 171 603; x_wconf 62' lang='lat' dir='ltr'><strong>sigua</strong></span> <span class='ocrx_word' id='word_1_32' title='bbox 205 562 409 599; x_wconf 77' lang='lat' dir='ltr'><strong>Latinorum</strong></span> <span class='ocrx_word' id='word_1_33' title='bbox 440 567 603 600; x_wconf 81' lang='lat' dir='ltr'><strong>turbavit.</strong></span> <span class='ocrx_word' id='word_1_34' title='bbox 658 566 772 599; x_wconf 79' lang='lat' dir='ltr'><strong>Tacit.</strong></span> <span class='ocrx_word' id='word_1_35' title='bbox 798 565 886 598; x_wconf 85' lang='lat' dir='ltr'><strong>Anu.</strong></span> <span class='ocrx_word' id='word_1_36' title='bbox 902 564 930 605; x_wconf 87' lang='lat'><strong>1,</strong></span> <span class='ocrx_word' id='word_1_37' title='bbox 953 564 1011 605; x_wconf 79' lang='lat'><strong>69,</strong></span> <span class='ocrx_word' id='word_1_38' title='bbox 1039 566 1131 599; x_wconf 87' lang='lat' dir='ltr'><strong>med.</strong></span> <span class='ocrx_word' id='word_1_39' title='bbox 1167 566 1256 600; x_wconf 80' lang='lat' dir='ltr'><em>nihil</em></span> <span class='ocrx_word' id='word_1_40' title='bbox 1289 569 1447 601; x_wconf 75' lang='lat' dir='ltr'><strong>relictum</strong></span> 
     </span>
     <span class='ocr_line' id='line_1_6' title="bbox 67 616 1450 668; baseline 0.006 -18"><span class='ocrx_word' id='word_1_41' title='bbox 67 616 348 664; x_wconf 80' lang='lat' dir='ltr'><strong><em>imperatoribus,</em></strong></span> <span class='ocrx_word' id='word_1_42' title='bbox 388 623 446 657; x_wconf 83' lang='lat' dir='ltr'><strong>ubi</strong></span> <span class='ocrx_word' id='word_1_43' title='bbox 473 625 610 668; x_wconf 77' lang='lat' dir='ltr'><strong>fcnzina</strong></span> <span class='ocrx_word' id='word_1_44' title='bbox 646 625 752 668; x_wconf 83' lang='lat' dir='ltr'><strong>signa</strong></span> <span class='ocrx_word' id='word_1_45' title='bbox 792 623 912 656; x_wconf 83' lang='lat' dir='ltr'><strong>adeat.</strong></span> <span class='ocrx_word' id='word_1_46' title='bbox 966 622 1173 663; x_wconf 84' lang='lat' dir='ltr'><strong>Praeterea,</strong></span> <span class='ocrx_word' id='word_1_47' title='bbox 1207 624 1299 665; x_wconf 83' lang='lat' dir='ltr'><strong>quod</strong></span> <span class='ocrx_word' id='word_1_48' title='bbox 1331 636 1450 658; x_wconf 86' lang='lat' dir='ltr'><strong>seusus</strong></span> 
     </span>
     <span class='ocr_line' id='line_1_7' title="bbox 63 678 1450 724; baseline 0.007 -19"><span class='ocrx_word' id='word_1_49' title='bbox 63 683 215 717; x_wconf 85' lang='lat' dir='ltr'><strong>ususque</strong></span> <span class='ocrx_word' id='word_1_50' title='bbox 251 678 419 721; x_wconf 87' lang='lat' dir='ltr'><strong>loquendi</strong></span> <span class='ocrx_word' id='word_1_51' title='bbox 454 681 601 724; x_wconf 83' lang='lat' dir='ltr'><strong>evincit,</strong></span> <span class='ocrx_word' id='word_1_52' title='bbox 642 682 774 716; x_wconf 83' lang='lat' dir='ltr'><strong>relicua</strong></span> <span class='ocrx_word' id='word_1_53' title='bbox 809 679 1029 713; x_wconf 81' lang='lat' dir='ltr'><strong>scribendum</strong></span> <span class='ocrx_word' id='word_1_54' title='bbox 1063 691 1161 722; x_wconf 86' lang='lat' dir='ltr'><strong>esse,</strong></span> <span class='ocrx_word' id='word_1_55' title='bbox 1206 680 1314 714; x_wconf 79' lang='lat' dir='ltr'><strong>etiam</strong></span> <span class='ocrx_word' id='word_1_56' title='bbox 1348 681 1450 716; x_wconf 80' lang='lat' dir='ltr'><strong>codd.</strong></span> 
     </span>
     <span class='ocr_line' id='line_1_8' title="bbox 62 729 1450 782; baseline 0.008 -20"><span class='ocrx_word' id='word_1_57' title='bbox 62 729 296 775; x_wconf 80' lang='lat' dir='ltr'>discrepantia</span> <span class='ocrx_word' id='word_1_58' title='bbox 319 737 484 779; x_wconf 79' lang='lat' dir='ltr'>ostendit,</span> <span class='ocrx_word' id='word_1_59' title='bbox 516 740 726 772; x_wconf 86' lang='lat' dir='ltr'><strong>relicuarum</strong></span> <span class='ocrx_word' id='word_1_60' title='bbox 757 748 828 772; x_wconf 87' lang='lat' dir='ltr'><strong>nou</strong></span> <span class='ocrx_word' id='word_1_61' title='bbox 859 749 983 771; x_wconf 82' lang='lat' dir='ltr'><strong>verum</strong></span> <span class='ocrx_word' id='word_1_62' title='bbox 1016 749 1102 773; x_wconf 87' lang='lat' dir='ltr'><strong>esse.</strong></span> <span class='ocrx_word' id='word_1_63' title='bbox 1151 737 1292 782; x_wconf 80' lang='lat' dir='ltr'><strong>Quippe</strong></span> <span class='ocrx_word' id='word_1_64' title='bbox 1314 738 1350 772; x_wconf 87' lang='lat' dir='ltr'><strong>in</strong></span> <span class='ocrx_word' id='word_1_65' title='bbox 1375 742 1450 773; x_wconf 87' lang='lat' dir='ltr'><strong>tam</strong></span> 
     </span>
     <span class='ocr_line' id='line_1_9' title="bbox 61 787 1452 839; baseline 0.008 -20"><span class='ocrx_word' id='word_1_66' title='bbox 61 787 166 829; x_wconf 83' lang='lat' dir='ltr'><strong>plano</strong></span> <span class='ocrx_word' id='word_1_67' title='bbox 187 790 294 824; x_wconf 84' lang='lat' dir='ltr'><strong>huius</strong></span> <span class='ocrx_word' id='word_1_68' title='bbox 317 795 511 839; x_wconf 78' lang='lat' dir='ltr'><strong>scripturae</strong></span> <span class='ocrx_word' id='word_1_69' title='bbox 533 808 633 830; x_wconf 80' lang='lat' dir='ltr'><strong>sensu</strong></span> <span class='ocrx_word' id='word_1_70' title='bbox 657 795 802 829; x_wconf 86' lang='lat' dir='ltr'><strong>difficile</strong></span> <span class='ocrx_word' id='word_1_71' title='bbox 826 797 879 828; x_wconf 90' lang='lat' dir='ltr'><strong>est</strong></span> <span class='ocrx_word' id='word_1_72' title='bbox 901 794 1090 836; x_wconf 88' lang='lat' dir='ltr'><strong>intellectu,</strong></span> <span class='ocrx_word' id='word_1_73' title='bbox 1116 796 1292 838; x_wconf 89' lang='lat' dir='ltr'><strong>quomodo</strong></span> <span class='ocrx_word' id='word_1_74' title='bbox 1315 797 1452 830; x_wconf 77' lang='lat' dir='ltr'><strong>scribae</strong></span> 
     </span>
     <span class='ocr_line' id='line_1_10' title="bbox 61 846 1448 896; baseline 0.006 -19"><span class='ocrx_word' id='word_1_75' title='bbox 61 846 119 879; x_wconf 83' lang='lat' dir='ltr'><strong>vel</strong></span> <span class='ocrx_word' id='word_1_76' title='bbox 142 848 348 885; x_wconf 78' lang='lat' dir='ltr'><strong>relicuomm</strong></span> <span class='ocrx_word' id='word_1_77' title='bbox 381 854 439 887; x_wconf 76' lang='lat' dir='ltr'><strong>vel</strong></span> <span class='ocrx_word' id='word_1_78' title='bbox 462 855 593 888; x_wconf 77' lang='lat' dir='ltr'><strong>relicua</strong></span> <span class='ocrx_word' id='word_1_79' title='bbox 617 854 828 888; x_wconf 82' lang='lat' dir='ltr'><strong>substituere</strong></span> <span class='ocrx_word' id='word_1_80' title='bbox 851 852 1050 895; x_wconf 78' lang='lat' dir='ltr'><strong>potueriut3</strong></span> <span class='ocrx_word' id='word_1_81' title='bbox 1082 858 1203 886; x_wconf 82' lang='lat' dir='ltr'><strong>contra</strong></span> <span class='ocrx_word' id='word_1_82' title='bbox 1239 859 1354 896; x_wconf 86' lang='lat' dir='ltr'><strong>patet,</strong></span> <span class='ocrx_word' id='word_1_83' title='bbox 1379 854 1448 886; x_wconf 88' lang='lat' dir='ltr'><strong>hoc</strong></span> 
     </span>
     <span class='ocr_line' id='line_1_11' title="bbox 61 905 1448 955; baseline 0.006 -21"><span class='ocrx_word' id='word_1_84' title='bbox 61 905 235 940; x_wconf 86' lang='lat' dir='ltr'><strong>nonnullis</strong></span> <span class='ocrx_word' id='word_1_85' title='bbox 268 920 452 954; x_wconf 82' lang='lat' dir='ltr'><strong>perperam</strong></span> <span class='ocrx_word' id='word_1_86' title='bbox 483 911 701 946; x_wconf 83' lang='lat' dir='ltr'><strong>intellectum</strong></span> <span class='ocrx_word' id='word_1_87' title='bbox 734 910 769 943; x_wconf 89' lang='lat' dir='ltr'><strong>in</strong></span> <span class='ocrx_word' id='word_1_88' title='bbox 807 920 931 943; x_wconf 85' lang='lat' dir='ltr'><strong>caussa</strong></span> <span class='ocrx_word' id='word_1_89' title='bbox 962 908 1091 950; x_wconf 82' lang='lat' dir='ltr'><strong>fuisse,</strong></span> <span class='ocrx_word' id='word_1_90' title='bbox 1129 921 1193 943; x_wconf 87' lang='lat' dir='ltr'><strong>cur</strong></span> <span class='ocrx_word' id='word_1_91' title='bbox 1224 910 1307 951; x_wconf 84' lang='lat' dir='ltr'><strong>alii,</strong></span> <span class='ocrx_word' id='word_1_92' title='bbox 1341 911 1448 955; x_wconf 83' lang='lat' dir='ltr'><strong>signa</strong></span> 
     </span>
     <span class='ocr_line' id='line_1_12' title="bbox 59 963 1449 1011; baseline 0.005 -17"><span class='ocrx_word' id='word_1_93' title='bbox 59 963 201 1004; x_wconf 85' lang='lat' dir='ltr'><strong>proprio</strong></span> <span class='ocrx_word' id='word_1_94' title='bbox 225 976 328 1000; x_wconf 81' lang='lat' dir='ltr'><strong>sensu</strong></span> <span class='ocrx_word' id='word_1_95' title='bbox 351 969 525 1011; x_wconf 80' lang='lat' dir='ltr'><strong>capientes</strong></span> <span class='ocrx_word' id='word_1_96' title='bbox 549 974 583 1003; x_wconf 91' lang='lat' dir='ltr'><strong>et</strong></span> <span class='ocrx_word' id='word_1_97' title='bbox 607 969 651 1003; x_wconf 87' lang='lat' dir='ltr'><strong>ad</strong></span> <span class='ocrx_word' id='word_1_98' title='bbox 676 968 838 1002; x_wconf 85' lang='lat' dir='ltr'><strong>cohortes</strong></span> <span class='ocrx_word' id='word_1_99' title='bbox 861 967 1058 1007; x_wconf 82' lang='lat' dir='ltr'><strong>trahentes,</strong></span> <span class='ocrx_word' id='word_1_100' title='bbox 1085 967 1276 1002; x_wconf 83' lang='lat' dir='ltr'><strong>scriberent</strong></span> <span class='ocrx_word' id='word_1_101' title='bbox 1298 969 1449 1002; x_wconf 85' lang='lat' dir='ltr'><strong>relicua-</strong></span> 
     </span>
     <span class='ocr_line' id='line_1_13' title="bbox 60 1022 1170 1067; baseline -0.003 -5"><span class='ocrx_word' id='word_1_102' title='bbox 60 1029 159 1061; x_wconf 69' lang='lat' dir='ltr'><strong>Tums</strong></span> <span class='ocrx_word' id='word_1_103' title='bbox 185 1022 248 1056; x_wconf 76' lang='lat' dir='ltr'><strong>alii</strong></span> <span class='ocrx_word' id='word_1_104' title='bbox 272 1025 317 1058; x_wconf 82' lang='lat' dir='ltr'><strong>ad</strong></span> <span class='ocrx_word' id='word_1_105' title='bbox 340 1026 469 1059; x_wconf 82' lang='lat' dir='ltr'><strong>milites</strong></span> <span class='ocrx_word' id='word_1_106' title='bbox 495 1028 682 1060; x_wconf 81' lang='lat' dir='ltr'><strong>referentes</strong></span> <span class='ocrx_word' id='word_1_107' title='bbox 706 1027 911 1060; x_wconf 79' lang='lat' dir='ltr'><strong>rclicuorum</strong></span> <span class='ocrx_word' id='word_1_108' title='bbox 941 1024 1170 1067; x_wconf 79' lang='lat' dir='ltr'><strong>praeferrent.</strong></span> 
     </span>
    </p>

    <p class='ocr_par' dir='ltr' id='par_1_4' title="bbox 56 1078 1448 1817">
     <span class='ocr_line' id='line_1_14' title="bbox 151 1078 1448 1127; baseline 0.004 -17"><span class='ocrx_word' id='word_1_109' title='bbox 151 1078 190 1111; x_wconf 80' lang='lat' dir='ltr'><strong>in</strong></span> <span class='ocrx_word' id='word_1_110' title='bbox 211 1081 384 1126; x_wconf 83' lang='lat' dir='ltr'><strong>subsidio]</strong></span> <span class='ocrx_word' id='word_1_111' title='bbox 421 1085 536 1127; x_wconf 68' lang='lat' dir='ltr'><strong>Vulgo</strong></span> <span class='ocrx_word' id='word_1_112' title='bbox 560 1086 598 1117; x_wconf 82' lang='lat' dir='ltr'><strong>z‘n</strong></span> <span class='ocrx_word' id='word_1_113' title='bbox 621 1085 800 1123; x_wconf 80' lang='lat' dir='ltr'><strong>subsidiis,</strong></span> <span class='ocrx_word' id='word_1_114' title='bbox 837 1083 897 1115; x_wconf 89' lang='lat' dir='ltr'><strong>sed</strong></span> <span class='ocrx_word' id='word_1_115' title='bbox 931 1082 1023 1124; x_wconf 88' lang='lat' dir='ltr'><strong>quod</strong></span> <span class='ocrx_word' id='word_1_116' title='bbox 1048 1093 1129 1114; x_wconf 93' lang='lat' dir='ltr'><strong>cum</strong></span> <span class='ocrx_word' id='word_1_117' title='bbox 1154 1081 1272 1115; x_wconf 76' lang='lat' dir='ltr'><strong>Coi-tio</strong></span> <span class='ocrx_word' id='word_1_118' title='bbox 1297 1085 1333 1115; x_wconf 89' lang='lat' dir='ltr'><strong>et</strong></span> <span class='ocrx_word' id='word_1_119' title='bbox 1357 1083 1448 1116; x_wconf 88' lang='lat' dir='ltr'><strong>Ger-</strong></span> 
     </span>
     <span class='ocr_line' id='line_1_15' title="bbox 61 1133 1446 1186; baseline 0.005 -20"><span class='ocrx_word' id='word_1_120' title='bbox 61 1133 180 1170; x_wconf 87' lang='lat' dir='ltr'><strong>lachio</strong></span> <span class='ocrx_word' id='word_1_121' title='bbox 201 1139 402 1182; x_wconf 80' lang='lat' dir='ltr'><strong>scripsimus</strong></span> <span class='ocrx_word' id='word_1_122' title='bbox 434 1144 539 1186; x_wconf 81' lang='lat' dir='ltr'><strong>longe</strong></span> <span class='ocrx_word' id='word_1_123' title='bbox 560 1142 722 1184; x_wconf 83' lang='lat' dir='ltr'><strong>plurimis</strong></span> <span class='ocrx_word' id='word_1_124' title='bbox 753 1140 853 1174; x_wconf 85' lang='lat' dir='ltr'><strong>libris</strong></span> <span class='ocrx_word' id='word_1_125' title='bbox 884 1140 1054 1172; x_wconf 82' lang='lat' dir='ltr'><strong>firmatur.</strong></span> <span class='ocrx_word' id='word_1_126' title='bbox 1111 1138 1294 1183; x_wconf 79' lang='lat' dir='ltr'><strong>Singulari</strong></span> <span class='ocrx_word' id='word_1_127' title='bbox 1327 1145 1446 1173; x_wconf 85' lang='lat' dir='ltr'><strong>autem</strong></span> 
     </span>
     <span class='ocr_line' id='line_1_16' title="bbox 59 1195 1446 1243; baseline 0.004 -19"><span class='ocrx_word' id='word_1_128' title='bbox 59 1202 206 1228; x_wconf 88' lang='lat' dir='ltr'><strong>numero</strong></span> <span class='ocrx_word' id='word_1_129' title='bbox 229 1208 297 1230; x_wconf 90' lang='lat' dir='ltr'><strong>non</strong></span> <span class='ocrx_word' id='word_1_130' title='bbox 324 1210 365 1232; x_wconf 88' lang='lat' dir='ltr'><strong>ea</strong></span> <span class='ocrx_word' id='word_1_131' title='bbox 388 1199 477 1232; x_wconf 84' lang='lat' dir='ltr'><strong>aciei</strong></span> <span class='ocrx_word' id='word_1_132' title='bbox 500 1210 582 1243; x_wconf 84' lang='lat' dir='ltr'><strong>pars</strong></span> <span class='ocrx_word' id='word_1_133' title='bbox 604 1198 796 1243; x_wconf 80' lang='lat' dir='ltr'><strong>significari</strong></span> <span class='ocrx_word' id='word_1_134' title='bbox 819 1197 977 1236; x_wconf 67' lang='lat' dir='ltr'><strong>videtur,</strong></span> <span class='ocrx_word' id='word_1_135' title='bbox 1002 1207 1110 1239; x_wconf 87' lang='lat' dir='ltr'><strong>quam</strong></span> <span class='ocrx_word' id='word_1_136' title='bbox 1133 1195 1268 1235; x_wconf 85' lang='lat' dir='ltr'><strong>triarii,</strong></span> <span class='ocrx_word' id='word_1_137' title='bbox 1292 1197 1446 1229; x_wconf 79' lang='lat' dir='ltr'><strong>subsidia</strong></span> 
     </span>
     <span class='ocr_line' id='line_1_17' title="bbox 58 1251 1446 1299; baseline 0.002 -15"><span class='ocrx_word' id='word_1_138' title='bbox 58 1251 201 1293; x_wconf 74' lang='lat' dir='ltr'><strong>proprie</strong></span> <span class='ocrx_word' id='word_1_139' title='bbox 224 1253 327 1297; x_wconf 88' lang='lat' dir='ltr'><strong>dicti,</strong></span> <span class='ocrx_word' id='word_1_140' title='bbox 351 1258 523 1298; x_wconf 84' lang='lat' dir='ltr'><strong>tenebant,</strong></span> <span class='ocrx_word' id='word_1_141' title='bbox 548 1257 607 1290; x_wconf 87' lang='lat' dir='ltr'><strong>sed</strong></span> <span class='ocrx_word' id='word_1_142' title='bbox 630 1257 745 1299; x_wconf 83' lang='lat' dir='ltr'><strong>potius</strong></span> <span class='ocrx_word' id='word_1_143' title='bbox 768 1254 946 1289; x_wconf 84' lang='lat' dir='ltr'><strong>indefinite</strong></span> <span class='ocrx_word' id='word_1_144' title='bbox 968 1254 1163 1294; x_wconf 84' lang='lat' dir='ltr'><strong>indicatur,</strong></span> <span class='ocrx_word' id='word_1_145' title='bbox 1187 1253 1244 1286; x_wconf 88' lang='lat' dir='ltr'><strong>cui</strong></span> <span class='ocrx_word' id='word_1_146' title='bbox 1267 1253 1319 1286; x_wconf 87' lang='lat' dir='ltr'><strong>rei</strong></span> <span class='ocrx_word' id='word_1_147' title='bbox 1342 1253 1446 1287; x_wconf 78' lang='lat' dir='ltr'><strong>istam</strong></span> 
     </span>
     <span class='ocr_line' id='line_1_18' title="bbox 58 1308 1447 1354; baseline 0.003 -15"><span class='ocrx_word' id='word_1_148' title='bbox 58 1308 324 1346; x_wconf 85' lang='lat' dir='ltr'><strong>collocationem</strong></span> <span class='ocrx_word' id='word_1_149' title='bbox 357 1315 507 1348; x_wconf 81' lang='lat' dir='ltr'><strong>Catilina</strong></span> <span class='ocrx_word' id='word_1_150' title='bbox 530 1315 698 1348; x_wconf 81' lang='lat' dir='ltr'><strong>inservire</strong></span> <span class='ocrx_word' id='word_1_151' title='bbox 722 1313 892 1353; x_wconf 74' lang='lat' dir='ltr'><strong>voluerit,</strong></span> <span class='ocrx_word' id='word_1_152' title='bbox 929 1312 1020 1354; x_wconf 88' lang='lat' dir='ltr'><strong>quod</strong></span> <span class='ocrx_word' id='word_1_153' title='bbox 1044 1313 1133 1344; x_wconf 82' lang='lat' dir='ltr'><strong>bene</strong></span> <span class='ocrx_word' id='word_1_154' title='bbox 1158 1310 1264 1344; x_wconf 80' lang='lat' dir='ltr'><strong>sensit</strong></span> <span class='ocrx_word' id='word_1_155' title='bbox 1286 1311 1447 1343; x_wconf 80' lang='lat' dir='ltr'><strong>Schelle-</strong></span> 
     </span>
     <span class='ocr_line' id='line_1_19' title="bbox 59 1366 1446 1415; baseline -0.001 -15"><span class='ocrx_word' id='word_1_156' title='bbox 59 1375 117 1398; x_wconf 71' lang='lat' dir='ltr'><strong>rus</strong></span> <span class='ocrx_word' id='word_1_157' title='bbox 141 1366 175 1400; x_wconf 79' lang='lat' dir='ltr'><strong>in</strong></span> <span class='ocrx_word' id='word_1_158' title='bbox 193 1368 275 1402; x_wconf 81' lang='lat' dir='ltr'><strong>Lex.</strong></span> <span class='ocrx_word' id='word_1_159' title='bbox 299 1373 406 1414; x_wconf 88' lang='lat' dir='ltr'><strong>ampl.</strong></span> <span class='ocrx_word' id='word_1_160' title='bbox 433 1384 466 1415; x_wconf 86' lang='lat' dir='ltr'><strong>p.</strong></span> <span class='ocrx_word' id='word_1_161' title='bbox 489 1372 615 1406; x_wconf 72' lang='lat'><strong>10746.</strong></span> <span class='ocrx_word' id='word_1_162' title='bbox 641 1370 815 1414; x_wconf 75' lang='lat' dir='ltr'><strong>explicans</strong></span> <span class='ocrx_word' id='word_1_163' title='bbox 838 1371 875 1402; x_wconf 83' lang='lat' dir='ltr'><strong>iu</strong></span> <span class='ocrx_word' id='word_1_164' title='bbox 898 1369 973 1402; x_wconf 83' lang='lat' dir='ltr'><strong>sive</strong></span> <span class='ocrx_word' id='word_1_165' title='bbox 998 1369 1046 1401; x_wconf 82' lang='lat' dir='ltr'><strong>ad</strong></span> <span class='ocrx_word' id='word_1_166' title='bbox 1071 1368 1271 1401; x_wconf 81' lang='lat' dir='ltr'><strong>subsidium.</strong></span> <span class='ocrx_word' id='word_1_167' title='bbox 1320 1366 1446 1410; x_wconf 73' lang='lat' dir='ltr'><strong>Quivis</strong></span> 
     </span>
     <span class='ocr_line' id='line_1_20' title="bbox 59 1424 1447 1472; baseline 0.001 -18"><span class='ocrx_word' id='word_1_168' title='bbox 59 1426 176 1456; x_wconf 85' lang='lat' dir='ltr'><strong>tamen</strong></span> <span class='ocrx_word' id='word_1_169' title='bbox 209 1426 315 1459; x_wconf 80' lang='lat' dir='ltr'><strong>facile</strong></span> <span class='ocrx_word' id='word_1_170' title='bbox 351 1428 465 1471; x_wconf 81' lang='lat' dir='ltr'><strong>videt,</strong></span> <span class='ocrx_word' id='word_1_171' title='bbox 496 1441 570 1462; x_wconf 87' lang='lat' dir='ltr'><strong>rem</strong></span> <span class='ocrx_word' id='word_1_172' title='bbox 604 1430 716 1472; x_wconf 79' lang='lat' dir='ltr'><strong>ipsam</strong></span> <span class='ocrx_word' id='word_1_173' title='bbox 747 1438 817 1460; x_wconf 90' lang='lat' dir='ltr'><strong>non</strong></span> <span class='ocrx_word' id='word_1_174' title='bbox 841 1425 991 1466; x_wconf 84' lang='lat' dir='ltr'><strong>mutari,</strong></span> <span class='ocrx_word' id='word_1_175' title='bbox 1017 1425 1152 1459; x_wconf 83' lang='lat' dir='ltr'><strong>sivein</strong></span> <span class='ocrx_word' id='word_1_176' title='bbox 1175 1425 1346 1464; x_wconf 83' lang='lat' dir='ltr'><strong>subsidio,</strong></span> <span class='ocrx_word' id='word_1_177' title='bbox 1371 1424 1447 1457; x_wconf 75' lang='lat' dir='ltr'><strong>sive</strong></span> 
     </span>
     <span class='ocr_line' id='line_1_21' title="bbox 60 1481 1448 1529; baseline 0.001 -16"><span class='ocrx_word' id='word_1_178' title='bbox 60 1481 96 1513; x_wconf 81' lang='lat' dir='ltr'><strong>in</strong></span> <span class='ocrx_word' id='word_1_179' title='bbox 119 1483 280 1517; x_wconf 76' lang='lat' dir='ltr'><strong>subsidiis</strong></span> <span class='ocrx_word' id='word_1_180' title='bbox 302 1485 496 1527; x_wconf 78' lang='lat' dir='ltr'><strong>scribatur3</strong></span> <span class='ocrx_word' id='word_1_181' title='bbox 531 1486 695 1529; x_wconf 77' lang='lat' dir='ltr'><strong>quocirca</strong></span> <span class='ocrx_word' id='word_1_182' title='bbox 720 1484 842 1528; x_wconf 87' lang='lat' dir='ltr'><strong>paullo</strong></span> <span class='ocrx_word' id='word_1_183' title='bbox 867 1487 943 1526; x_wconf 78' lang='lat' dir='ltr'><strong>post</strong></span> <span class='ocrx_word' id='word_1_184' title='bbox 974 1484 1006 1524; x_wconf 82' lang='lat'><strong>§.</strong></span> <span class='ocrx_word' id='word_1_185' title='bbox 1029 1481 1063 1515; x_wconf 88' lang='lat'><strong>5.</strong></span> <span class='ocrx_word' id='word_1_186' title='bbox 1098 1482 1136 1515; x_wconf 84' lang='lat' dir='ltr'><strong>in</strong></span> <span class='ocrx_word' id='word_1_187' title='bbox 1159 1482 1320 1514; x_wconf 81' lang='lat' dir='ltr'><strong>subsidiis</strong></span> <span class='ocrx_word' id='word_1_188' title='bbox 1344 1493 1448 1524; x_wconf 83' lang='lat' dir='ltr'><strong>prae-</strong></span> 
     </span>
     <span class='ocr_line' id='line_1_22' title="bbox 58 1538 1447 1587; baseline 0.001 -16"><span class='ocrx_word' id='word_1_189' title='bbox 58 1538 220 1582; x_wconf 76' lang='lat' dir='ltr'><strong>tulimus,</strong></span> <span class='ocrx_word' id='word_1_190' title='bbox 254 1541 339 1583; x_wconf 86' lang='lat' dir='ltr'><strong>quia</strong></span> <span class='ocrx_word' id='word_1_191' title='bbox 376 1554 496 1576; x_wconf 81' lang='lat' dir='ltr'><strong>omnes</strong></span> <span class='ocrx_word' id='word_1_192' title='bbox 531 1543 656 1587; x_wconf 86' lang='lat' dir='ltr'><strong>codd.,</strong></span> <span class='ocrx_word' id='word_1_193' title='bbox 688 1540 839 1584; x_wconf 68' lang='lat' dir='ltr'><strong>exceptis</strong></span> <span class='ocrx_word' id='word_1_194' title='bbox 874 1540 986 1574; x_wconf 84' lang='lat' dir='ltr'><strong>tribus</strong></span> <span class='ocrx_word' id='word_1_195' title='bbox 1027 1545 1061 1573; x_wconf 87' lang='lat' dir='ltr'><strong>et</strong></span> <span class='ocrx_word' id='word_1_196' title='bbox 1093 1539 1228 1580; x_wconf 86' lang='lat' dir='ltr'><strong>Nonio,</strong></span> <span class='ocrx_word' id='word_1_197' title='bbox 1271 1540 1447 1582; x_wconf 81' lang='lat' dir='ltr'><strong>pluralem</strong></span> 
     </span>
     <span class='ocr_line' id='line_1_23' title="bbox 56 1597 1448 1643; baseline 0.001 -15"><span class='ocrx_word' id='word_1_198' title='bbox 56 1599 210 1630; x_wconf 80' lang='lat' dir='ltr'><strong>tuentur.</strong></span> <span class='ocrx_word' id='word_1_199' title='bbox 258 1599 383 1632; x_wconf 86' lang='lat' dir='ltr'><strong>Obiter</strong></span> <span class='ocrx_word' id='word_1_200' title='bbox 407 1612 606 1642; x_wconf 82' lang='lat' dir='ltr'><strong>monemus,</strong></span> <span class='ocrx_word' id='word_1_201' title='bbox 639 1611 743 1643; x_wconf 84' lang='lat' dir='ltr'><strong>quam</strong></span> <span class='ocrx_word' id='word_1_202' title='bbox 767 1598 967 1642; x_wconf 81' lang='lat' dir='ltr'><strong>Herzogius</strong></span> <span class='ocrx_word' id='word_1_203' title='bbox 992 1597 1096 1630; x_wconf 83' lang='lat' dir='ltr'><strong>affert</strong></span> <span class='ocrx_word' id='word_1_204' title='bbox 1119 1597 1293 1630; x_wconf 85' lang='lat' dir='ltr'><strong>librorum</strong></span> <span class='ocrx_word' id='word_1_205' title='bbox 1316 1597 1448 1631; x_wconf 83' lang='lat' dir='ltr'><strong>discre-</strong></span> 
     </span>
     <span class='ocr_line' id='line_1_24' title="bbox 58 1654 1446 1701; baseline 0.001 -14"><span class='ocrx_word' id='word_1_206' title='bbox 58 1654 213 1696; x_wconf 77' lang='lat' dir='ltr'><strong>pantiam</strong></span> <span class='ocrx_word' id='word_1_207' title='bbox 245 1657 351 1701; x_wconf 82' lang='lat' dir='ltr'><strong>signa</strong></span> <span class='ocrx_word' id='word_1_208' title='bbox 393 1659 600 1692; x_wconf 84' lang='lat' dir='ltr'><strong>subsidio</strong></span> <span class='ocrx_word' id='word_1_209' title='bbox 635 1659 746 1692; x_wconf 80' lang='lat' dir='ltr'><strong>artius</strong></span> <span class='ocrx_word' id='word_1_210' title='bbox 778 1658 942 1696; x_wconf 87' lang='lat' dir='ltr'><strong>collocat,</strong></span> <span class='ocrx_word' id='word_1_211' title='bbox 979 1665 1058 1688; x_wconf 87' lang='lat' dir='ltr'><strong>eam</strong></span> <span class='ocrx_word' id='word_1_212' title='bbox 1095 1665 1266 1696; x_wconf 83' lang='lat' dir='ltr'><strong>nusquam</strong></span> <span class='ocrx_word' id='word_1_213' title='bbox 1298 1660 1446 1696; x_wconf 82' lang='lat' dir='ltr'><strong>exstare,</strong></span> 
     </span>
     <span class='ocr_line' id='line_1_25' title="bbox 56 1710 1443 1758; baseline 0.001 -15"><span class='ocrx_word' id='word_1_214' title='bbox 56 1711 116 1743; x_wconf 79' lang='lat' dir='ltr'><strong>sed</strong></span> <span class='ocrx_word' id='word_1_215' title='bbox 140 1713 312 1758; x_wconf 86' lang='lat' dir='ltr'><strong>Herzogii</strong></span> <span class='ocrx_word' id='word_1_216' title='bbox 342 1716 454 1750; x_wconf 87' lang='lat' dir='ltr'><strong>errori</strong></span> <span class='ocrx_word' id='word_1_217' title='bbox 486 1716 625 1758; x_wconf 87' lang='lat' dir='ltr'><strong>deberi,</strong></span> <span class='ocrx_word' id='word_1_218' title='bbox 659 1716 739 1749; x_wconf 89' lang='lat' dir='ltr'><strong>inde</strong></span> <span class='ocrx_word' id='word_1_219' title='bbox 765 1718 863 1754; x_wconf 83' lang='lat' dir='ltr'><strong>orto,</strong></span> <span class='ocrx_word' id='word_1_220' title='bbox 887 1713 979 1757; x_wconf 87' lang='lat' dir='ltr'><strong>quod</strong></span> <span class='ocrx_word' id='word_1_221' title='bbox 1004 1710 1215 1746; x_wconf 72' lang='lat' dir='ltr'><strong>Ger-lachius</strong></span> <span class='ocrx_word' id='word_1_222' title='bbox 1239 1711 1322 1756; x_wconf 86' lang='lat' dir='ltr'><strong>quid</strong></span> <span class='ocrx_word' id='word_1_223' title='bbox 1345 1713 1443 1746; x_wconf 89' lang='lat' dir='ltr'><strong>codd.</strong></span> 
     </span>
     <span class='ocr_line' id='line_1_26' title="bbox 56 1769 886 1817; baseline 0.002 -16"><span class='ocrx_word' id='word_1_224' title='bbox 56 1769 247 1812; x_wconf 84' lang='lat' dir='ltr'><strong>praebeant</strong></span> <span class='ocrx_word' id='word_1_225' title='bbox 269 1772 306 1809; x_wconf 89' lang='lat' dir='ltr'><strong>h.</strong></span> <span class='ocrx_word' id='word_1_226' title='bbox 331 1774 354 1807; x_wconf 82' lang='lat'><strong>1.</strong></span> <span class='ocrx_word' id='word_1_227' title='bbox 380 1784 504 1817; x_wconf 86' lang='lat' dir='ltr'><strong>parum</strong></span> <span class='ocrx_word' id='word_1_228' title='bbox 535 1778 697 1808; x_wconf 83' lang='lat' dir='ltr'><strong>accurate</strong></span> <span class='ocrx_word' id='word_1_229' title='bbox 721 1771 886 1805; x_wconf 84' lang='lat' dir='ltr'><strong>enotavit.</strong></span> 
     </span>
    </p>

    <p class='ocr_par' dir='ltr' id='par_1_5' title="bbox 55 1826 1447 2736">
     <span class='ocr_line' id='line_1_27' title="bbox 152 1826 1447 1871; baseline -0.002 -8"><span class='ocrx_word' id='word_1_230' title='bbox 152 1830 184 1870; x_wconf 77' lang='lat'><strong>§-</strong></span> <span class='ocrx_word' id='word_1_231' title='bbox 216 1829 250 1863; x_wconf 84' lang='lat'><strong>3.</strong></span> <span class='ocrx_word' id='word_1_232' title='bbox 307 1833 521 1866; x_wconf 77' lang='lat' dir='ltr'><strong>centuriones</strong></span> <span class='ocrx_word' id='word_1_233' title='bbox 555 1833 665 1866; x_wconf 81' lang='lat' dir='ltr'><strong>omnis</strong></span> <span class='ocrx_word' id='word_1_234' title='bbox 698 1832 820 1870; x_wconf 80' lang='lat' dir='ltr'><strong>lectos,</strong></span> <span class='ocrx_word' id='word_1_235' title='bbox 855 1833 889 1862; x_wconf 86' lang='lat' dir='ltr'><strong>et</strong></span> <span class='ocrx_word' id='word_1_236' title='bbox 920 1826 1097 1871; x_wconf 83' lang='lat' dir='ltr'><strong>evocatos]</strong></span> <span class='ocrx_word' id='word_1_237' title='bbox 1139 1826 1194 1860; x_wconf 83' lang='lat' dir='ltr'><strong>Ita</strong></span> <span class='ocrx_word' id='word_1_238' title='bbox 1226 1826 1356 1871; x_wconf 83' lang='lat' dir='ltr'><strong>viginti</strong></span> <span class='ocrx_word' id='word_1_239' title='bbox 1388 1839 1447 1861; x_wconf 80' lang='lat' dir='ltr'><strong>sex</strong></span> 
     </span>
     <span class='ocr_line' id='line_1_28' title="bbox 59 1883 1447 1932; baseline 0.001 -15"><span class='ocrx_word' id='word_1_240' title='bbox 59 1886 172 1928; x_wconf 64' lang='lat' dir='ltr'><strong>codd„</strong></span> <span class='ocrx_word' id='word_1_241' title='bbox 197 1887 288 1922; x_wconf 87' lang='lat' dir='ltr'><strong>inter</strong></span> <span class='ocrx_word' id='word_1_242' title='bbox 311 1901 398 1932; x_wconf 80' lang='lat' dir='ltr'><strong>quos</strong></span> <span class='ocrx_word' id='word_1_243' title='bbox 423 1891 502 1923; x_wconf 70' lang='lat' dir='ltr'><strong>Bas</strong></span> <span class='ocrx_word' id='word_1_244' title='bbox 523 1891 555 1925; x_wconf 91' lang='lat' dir='ltr'><strong>l.</strong></span> <span class='ocrx_word' id='word_1_245' title='bbox 590 1892 697 1926; x_wconf 87' lang='lat' dir='ltr'><strong>Fabr.</strong></span> <span class='ocrx_word' id='word_1_246' title='bbox 718 1890 750 1924; x_wconf 89' lang='grc'><strong>1.</strong></span> <span class='ocrx_word' id='word_1_247' title='bbox 768 1888 801 1922; x_wconf 84' lang='grc'><strong>2.</strong></span> <span class='ocrx_word' id='word_1_248' title='bbox 840 1886 958 1920; x_wconf 84' lang='lat' dir='ltr'><strong>Guelf.</strong></span> <span class='ocrx_word' id='word_1_249' title='bbox 979 1884 1012 1918; x_wconf 78' lang='lat'><strong>5·</strong></span> <span class='ocrx_word' id='word_1_250' title='bbox 1048 1889 1082 1918; x_wconf 87' lang='lat' dir='ltr'><strong>et</strong></span> <span class='ocrx_word' id='word_1_251' title='bbox 1104 1883 1200 1917; x_wconf 86' lang='lat' dir='ltr'><strong>Leid.</strong></span> <span class='ocrx_word' id='word_1_252' title='bbox 1226 1885 1288 1926; x_wconf 84' lang='lat' dir='ltr'><strong>L.;</strong></span> <span class='ocrx_word' id='word_1_253' title='bbox 1322 1885 1447 1919; x_wconf 81' lang='lat' dir='ltr'><strong>relicui</strong></span> 
     </span>
     <span class='ocr_line' id='line_1_29' title="bbox 57 1941 1446 1990; baseline 0 -16"><span class='ocrx_word' id='word_1_254' title='bbox 57 1942 159 1977; x_wconf 80' lang='lat' dir='ltr'><strong>lectos</strong></span> <span class='ocrx_word' id='word_1_255' title='bbox 183 1950 218 1978; x_wconf 84' lang='lat' dir='ltr'><strong>et</strong></span> <span class='ocrx_word' id='word_1_256' title='bbox 243 1953 399 1990; x_wconf 70' lang='lat' dir='ltr'><strong>vocatos,</strong></span> <span class='ocrx_word' id='word_1_257' title='bbox 435 1955 495 1982; x_wconf 80' lang='lat' dir='ltr'><strong>aut</strong></span> <span class='ocrx_word' id='word_1_258' title='bbox 527 1950 650 1981; x_wconf 76' lang='lat' dir='ltr'><strong>clectos</strong></span> <span class='ocrx_word' id='word_1_259' title='bbox 685 1952 718 1981; x_wconf 85' lang='lat' dir='ltr'><strong>et</strong></span> <span class='ocrx_word' id='word_1_260' title='bbox 743 1949 922 1982; x_wconf 80' lang='lat' dir='ltr'><strong>evocatos,</strong></span> <span class='ocrx_word' id='word_1_261' title='bbox 949 1954 1039 1985; x_wconf 84' lang='lat' dir='ltr'><strong>quae</strong></span> <span class='ocrx_word' id='word_1_262' title='bbox 1070 1941 1244 1985; x_wconf 85' lang='lat' dir='ltr'><strong>posterior</strong></span> <span class='ocrx_word' id='word_1_263' title='bbox 1275 1942 1446 1985; x_wconf 82' lang='lat' dir='ltr'><strong>scriptura</strong></span> 
     </span>
     <span class='ocr_line' id='line_1_30' title="bbox 55 1999 1443 2049; baseline -0.008 -5"><span class='ocrx_word' id='word_1_264' title='bbox 55 1999 181 2044; x_wconf 57' lang='grc' dir='ltr'>ΒῙΡΡἾ</span> <span class='ocrx_word' id='word_1_265' title='bbox 214 2005 367 2039; x_wconf 62' lang='lat' dir='ltr'><strong>munero</strong></span> <span class='ocrx_word' id='word_1_266' title='bbox 401 2010 434 2040; x_wconf 86' lang='lat' dir='ltr'><strong>et</strong></span> <span class='ocrx_word' id='word_1_267' title='bbox 467 2006 604 2049; x_wconf 70' lang='lat' dir='ltr'><strong>Langio</strong></span> <span class='ocrx_word' id='word_1_268' title='bbox 639 2004 793 2048; x_wconf 81' lang='lat' dir='ltr'><strong>placuit,</strong></span> <span class='ocrx_word' id='word_1_269' title='bbox 833 2011 1045 2045; x_wconf 80' lang='lat' dir='ltr'><strong>quamquam</strong></span> <span class='ocrx_word' id='word_1_270' title='bbox 1083 2011 1153 2033; x_wconf 86' lang='lat' dir='ltr'><strong>uon</strong></span> <span class='ocrx_word' id='word_1_271' title='bbox 1184 2001 1306 2033; x_wconf 89' lang='lat' dir='ltr'><strong>eodem</strong></span> <span class='ocrx_word' id='word_1_272' title='bbox 1338 2001 1443 2034; x_wconf 84' lang='lat' dir='ltr'><strong>modo</strong></span> 
     </span>
     <span class='ocr_line' id='line_1_31' title="bbox 57 2057 1441 2105; baseline 0.001 -15"><span class='ocrx_word' id='word_1_273' title='bbox 57 2058 240 2100; x_wconf 84' lang='lat' dir='ltr'><strong>explicata.</strong></span> <span class='ocrx_word' id='word_1_274' title='bbox 288 2063 345 2096; x_wconf 80' lang='lat' dir='ltr'><strong>nli</strong></span> <span class='ocrx_word' id='word_1_275' title='bbox 377 2063 470 2096; x_wconf 87' lang='lat' dir='ltr'><strong>enim</strong></span> <span class='ocrx_word' id='word_1_276' title='bbox 502 2069 675 2095; x_wconf 83' lang='lat' dir='ltr'><strong>commate</strong></span> <span class='ocrx_word' id='word_1_277' title='bbox 710 2066 786 2105; x_wconf 78' lang='lat' dir='ltr'><strong>post</strong></span> <span class='ocrx_word' id='word_1_278' title='bbox 818 2060 926 2092; x_wconf 84' lang='lat' dir='ltr'><strong>omnis</strong></span> <span class='ocrx_word' id='word_1_279' title='bbox 959 2057 1090 2101; x_wconf 53' lang='lat' dir='ltr'><strong>posito,</strong></span> <span class='ocrx_word' id='word_1_280' title='bbox 1122 2058 1231 2091; x_wconf 70' lang='lat' dir='ltr'><strong>verba.</strong></span> <span class='ocrx_word' id='word_1_281' title='bbox 1264 2069 1328 2100; x_wconf 88' lang='lat' dir='ltr'><strong>pro</strong></span> <span class='ocrx_word' id='word_1_282' title='bbox 1359 2059 1441 2091; x_wconf 78' lang='lat' dir='ltr'><strong>sub-</strong></span> 
     </span>
     <span class='ocr_line' id='line_1_32' title="bbox 57 2114 1442 2161; baseline 0.001 -14"><span class='ocrx_word' id='word_1_283' title='bbox 57 2116 215 2150; x_wconf 76' lang='lat' dir='ltr'><strong>stantivis</strong></span> <span class='ocrx_word' id='word_1_284' title='bbox 258 2119 408 2161; x_wconf 54' lang='lat' dir='ltr'><strong>habent,</strong></span> <span class='ocrx_word' id='word_1_285' title='bbox 449 2120 520 2154; x_wconf 90' lang='lat' dir='ltr'><strong>tria</strong></span> <span class='ocrx_word' id='word_1_286' title='bbox 551 2120 708 2152; x_wconf 68' lang='lat' dir='ltr'><strong>virorum</strong></span> <span class='ocrx_word' id='word_1_287' title='bbox 749 2127 879 2161; x_wconf 78' lang='lat' dir='ltr'><strong>genera</strong></span> <span class='ocrx_word' id='word_1_288' title='bbox 920 2114 1173 2157; x_wconf 77' lang='lat' dir='ltr'><strong>intelligentes,</strong></span> <span class='ocrx_word' id='word_1_289' title='bbox 1215 2117 1442 2157; x_wconf 78' lang='lat' dir='ltr'><strong>centuriones,</strong></span> 
     </span>
     <span class='ocr_line' id='line_1_33' title="bbox 59 2172 1446 2221; baseline 0.001 -16"><span class='ocrx_word' id='word_1_290' title='bbox 59 2173 182 2207; x_wconf 82' lang='lat' dir='ltr'><strong>electos</strong></span> <span class='ocrx_word' id='word_1_291' title='bbox 205 2174 229 2208; x_wconf 86' lang='lat' dir='ltr'><strong>i.</strong></span> <span class='ocrx_word' id='word_1_292' title='bbox 255 2187 283 2209; x_wconf 89' lang='lat' dir='ltr'><strong>e.</strong></span> <span class='ocrx_word' id='word_1_293' title='bbox 310 2176 457 2219; x_wconf 74' lang='lat' dir='ltr'><strong>legionis</strong></span> <span class='ocrx_word' id='word_1_294' title='bbox 487 2181 594 2221; x_wconf 84' lang='lat' dir='ltr'><strong>caput</strong></span> <span class='ocrx_word' id='word_1_295' title='bbox 619 2177 674 2208; x_wconf 75' lang='lat' dir='ltr'><strong>vol</strong></span> <span class='ocrx_word' id='word_1_296' title='bbox 699 2175 849 2218; x_wconf 82' lang='lat' dir='ltr'><strong>primam</strong></span> <span class='ocrx_word' id='word_1_297' title='bbox 872 2172 1074 2212; x_wconf 63' lang='lat' dir='ltr'><strong>cohortem,</strong></span> <span class='ocrx_word' id='word_1_298' title='bbox 1108 2176 1143 2204; x_wconf 85' lang='lat' dir='ltr'><strong>et</strong></span> <span class='ocrx_word' id='word_1_299' title='bbox 1177 2178 1334 2206; x_wconf 82' lang='lat' dir='ltr'><strong>evocatos</strong></span> <span class='ocrx_word' id='word_1_300' title='bbox 1359 2173 1383 2208; x_wconf 86' lang='lat' dir='ltr'><strong>i.</strong></span> <span class='ocrx_word' id='word_1_301' title='bbox 1410 2178 1446 2206; x_wconf 60' lang='lat' dir='ltr'><strong>ei</strong></span> 
     </span>
     <span class='ocr_line' id='line_1_34' title="bbox 59 2229 1442 2275; baseline 0.001 -13"><span class='ocrx_word' id='word_1_302' title='bbox 59 2230 120 2273; x_wconf 92' lang='lat' dir='ltr'><strong>qui</strong></span> <span class='ocrx_word' id='word_1_303' title='bbox 154 2231 335 2275; x_wconf 65' lang='lat' dir='ltr'><strong>stipendiis</strong></span> <span class='ocrx_word' id='word_1_304' title='bbox 367 2234 519 2266; x_wconf 81' lang='lat' dir='ltr'><strong>emeritis</strong></span> <span class='ocrx_word' id='word_1_305' title='bbox 554 2245 674 2266; x_wconf 84' lang='lat' dir='ltr'><strong>rursus</strong></span> <span class='ocrx_word' id='word_1_306' title='bbox 709 2233 751 2264; x_wconf 81' lang='lat' dir='ltr'><strong>ud</strong></span> <span class='ocrx_word' id='word_1_307' title='bbox 792 2241 891 2264; x_wconf 85' lang='lat' dir='ltr'><strong>arma</strong></span> <span class='ocrx_word' id='word_1_308' title='bbox 928 2229 1067 2262; x_wconf 66' lang='lat' dir='ltr'><strong>excitati</strong></span> <span class='ocrx_word' id='word_1_309' title='bbox 1105 2234 1227 2263; x_wconf 87' lang='lat' dir='ltr'><strong>essent.</strong></span> <span class='ocrx_word' id='word_1_310' title='bbox 1286 2230 1442 2274; x_wconf 83' lang='lat' dir='ltr'><strong>Laugius</strong></span> 
     </span>
     <span class='ocr_line' id='line_1_35' title="bbox 59 2287 1442 2333; baseline 0 -13"><span class='ocrx_word' id='word_1_311' title='bbox 59 2299 163 2330; x_wconf 79' lang='lat' dir='ltr'><strong>vex-0,</strong></span> <span class='ocrx_word' id='word_1_312' title='bbox 194 2301 299 2333; x_wconf 84' lang='lat' dir='ltr'><strong>quem</strong></span> <span class='ocrx_word' id='word_1_313' title='bbox 323 2291 430 2323; x_wconf 76' lang='lat' dir='ltr'><strong>etiam</strong></span> <span class='ocrx_word' id='word_1_314' title='bbox 454 2290 653 2333; x_wconf 70' lang='lat' dir='ltr'><strong>Herzogius</strong></span> <span class='ocrx_word' id='word_1_315' title='bbox 675 2288 852 2332; x_wconf 77' lang='lat' dir='ltr'><strong>sequitur,</strong></span> <span class='ocrx_word' id='word_1_316' title='bbox 887 2288 1009 2320; x_wconf 75' lang='lat' dir='ltr'><strong>electos</strong></span> <span class='ocrx_word' id='word_1_317' title='bbox 1033 2292 1066 2320; x_wconf 85' lang='lat' dir='ltr'><strong>et</strong></span> <span class='ocrx_word' id='word_1_318' title='bbox 1093 2291 1248 2320; x_wconf 76' lang='lat' dir='ltr'><strong>evocatos</strong></span> <span class='ocrx_word' id='word_1_319' title='bbox 1270 2287 1442 2330; x_wconf 79' lang='lat' dir='ltr'><strong>interpre-</strong></span> 
     </span>
     <span class='ocr_line' id='line_1_36' title="bbox 57 2343 1442 2393; baseline -0.001 -14"><span class='ocrx_word' id='word_1_320' title='bbox 57 2350 154 2380; x_wconf 85' lang='lat' dir='ltr'><strong>tatur</strong></span> <span class='ocrx_word' id='word_1_321' title='bbox 184 2359 266 2392; x_wconf 80' lang='lat' dir='ltr'><strong>quos</strong></span> <span class='ocrx_word' id='word_1_322' title='bbox 298 2349 473 2393; x_wconf 77' lang='lat' dir='ltr'><strong>selegerat</strong></span> <span class='ocrx_word' id='word_1_323' title='bbox 505 2354 538 2382; x_wconf 83' lang='lat' dir='ltr'><strong>et</strong></span> <span class='ocrx_word' id='word_1_324' title='bbox 573 2346 796 2386; x_wconf 78' lang='lat' dir='ltr'><strong>e&#39;vocavcrat‚</strong></span> <span class='ocrx_word' id='word_1_325' title='bbox 831 2354 921 2387; x_wconf 84' lang='lat' dir='ltr'><strong>quae</strong></span> <span class='ocrx_word' id='word_1_326' title='bbox 954 2343 1138 2386; x_wconf 73' lang='lat' dir='ltr'><strong>explicatio</strong></span> <span class='ocrx_word' id='word_1_327' title='bbox 1170 2355 1277 2386; x_wconf 84' lang='lat' dir='ltr'><strong>quum</strong></span> <span class='ocrx_word' id='word_1_328' title='bbox 1310 2356 1371 2388; x_wconf 88' lang='lat' dir='ltr'><strong>per</strong></span> <span class='ocrx_word' id='word_1_329' title='bbox 1405 2356 1442 2378; x_wconf 82' lang='lat' dir='ltr'><strong>se</strong></span> 
     </span>
     <span class='ocr_line' id='line_1_37' title="bbox 58 2401 1442 2450; baseline -0.002 -13"><span class='ocrx_word' id='word_1_330' title='bbox 58 2404 248 2437; x_wconf 78' lang='lat' dir='ltr'><strong>admodum</strong></span> <span class='ocrx_word' id='word_1_331' title='bbox 280 2406 424 2450; x_wconf 80' lang='lat' dir='ltr'><strong>languet</strong></span> <span class='ocrx_word' id='word_1_332' title='bbox 465 2410 605 2449; x_wconf 85' lang='lat' dir='ltr'><strong>propter</strong></span> <span class='ocrx_word' id='word_1_333' title='bbox 643 2414 789 2446; x_wconf 85' lang='lat' dir='ltr'><strong>sequens</strong></span> <span class='ocrx_word' id='word_1_334' title='bbox 832 2402 1009 2443; x_wconf 78' lang='lat' dir='ltr'><strong>subducit,</strong></span> <span class='ocrx_word' id='word_1_335' title='bbox 1052 2406 1127 2435; x_wconf 88' lang='lat' dir='ltr'><strong>tum</strong></span> <span class='ocrx_word' id='word_1_336' title='bbox 1167 2401 1299 2444; x_wconf 83' lang='lat' dir='ltr'><strong>pariter</strong></span> <span class='ocrx_word' id='word_1_337' title='bbox 1337 2405 1442 2445; x_wconf 86' lang='lat' dir='ltr'><strong>atque</strong></span> 
     </span>
     <span class='ocr_line' id='line_1_38' title="bbox 59 2457 1443 2505; baseline -0.003 -10"><span class='ocrx_word' id='word_1_338' title='bbox 59 2462 330 2505; x_wconf 83' lang='lat' dir='ltr'><strong>Bipoutinorum</strong></span> <span class='ocrx_word' id='word_1_339' title='bbox 353 2463 442 2497; x_wconf 86' lang='lat' dir='ltr'><strong>ratio</strong></span> <span class='ocrx_word' id='word_1_340' title='bbox 461 2464 634 2496; x_wconf 82' lang='lat' dir='ltr'><strong>vocabulo</strong></span> <span class='ocrx_word' id='word_1_341' title='bbox 649 2463 759 2495; x_wconf 78' lang='lat' dir='ltr'><strong>omnis</strong></span> <span class='ocrx_word' id='word_1_342' title='bbox 781 2459 885 2492; x_wconf 79' lang='lat' dir='ltr'><strong>valde</strong></span> <span class='ocrx_word' id='word_1_343' title='bbox 909 2459 1059 2500; x_wconf 81' lang='lat' dir='ltr'><strong>laborat,</strong></span> <span class='ocrx_word' id='word_1_344' title='bbox 1079 2457 1250 2501; x_wconf 72' lang='lat' dir='ltr'><strong>siquidem</strong></span> <span class='ocrx_word' id='word_1_345' title='bbox 1274 2458 1304 2491; x_wconf 88' lang='lat' dir='ltr'><strong>si</strong></span> <span class='ocrx_word' id='word_1_346' title='bbox 1328 2469 1443 2491; x_wconf 77' lang='lat' dir='ltr'><strong>omncs</strong></span> 
     </span>
     <span class='ocr_line' id='line_1_39' title="bbox 58 2515 1443 2565; baseline -0.003 -13"><span class='ocrx_word' id='word_1_347' title='bbox 58 2520 238 2561; x_wconf 72' lang='lat' dir='ltr'><strong>subduxit,</strong></span> <span class='ocrx_word' id='word_1_348' title='bbox 264 2532 376 2564; x_wconf 81' lang='lat' dir='ltr'><strong>neque</strong></span> <span class='ocrx_word' id='word_1_349' title='bbox 399 2521 531 2565; x_wconf 81' lang='lat' dir='ltr'><strong>eligere</strong></span> <span class='ocrx_word' id='word_1_350' title='bbox 556 2532 666 2565; x_wconf 74' lang='lat' dir='ltr'><strong>noque</strong></span> <span class='ocrx_word' id='word_1_351' title='bbox 688 2530 839 2553; x_wconf 85' lang='lat' dir='ltr'><strong>evocare</strong></span> <span class='ocrx_word' id='word_1_352' title='bbox 861 2527 948 2559; x_wconf 86' lang='lat' dir='ltr'><strong>opus</strong></span> <span class='ocrx_word' id='word_1_353' title='bbox 973 2522 1066 2556; x_wconf 80' lang='lat' dir='ltr'><strong>erat3</strong></span> <span class='ocrx_word' id='word_1_354' title='bbox 1092 2517 1282 2559; x_wconf 86' lang='lat' dir='ltr'><strong>eodemque</strong></span> <span class='ocrx_word' id='word_1_355' title='bbox 1304 2515 1443 2549; x_wconf 80' lang='lat' dir='ltr'><strong>nomine</strong></span> 
     </span>
     <span class='ocr_line' id='line_1_40' title="bbox 57 2572 1444 2621; baseline -0.004 -11"><span class='ocrx_word' id='word_1_356' title='bbox 57 2577 166 2610; x_wconf 83' lang='lat' dir='ltr'><strong>etiam</strong></span> <span class='ocrx_word' id='word_1_357' title='bbox 198 2578 338 2612; x_wconf 77' lang='lat' dir='ltr'><strong>Cortius</strong></span> <span class='ocrx_word' id='word_1_358' title='bbox 369 2578 638 2621; x_wconf 73' lang='lat' dir='ltr'><strong>vituperandus,</strong></span> <span class='ocrx_word' id='word_1_359' title='bbox 681 2578 740 2620; x_wconf 78' lang='lat' dir='ltr'><strong>qui</strong></span> <span class='ocrx_word' id='word_1_360' title='bbox 771 2576 854 2609; x_wconf 87' lang='lat' dir='ltr'><strong>licet</strong></span> <span class='ocrx_word' id='word_1_361' title='bbox 884 2576 988 2609; x_wconf 78' lang='lat' dir='ltr'><strong>lectos</strong></span> <span class='ocrx_word' id='word_1_362' title='bbox 1019 2573 1216 2618; x_wconf 81' lang='lat' dir='ltr'><strong>scripserit,</strong></span> <span class='ocrx_word' id='word_1_363' title='bbox 1251 2579 1367 2607; x_wconf 85' lang='lat' dir='ltr'><strong>tamen</strong></span> <span class='ocrx_word' id='word_1_364' title='bbox 1401 2572 1444 2604; x_wconf 81' lang='lat' dir='ltr'><strong>de</strong></span> 
     </span>
     <span class='ocr_line' id='line_1_41' title="bbox 58 2629 1440 2681; baseline -0.004 -13"><span class='ocrx_word' id='word_1_365' title='bbox 58 2636 193 2669; x_wconf 87' lang='lat' dir='ltr'><strong>delectu</strong></span> <span class='ocrx_word' id='word_1_366' title='bbox 217 2636 362 2681; x_wconf 81' lang='lat' dir='ltr'><strong>cogitat.</strong></span> <span class='ocrx_word' id='word_1_367' title='bbox 411 2636 480 2669; x_wconf 85' lang='lat' dir='ltr'><strong>Sed</strong></span> <span class='ocrx_word' id='word_1_368' title='bbox 503 2636 592 2669; x_wconf 82' lang='lat' dir='ltr'><strong>nihil</strong></span> <span class='ocrx_word' id='word_1_369' title='bbox 613 2635 703 2669; x_wconf 73' lang='lat' dir='ltr'><strong>inest</strong></span> <span class='ocrx_word' id='word_1_370' title='bbox 726 2634 940 2669; x_wconf 78' lang='lat' dir='ltr'><strong>difficultatis</strong></span> <span class='ocrx_word' id='word_1_371' title='bbox 964 2633 1000 2666; x_wconf 89' lang='lat' dir='ltr'><strong>iu</strong></span> <span class='ocrx_word' id='word_1_372' title='bbox 1023 2633 1122 2673; x_wconf 84' lang='lat' dir='ltr'><strong>loco,</strong></span> <span class='ocrx_word' id='word_1_373' title='bbox 1146 2631 1251 2663; x_wconf 89' lang='lat' dir='ltr'><strong>modo</strong></span> <span class='ocrx_word' id='word_1_374' title='bbox 1266 2655 1275 2672; x_wconf 93' lang='lat'><strong>‚</strong></span> <span class='ocrx_word' id='word_1_375' title='bbox 1317 2629 1440 2664; x_wconf 84' lang='lat' dir='ltr'><strong>melio-</strong></span> 
     </span>
     <span class='ocr_line' id='line_1_42' title="bbox 58 2685 1442 2736; baseline -0.005 -10"><span class='ocrx_word' id='word_1_376' title='bbox 58 2704 114 2727; x_wconf 83' lang='lat' dir='ltr'><strong>res</strong></span> <span class='ocrx_word' id='word_1_377' title='bbox 137 2694 235 2728; x_wconf 81' lang='lat' dir='ltr'><strong>codd.</strong></span> <span class='ocrx_word' id='word_1_378' title='bbox 257 2701 418 2735; x_wconf 81' lang='lat' dir='ltr'><strong>secutus,</strong></span> <span class='ocrx_word' id='word_1_379' title='bbox 451 2695 554 2729; x_wconf 78' lang='lat' dir='ltr'><strong>lectos</strong></span> <span class='ocrx_word' id='word_1_380' title='bbox 577 2699 692 2728; x_wconf 81' lang='lat' dir='ltr'><strong>teneas</strong></span> <span class='ocrx_word' id='word_1_381' title='bbox 716 2704 790 2728; x_wconf 80' lang='lat' dir='ltr'><strong>esse</strong></span> <span class='ocrx_word' id='word_1_382' title='bbox 819 2692 843 2726; x_wconf 88' lang='lat' dir='ltr'><strong>i.</strong></span> <span class='ocrx_word' id='word_1_383' title='bbox 869 2704 904 2736; x_wconf 87' lang='lat' dir='ltr'><strong>q.</strong></span> <span class='ocrx_word' id='word_1_384' title='bbox 939 2690 1106 2732; x_wconf 75' lang='lat' dir='ltr'><strong>eximios,</strong></span> <span class='ocrx_word' id='word_1_385' title='bbox 1130 2693 1365 2733; x_wconf 61' lang='lat' dir='ltr'><strong>praes-amics,</strong></span> <span class='ocrx_word' id='word_1_386' title='bbox 1391 2685 1442 2720; x_wconf 84' lang='lat' dir='ltr'><strong>uti</strong></span> 
     </span>
    </p>
   </div>
  </div>
 </body>
</html>
