1630 3034
406 207 752 252 CATILINA.
810 207 942 250 cAP.
972 205 1065 251 XX.
1371 210 1430 250 95

182 324 307 369 XX.
351 323 544 369 Catilina
577 325 653 369 ubi
689 339 791 381 eos,
837 338 950 382 quos
991 322 1150 382 paullo
1195 329 1297 368 ante
1331 338 1431 367 me-

19 417 234 474 -moravi,
270 416 526 460 convenisse
561 415 700 471 videt,
736 415 912 459 tametsi
945 428 1050 459 cum
1084 414 1268 474 singulis
1290 415 1432 459 multa

44 522 181 565 saepe
216 512 401 566 egerat,
447 513 598 550 tamen
643 507 688 550 in
723 521 819 550 rem
853 497 954 550 fore
989 505 1174 550 credens
1206 506 1432 550 universos

47 596 285 656 appellare
320 604 365 641 et
398 597 654 655 cohortari,
703 597 749 640 in
795 597 996 641 abditam
1038 603 1216 656 partem
1253 597 1433 640 aedium

44 688 238 740 secedit3
277 695 411 746 atque
458 689 544 744 ibi,
592 687 797 733 omnibus
841 687 1018 732 arbitris
1057 686 1222 746 procul
1257 687 1433 743 amotis,

44 779 292 826 orationem
325 779 639 824 huiuscemodi
674 779 846 823 habuit.

177 852 281 926 „Ni”
300 871 435 914 virtus
465 870 670 929 fidesque
702 877 851 915 vostra
884 874 1088 929 Spectata
1119 868 1233 914 mihi
1267 869 1428 925 forent,
1452 874 1481 913 2

43 1001 216 1037 eiusmodi
239 1012 379 1044 versus,
421 1002 483 1045 qui
522 1002 657 1047 optimo
700 1003 827 1047 cuique
867 1000 1031 1047 scriptori
1061 1000 1237 1036 interdum
1275 1000 1436 1035 inscienti

42 1060 264 1100 exciderunt,
289 1059 360 1092 VV.
386 1061 467 1094 DD.
493 1060 670 1095 ambitiosi
694 1061 916 1105 colligerunt.
965 1060 1130 1093 Sufficiat
1153 1059 1252 1093 nobis
1276 1060 1436 1093 laudasse

45 1117 108 1151 Fr.
140 1118 233 1162 Aug.
267 1117 435 1151 Wolfium
467 1119 512 1152 ad
536 1120 622 1153 Tne.
653 1119 742 1152 Ann.
766 1119 806 1159 1,
832 1119 866 1152 1.
897 1117 972 1152 init.
1005 1117 1192 1160 prudenter
1223 1122 1434 1159 monentem,

42 1186 164 1209 errare
185 1187 256 1216 eos,
281 1173 342 1218 qui
365 1175 401 1208 in
425 1176 482 1209 his
504 1177 675 1218 versibus,
703 1187 784 1209 casu
808 1175 910 1217 natis,
936 1175 1040 1209 altius
1063 1174 1230 1218 quiddam
1254 1179 1287 1208 et
1310 1185 1435 1207 recon-

44 1232 150 1266 ditius
177 1232 420 1275 *quaerendum
454 1237 625 1266 censeant.
652 1250 700 1257 ——
749 1234 891 1266 clientis
920 1232 945 1265 i.
977 1244 1008 1266 e.
1048 1232 1166 1276 gratia
1197 1235 1232 1265 et
1265 1231 1436 1265 beneficio

44 1290 114 1324 sibi
138 1290 328 1329 devinctos,
351 1290 474 1332 quales
499 1289 629 1322 Caesar
654 1290 697 1322 B.
722 1290 760 1325 C.
778 1291 806 1331 1,
824 1289 881 1324 75.
907 1290 1142 1333 beneficiarios
1168 1293 1280 1322 vocat.
1306 1289 1360 1323 cf.
1385 1288 1434 1321 ib.

42 1348 163 1389 11,18.
195 1359 328 1392 magna
360 1358 431 1380 esse
467 1346 608 1389 Pompei
642 1347 808 1390 beneficia
839 1352 875 1382 et
905 1358 1059 1392 magnas
1082 1347 1259 1380 clientelas
1283 1346 1319 1379 in
1351 1346 1437 1379 cite-

43 1406 139 1439 rim-e
155 1405 352 1449 provincim:
364 1403 504 1436 sciebat.

135 1463 214 1496 XX.
239 1464 270 1503 S.
297 1461 401 1494 lmoe’n
424 1472 496 1493 rem
515 1460 618 1504 sore]
651 1461 690 1494 In
710 1461 757 1495 Vl
780 1462 879 1495 codd.
905 1461 1119 1496 LeiddATII
1143 1461 1263 1494 Guelf.
1288 1461 1381 1494 Run.
1400 1459 1435 1493 1.

43 1519 152 1554 ἤδη·
169 1520 201 1553 1.
227 1519 375 1552 Ecmsds
401 1519 531 1552 Arond.
553 1518 686 1563 legitur
710 1519 745 1552 in
768 1531 829 1563 re,
862 1524 984 1553 contra
1017 1531 1121 1553 nsum
1145 1517 1294 1552 dicendi.
1343 1517 1437 1550 Lau-

43 1576 370 1610 ‹lavinam-Ter.
397 1576 543 1609 Phorm-
565 1576 592 1616 1,
612 1574 647 1615 3,
665 1574 698 1608 9.
734 1587 823 1621 quae
847 1577 889 1610 in
912 1589 1001 1610 rem
1025 1582 1124 1611 tuam
1147 1578 1235 1617 sint,
1266 1587 1310 1609 ea
1332 1576 1437 1608 velim

37 1634 158 1677 facias
180 1633 278 1667 mihi.
316 1633 470 1667 Gronov.
504 1634 550 1667 ad
574 1632 651 1668 Liv.
672 1633 785 1671 XXX,
807 1634 841 1668 4.
877 1636 1028 1679 quaein
1062 1646 1135 1668 rem
1167 1638 1281 1667 erant.
1339 1632 1437 1666 Adde

43 1691 234 1724 Ruhnken.
267 1690 314 1723 ad
346 1691 429 1724 Ter.
470 1691 576 1723 Andr.
606 1691 667 1731 ΙΙΙ,
693 1690 728 1732 3,
758 1691 816 1727 14.
874 1692 1013 1726 Dicitur
1044 1693 1151 1726 etiam
1180 1692 1304 1725 eodem
1336 1700 1437 1723 sensu

44 1748 185 1788 obrem,
204 1747 291 1780 Sall.
312 1746 578 1792 lug.Xxxl,5.
603 1752 639 1780 et
663 1758 704 1780 ex·
727 1758 765 1780 re
789 1747 873 1782 Ter.
898 1750 1042 1783 Phorm.
1056 1751 1098 1792 V,
1117 1748 1220 1791 7,76.
1244 1748 1290 1782 cf.
1310 1747 1438 1780 Ruhn-

43 1804 123 1838 ken.
151 1805 196 1838 ad
219 1806 263 1846 11,
282 1804 316 1846 2,
338 1805 395 1838 41.
416 1823 462 1831 -
498 1805 643 1837 Secedit.
668 1805 720 1838 lta
744 1806 826 1839 Bas.
857 1807 889 1839 1.
916 1807 1002 1841 ΝΜ.
1031 1807 1204 1841 Commel.
1228 1805 1306 1839 Pal.
1326 1804 1360 1838 5.
1380 1803 1440 1837 12.

42 1862 278 1906 permultique
295 1862 405 1895 Cortii
424 1862 528 1902 libri3
546 1861 608 1895 alii
629 1860 744 1894 minus
763 1863 867 1905 probi
883 1865 1030 1907 secessit,
1046 1865 1137 1907 quod
1151 1862 1290 1897 librarii
1300 1866 1440 1905 propter

43 1929 189 1961 sequens
213 1920 336 1952 habuit
359 1919 570 1952 maluerunt.
608 1917 678 1951 Sed
704 1923 742 1952 ut
765 1919 954 1955 Sallustius
978 1922 1178 1965 frequenter
1201 1932 1244 1953 ex
1266 1919 1440 1953 infinitivo

43 1975 213 2009 historico
240 1976 365 2010 transit
396 1976 432 2009 in
464 1976 711 2019 imperfectum
742 1980 778 2008 et
810 1983 953 2018 contra,
987 1978 1038 2012 ita
1069 1977 1243 2021 praesenti
1272 1976 1440 2010 historico

44 2033 205 2077 adiungit
228 2034 440 2076 perfectum,
465 2033 639 2076 quomodo
663 2033 757 2075 apud
779 2033 858 2068 Liv.
882 2036 922 2077 V,
939 2035 998 2077 5⁰,
1017 2035 1050 2068 1.
1085 2035 1313 2078 praeteritum
1344 2033 1441 2067 exci-

43 2090 99 2134 pit
131 2102 315 2135 praesens,
358 2091 509 2123 omnium
538 2092 689 2133 primum
728 2103 818 2135 quae
853 2093 901 2125 ad
935 2094 1015 2126 deos
1042 2092 1266 2136 pertinebant
1298 2091 1441 2129 retulit;

47 2152 82 2181 et
115 2149 447 2181 senatusconsultum
463 2149 557 2190 facit
581 2152 644 2182 cet.
679 2149 723 2182 cf.
750 2149 790 2183 F.
815 2149 856 2183 A.
880 2150 991 2183 W'ols.
1017 2150 1062 2183 ad
1085 2149 1200 2182 Tacit.
1225 2149 1312 2182 Anu.
1340 2149 1386 2188 ΙΙ,
1406 2147 1441 2189 7,

46 2203 124 2239 init.
176 2207 307 2240 Caesar
333 2206 458 2239 Silium
491 2206 717 2249 irruptionem
741 2207 778 2240 in
803 2207 923 2240 Cattos
947 2209 1071 2249 facere
1095 2207 1252 2246 iubet3
1285 2206 1358 2249 ipse
1381 2215 1441 2237 sex

48 2261 201 2306 legiones
225 2275 263 2296 eo
287 2264 443 2304 duxit,
474 2262 536 2296 ubi
567 2263 768 2303 Ernesfius,
803 2263 910 2298 huius
943 2276 1025 2298 usus
1060 2264 1225 2307 ignarus,
1256 2272 1441 2306 perperam

16 2337 23 2341 κ
49 2319 146 2353 ducit
169 2321 390 2354 scribendum
411 2320 556 2355 censuit.
602 2320 720 2354 lustin.
741 2321 814 2362 vll,
836 2321 869 2362 6,
889 2322 922 2355 9.
949 2322 1169 2355 Thessaliam
1194 2325 1443 2365 expugnat,

47 2387 221 2421 unumque
256 2388 377 2421 corpus
416 2379 567 2421 equitum
594 2378 874 2421 pedestriumque
914 2379 1091 2421 copiarum
1123 2379 1243 2412 invicti
1274 2378 1443 2412 exercitus

42 2435 71 2476 s
76 2444 93 2466 e
107 2434 180 2467 cit.
239 2434 291 2467 Ne
322 2438 439 2468 tamen
473 2439 662 2478 utrumque
694 2438 831 2477 tempus
871 2435 1001 2469 arctius
1029 2436 1232 2479 copuletur,
1275 2434 1443 2468 semicolo

48 2490 338 2535 interpunximus,
362 2496 412 2533 ut,
438 2492 594 2525 subiecto
616 2493 730 2524 denuo
755 2492 922 2535 cogitato,
945 2503 1039 2526 nova
1061 2492 1260 2526 enunciatio
1283 2492 1442 2536 incipiat,

49 2558 118 2590 quo
142 2548 330 2581 sententiae
352 2549 405 2582 vis
428 2550 524 2582 haud
547 2549 666 2593 paullo
692 2554 854 2594 augetur.

143 2606 175 2646 §.
193 2604 227 2638 2.
260 2606 438 2650 speciata]
464 2608 501 2640 ln
513 2607 623 2640 tribus
637 2605 767 2647 Leidd„
785 2612 864 2639 octo
881 2606 1027 2646 Guelss'„
1049 2606 1237 2640 Bern.1.2.
1263 2606 1438 2640 Tur.l.2.

49 2659 153 2693 Rem.
174 2661 206 2694 l.
230 2663 307 2694 Vin.
332 2663 366 2698 2.
391 2663 474 2697 Bas.
500 2664 534 2698 3.
577 2663 725 2697 Eceard.
758 2667 793 2696 et
816 2668 983 2707 quattuor
1005 2663 1137 2697 Vaticc.
1171 2669 1224 2697 est
1253 2665 1340 2698 satis
1363 2675 1440 2707 spe-

51 2720 168 2758 ctata3
192 2717 228 2751 in
251 2719 372 2754 Leidd.
397 2720 437 2754 F.
461 2722 509 2756 Η.
532 2721 584 2757 Μ.
607 2726 642 2755 et
665 2721 772 2757 Bern.
796 2720 831 2754 3.
863 2725 1022 2764 spectata
1053 2722 1157 2762 satis;
1188 2722 1248 2756 sed
1283 2721 1319 2754 in
1350 2721 1442 2765 opti-
