1630 3034
210 174 295 220 598
572 169 616 210 C.
657 167 973 209 SALLUSTI
1015 168 1234 211 CRISPI

211 300 318 332 vum
357 283 474 336 redit
519 283 579 328 ad
617 284 883 342 Bocchum,
931 290 975 328 et
1021 285 1062 328 ei
1106 286 1286 330 nunciat
1329 286 1596 347 Iugurtham

212 398 380 445 cupere
415 382 586 439 omnia,
622 397 738 441 quae
773 383 1124 443 imperarentur,
1158 383 1337 441 facere,
1373 384 1453 428 sed
1489 383 1596 428 Ma·-

213 482 280 527 rio
330 491 494 542 parum
535 479 700 534 fidere3
746 495 886 540 saepe
936 485 1066 524 antea
1111 495 1214 526 cum
1256 481 1598 542 imperatoribus

214 636 307 682 quod
340 635 550 672 Gerlacbius
581 635 618 671 in
649 640 797 681 utraque
829 638 883 673 ed.
914 637 1058 683 recepit,
1091 638 1127 673 in
1159 639 1368 673 Commentt.
1392 650 1426 684 p.
1452 637 1533 673 335.
1556 649 1599 673 eo

213 698 411 740 defendens,
433 698 525 742 qnod
546 699 693 744 gravius
715 699 847 734 dictum
871 699 927 735 sit.
951 699 1021 733 Sed
1042 700 1087 734 ob
1106 699 1139 733 id
1164 700 1280 744 ipsum
1300 698 1386 733 ferri
1408 710 1478 733 non
1501 710 1602 744 posse

214 763 308 800 recte
330 759 461 798 iudicat
482 761 609 795 Faber.
643 761 733 796 Nam
758 773 866 805 quum
891 762 1101 797 denunciare
1124 761 1297 806 significet
1319 763 1379 795 aut
1398 761 1603 806 praedicere

214 820 351 865 aliquid
367 820 530 865 futurum
555 833 641 864 esse‚·
660 826 721 856 aut
744 823 872 857 minari
896 823 978 867 aliq.
1003 833 1098 863 rem,
1129 825 1291 855 neutrum
1314 821 1399 855 huic
1421 822 1498 856 loco
1522 833 1604 855 con-

215 880 322 924 venit,
345 881 405 915 ubi
429 882 633 928 simpliciter
656 883 698 916 dc
720 884 863 918 ferendo
887 885 1013 918 nuncio
1037 882 1165 927 agitur.
1191 899 1235 907 —
1268 883 1366 925 Quae
1389 883 1602 927 imperaren-

214 945 274 982 tur
297 942 424 983 facere
454 943 638 978 deditionis
666 945 860 979 formulam
889 955 967 980 esse
989 945 1062 980 iam
1084 942 1285 977 monuimus
1310 943 1356 978 ad
1379 955 1410 977 c.
1433 944 1544 986 LXII,
1567 943 1603 979 3.

215 1021 262 1030 -—
287 1003 417 1037 Parum
444 1005 608 1048 sidere
641 1006 730 1039 bene
761 1006 864 1041 multi
894 1007 994 1040 codd.
1029 1004 1216 1045 exhibent3
1240 1003 1277 1037 in
1300 1004 1527 1049 paucioribus
1551 1008 1603 1040 est

212 1075 250 1110 p.
274 1066 383 1108 conf
388 1065 484 1100 ider
496 1077 534 1108 e,
567 1067 660 1109 quod
684 1078 706 1101 a
730 1067 850 1101 Curtio
873 1071 909 1101 et
936 1064 1126 1101 Gerlachio
1148 1069 1328 1108 receptum
1350 1066 1602 1110 improbamus,

215 1135 325 1169 quum
358 1128 601 1162 tautummodo
633 1128 677 1162 de
707 1130 821 1170 rebus,
856 1139 926 1162 non
959 1127 1003 1162 de
1034 1127 1191 1172 personis
1223 1127 1370 1162 dicatur.
1394 1147 1439 1153 -—
1476 1126 1605 1161 Pacem

216 1192 479 1228 conventam
501 1187 525 1222 i.
549 1200 580 1222 e.
602 1199 726 1234 pacem
750 1201 861 1235 quae
886 1190 1198 1232 convenisset,
1223 1188 1516 1233 quemadmodum
1540 1199 1605 1222 au-

216 1250 292 1282 otor
313 1259 422 1292 supra
443 1249 583 1283 locutus
605 1253 681 1288 erat
703 1262 733 1283 c.
761 1251 957 1292 XXXVIII,
985 1250 1040 1286 10.
1076 1251 1268 1285 Conventus
1291 1250 1528 1294 participium,
1551 1249 1606 1284 in-

213 1308 367 1351 solenter
391 1300 443 1345 ita
464 1315 691 1355 usurpatum,
723 1315 762 1346 ut
794 1313 954 1356 passivae
976 1313 1112 1346 formae
1143 1311 1381 1346 intrausifivus
1407 1322 1527 1345 sensns
1548 1310 1606 1352 sit,

216 1369 280 1404 vix
315 1371 405 1406 alias
437 1372 645 1416 reperiatur,
681 1372 749 1407 nisi
783 1372 819 1406 in
853 1373 1010 1406 formula
1039 1377 1181 1417 pactum
1211 1376 1413 1406 conventum
1447 1371 1539 1415 (Cic.
1563 1371 1607 1405 de

217 1430 316 1473 Brut.
349 1432 396 1474 11,
428 1432 496 1475 24,
529 1434 609 1468 100.
636 1434 758 1469 Partit.
785 1438 872 1468 orat.
898 1446 929 1467 c.
953 1434 1018 1476 37,
1042 1433 1146 1477 130.)
1171 1437 1232 1468 aut
1254 1433 1318 1476 ita,
1343 1437 1382 1467 ut
1404 1437 1605 1467 conventum

216 1491 253 1526 vi
274 1493 488 1528 substantivi
510 1494 684 1540 significet
715 1495 774 1539 id,
807 1496 899 1540 quod
931 1495 1112 1536 convenit,
1145 1493 1170 1528 i.
1195 1505 1225 1528 e.
1249 1494 1526 1536 conventionem,
1556 1493 1601 1530 cf.

217 1553 287 1588 cic.
312 1554 356 1593 de
379 1555 450 1589 off.
474 1555 536 1598 111,
562 1555 619 1598 25,
647 1555 703 1591 95.
746 1558 850 1592 stare
874 1556 1124 1591 conventis.

309 1616 340 1656 §.
366 1615 401 1651 3.
443 1616 474 1649 si
504 1617 668 1652 ambobus
701 1619 892 1652 consultum
921 1637 966 1643 —
998 1616 1126 1661 vellet]
1175 1616 1230 1650 De
1261 1615 1329 1649 hac
1363 1618 1538 1651 structura
1569 1627 1603 1650 v.

218 1673 264 1716 ad
289 1685 319 1708 c·
347 1675 430 1717 CX,
455 1675 489 1710 6.
522 1696 566 1701 —
600 1679 642 1711 In
663 1684 944 1723 potestatem
969 1678 1145 1713 habuisset
1169 1677 1336 1720 praebent
1358 1677 1483 1721 optimi
1506 1678 1606 1713 codd.

218 1733 302 1769 Bas.
337 1735 369 1770 1.
403 1736 516 1772 Paris.
549 1738 584 1772 b.
622 1749 653 1772 c.
687 1750 719 1772 x.
753 1751 784 1773 z.
819 1740 940 1774 Guelf.
973 1741 1006 1774 4.
1040 1739 1096 1772 11.
1119 1738 1228 1771 Acad.
1252 1739 1400 1779 Franc.;
1423 1738 1460 1772 in
1483 1738 1607 1773 ceteris

217 1794 355 1830 librarii
388 1797 555 1831 dederunt
585 1799 622 1832 in
651 1805 890 1844 potestate
923 1801 978 1844 1ι.,
1012 1799 1198 1834 nescientes
1230 1802 1366 1833 veteres
1396 1799 1493 1833 haud
1525 1811 1606 1834 raro

218 1855 345 1890 dixisse
377 1858 413 1892 in
439 1863 647 1902 potestatem
672 1871 745 1895 esse
771 1862 827 1895 vel
855 1862 994 1901 habere.
1019 1862 1062 1895 cf.
1089 1859 1162 1894 Cic.
1186 1870 1219 1903 p.
1244 1859 1267 1892 Ι.
1293 1859 1387 1894 Man.
1413 1872 1441 1893 c.
1466 1860 1523 1901 12,
1546 1861 1604 1896 33.

221 1917 333 1960 Quum
362 1923 492 1953 vestros
521 1925 642 1963 portus
676 1921 721 1954 in
752 1924 965 1965 praedonum
991 1921 1148 1966 fuisse
1169 1925 1453 1964 potestatem
1475 1922 1604 1957 sciatis.

219 1977 294 2014 Liv.
321 1978 372 2019 ll,
396 1978 462 2020 14,
486 1979 520 2014 4.
570 1981 668 2023 Quae
693 1982 837 2025 (auctio
855 1983 1054 2026 fortunae)
1086 1993 1128 2015 ne
1153 1981 1198 2014 in
1220 1987 1501 2025 potestatem
1525 1984 1606 2028 qui-

219 2039 296 2072 dem
317 2041 436 2084 populi
463 2041 612 2075 Romani
636 2049 770 2085 esset,
795 2043 856 2077 ubi
881 2044 1004 2088 intprr.
1029 2044 1131 2087 plura
1153 2043 1382 2077 contulerunt.
1406 2042 1453 2079 id.
1479 2045 1605 2086 xxiv,

219 2099 253 2140 1,
277 2098 333 2133 13.
385 2101 471 2135 Urbs
503 2107 643 2146 pateret
678 2103 823 2147 Poenis,
859 2110 979 2149 portus
1011 2107 1055 2138 in
1075 2109 1357 2150 potestatem
1383 2105 1604 2140 Locrensium

219 2164 348 2194 esset.
382 2161 498 2196 Vaier.
531 2163 627 2197 Max.
648 2161 688 2207 Ἰ,
720 2163 754 2199 6.
810 2165 907 2198 Veios
937 2166 981 2199 in
1005 2169 1289 2209 potestatem
1310 2166 1431 2209 populi
1454 2166 1606 2201 Romani

214 2222 416 2263 futuros.
452 2222 549 2256 Caes.
582 2224 625 2258 B.
652 2225 691 2259 C.
725 2226 751 2268 Ι,
783 2224 841 2267 25,
873 2225 908 2260 3.
958 2227 1033 2269 Quo
1059 2227 1203 2270 facilius
1234 2236 1333 2259 omne
1358 2226 1605 2262 Hadriaticum

219 2291 316 2315 mare
346 2282 392 2316 in
421 2288 706 2326 potestatem
737 2286 935 2326 haberet.
969 2289 1069 2323 Auct.
1099 2287 1142 2321 B.
1175 2286 1344 2329 Hisp.-c.
1379 2288 1539 2331 xxxw,
1570 2289 1606 2325 l.

219 2341 352 2387 Legati
373 2344 640 2388 renunciarunt,
663 2346 754 2391 quod
780 2347 976 2392 Pompeium
1000 2349 1043 2382 in
1063 2352 1346 2393 potestatem
1370 2349 1604 2385 haberent.

219 2403 266 2436 cf.
292 2403 382 2437 Gen.
407 2405 434 2447 1,
459 2404 494 2438 7.
528 2405 643 2449 Quam
674 2410 886 2443 structuram
917 2409 976 2453 qui
1009 2409 1235 2453 praeuntibus
1258 2408 1380 2443 Vossio
1403 2409 1446 2442 de
1470 2411 1605 2445 Constr.

220 2475 249 2497 c.
273 2464 377 2499 bxv.
399 2477 433 2509 p.
458 2465 537 2500 252.
563 2467 683 2501 Cortio
706 2469 750 2502 ad
773 2469 876 2504 Catil.
901 2482 929 2502 e.
956 2470 1058 2514 XIX,
1080 2469 1135 2511 8.,
1159 2470 1252 2511 aliis,
1275 2470 1326 2503 ita
1348 2471 1543 2514 explicant,
1567 2475 1605 2505 ut

219 2526 457 2560 accusativum
488 2539 552 2571 pro
583 2528 741 2564 ablativo
771 2527 1013 2575 ἅρχαϊστικῶς
1038 2531 1190 2576 positum
1214 2531 1352 2573 dicant,
1375 2531 1603 2575 quemadmo-

218 2585 301 2618 dum
336 2587 469 2632 Langia
502 2594 535 2623 et
568 2591 758 2626 Gerlachiu
791 2591 937 2632 videtur,
971 2592 995 2625 ii
1023 2593 1112 2626 nihii
1137 2593 1238 2636 piane
1262 2597 1419 2638 egerunt,
1444 2604 1476 2627 v.
1500 2593 1544 2626 ad
1569 2605 1600 2629 e.

220 2646 330 2688 XVII,
364 2647 398 2681 8.
433 2660 466 2691 p.
501 2648 578 2683 102.
626 2650 703 2684 Non
730 2653 856 2686 melius
874 2664 949 2687 rem
972 2654 1143 2697 perspexit
1168 2653 1303 2687 Gellius
1327 2655 1353 2695 I,
1379 2654 1424 2696 7.,
1449 2653 1509 2697 qui
1533 2665 1602 2688 non

219 2706 327 2741 eiiam
359 2710 548 2744 accusativi
581 2712 727 2754 ponendi
759 2724 918 2748 caussam
947 2726 1020 2748 esso
1043 2714 1138 2756 dicit,
1163 2725 1268 2758 quam
1292 2714 1482 2759 gmtiorem
1505 2714 1598 2749 auri-

218 2767 283 2802 bus
306 2778 439 2811 sonum,
463 2770 633 2814 siquidem
666 2774 882 2810 accusativus
915 2775 1097 2812 iucundius
1117 2775 1201 2820 quid
1223 2774 1353 2809 habeat
1378 2779 1483 2820 atquo
1506 2785 1600 2810 oom-
