1630 3034
107 198 223 268 '130
511 216 558 260 c.
589 216 918 260 SALLUSTI
947 216 1162 260 CRISPI

105 341 284 380 7totum
332 334 424 379 eius
476 348 670 394 regnum
718 332 864 377 animo
910 332 1000 376 iam
1050 333 1281 377 invaserat.
1377 333 1532 392 ltaque

139 446 252 487 non,
297 436 348 475 ut
386 436 541 487 antea,
590 445 691 475 cum
725 428 1012 489 praedatoria
1047 444 1207 485 manu,
1253 429 1333 474 sed
1365 444 1532 490 magno

143 528 338 572 exercitu
374 533 636 587 comparato
668 526 838 571 bellum
883 541 1045 586 gerere
1091 527 1245 586 coepit
1288 532 1332 570 et
1376 532 1534 586 aperte

104 621 271 677 gto'tius
328 624 566 668 Numidiae
614 623 853 683 imperium
909 628 1078 683 petere.
1172 622 1385 667 Ceterum
1444 638 1534 681 qua

137 797 188 831 Eo
210 795 350 831 facilius
370 799 488 831 autem
509 794 578 829 ista
596 794 796 834 coniectura
818 806 937 829 carere
963 806 1167 840 possumus,
1201 806 1309 839 quum
1334 805 1442 839 neque
1472 805 1534 838 per

135 869 173 891 se
190 868 269 890 eam
286 857 360 890 vim
378 857 509 890 habeat
521 882 530 897 ,
557 859 595 889 ut
613 867 838 902 praegressae
856 857 1091 891 enunciationi
1103 883 1112 901 ,
1140 869 1205 891 non
1225 857 1340 890 formai
1355 856 1413 889 sed
1432 866 1535 889 sensu

137 917 373 959 concessivae,
400 916 653 950 consectariam
674 917 880 951 sententiam
901 917 1106 962 negativam
1132 917 1292 958 adiiciat,
1323 927 1415 960 quae
1443 915 1535 950 ratio

136 977 256 1011 addita
276 983 390 1011 tamen
411 977 584 1020 particula
600 988 667 1011 uon
683 982 858 1020 mutatur,
884 980 941 1012 sed
961 978 1203 1012 tantummodo
1220 976 1350 1010 clarior
1367 976 1534 1012 redditur.

137 1039 184 1071 cf.
216 1038 400 1071 Bremium
428 1037 471 1070 ad
509 1037 595 1080 Nep.
629 1038 760 1082 Agesil.
781 1051 809 1072 c.
832 1040 871 1080 Ι,
897 1039 929 1074 4.
946 1039 1114 1072 Kuehner
1133 1039 1176 1073 ad
1197 1038 1268 1071 Cic.
1285 1038 1414 1072 Tusce.
1439 1037 1476 1079 1,
1499 1037 1535 1071 2.

137 1098 171 1132 4.
196 1110 231 1132 V.
256 1099 350 1132 infra
377 1110 407 1131 e.
436 1098 544 1139 LVII,
568 1098 601 1132 3.
628 1099 791 1132 Ceterum
817 1099 920 1133 nihili
950 1103 1019 1141 est,
1054 1100 1150 1143 qnod
1182 1098 1393 1132 Gerlachius
1417 1098 1536 1143 magis

138 1170 206 1191 non
222 1171 303 1193 cum
320 1159 563 1200 minuebatur,
587 1160 644 1192 sed
666 1171 745 1193 cum
775 1172 813 1194 eo
838 1160 1003 1205 coniungi
1030 1161 1129 1202 vnlt3
1154 1159 1257 1204 quasi
1287 1171 1356 1193 non
1387 1163 1536 1202 utraque

140 1231 204 1253 vox
230 1221 274 1254 ad
293 1221 441 1253 verbum
463 1220 657 1263 pertineat?
686 1222 815 1254 Eadem
836 1226 886 1255 est
904 1222 995 1255 ratio
1018 1222 1177 1255 Iocorum
1206 1220 1251 1254 ab
1277 1221 1352 1264 ipso
1374 1220 1536 1254 laudato-

137 1292 241 1323 rum,
272 1281 360 1324 Nep.
388 1282 488 1314 Eum.
518 1281 587 1321 lv,
612 1281 645 1314 2.
678 1275 798 1323 Pelop.
828 1281 870 1324 I,
896 1281 930 1316 3.
966 1283 1070 1316 Paus.
1101 1283 1172 1322 III,
1198 1281 1231 1315 5.
1255 1292 1345 1325 quae
1371 1281 1477 1314 simul
1490 1280 1536 1314 ad

137 1352 238 1374 usum
256 1352 365 1385 neque
386 1341 578 1383 particulae
599 1341 877 1375 confirmandum
899 1341 1022 1377 valent.
1044 1363 1085 1368 —
1104 1344 1156 1376 Ad
1180 1354 1319 1376 sensum
1345 1342 1536 1375 verborum

138 1412 285 1446 reguum
317 1402 434 1434 animo
461 1401 531 1434 iam
557 1403 735 1436 invacerat
760 1402 918 1436 Wassius
941 1403 1029 1437 bene
1046 1403 1266 1448 comparavit
1285 1403 1358 1436 Cic.
1380 1402 1415 1436 in
1433 1402 1533 1436 Verr-

138 1463 166 1503 1,
188 1462 246 1504 51,
271 1462 350 1496 135.
379 1463 458 1503 Iste,
484 1462 543 1506 qui
564 1463 635 1496 iam
657 1474 736 1507 spe
765 1470 805 1498 et
832 1465 1053 1509 opinione
1081 1465 1252 1508 praedam
1273 1464 1370 1497 illam
1393 1464 1536 1497 devo-

136 1533 265 1556 rasse
279 1528 305 1556 t.
334 1523 384 1555 Id.
407 1523 493 1565 Epp.
513 1523 556 1556 ad
576 1523 679 1557 Attio.
705 1525 744 1568 1,
769 1524 836 1566 16,
863 1538 897 1569 p.
923 1526 1013 1558 med.
1040 1527 1097 1559 ille
1117 1529 1233 1558 autem
1250 1526 1345 1569 regis
1361 1525 1535 1558 heredita·

136 1587 206 1617 tem
240 1594 321 1626 spe
364 1583 697 1619 devoraverat.
741 1585 865 1619 Cetera
895 1586 1054 1629 exempla
1085 1596 1105 1618 a
1135 1585 1252 1618 Cortio
1277 1591 1313 1620 et
1344 1584 1536 1620 Gerlachio

136 1644 243 1679 allata
269 1644 371 1686 plane
398 1643 514 1677 aliena
546 1648 635 1679 sunt.
660 1664 706 1669 —
726 1647 796 1679 Pro
816 1647 921 1680 totius
944 1647 1132 1679 Numidiae
1160 1647 1339 1689 imperium
1357 1644 1392 1678 in
1414 1644 1534 1677 StruV·

136 1708 171 1738 et
196 1704 312 1739 Guelf.
347 1704 381 1738 4.
413 1708 464 1737 cst
493 1709 554 1737 tot.
587 1705 666 1747 imp.
698 1706 801 1739 Num.
820 1731 829 1747 ,
855 1707 944 1749 quod
976 1717 1042 1739 non
1073 1707 1276 1746 reiicerem,
1301 1705 1330 1738 si
1354 1705 1471 1747 plures
1491 1713 1535 1737 ac

136 1765 300 1798 meliores
316 1764 400 1798 libri
421 1765 685 1806 confirmarent;
712 1778 742 1800 v.
767 1768 810 1800 ud
831 1767 906 1800 Cot.
928 1768 967 1800 LI
985 1791 994 1807 ,
1028 1766 1086 1799 33.
1109 1787 1154 1792 —
1174 1767 1257 1799 Post
1283 1766 1376 1799 urbis
1399 1764 1535 1798 scribae

137 1824 173 1858 in
193 1824 316 1859 Leidd.
341 1826 383 1859 D.
411 1826 449 1859 Ε.
479 1825 635 1859 inserunt
662 1833 787 1871 atque,
812 1828 948 1861 seilicet
977 1827 1166 1871 asyndeton
1196 1837 1264 1859 non
1289 1828 1460 1867 serentes,
1492 1825 1535 1858 de

136 1896 205 1928 quo
237 1885 389 1919 diximus
414 1888 458 1921 ad
487 1888 563 1922 Cat.
594 1889 682 1929 XX,
707 1888 741 1921 2.
773 1891 806 1921 et
841 1888 885 1922 ad
915 1888 1045 1929 XLIII,
1065 1888 1098 1921 2.
1124 1885 1301 1930 Exemplis
1316 1885 1366 1919 ibi
1386 1884 1536 1919 laudatis

135 1945 210 1979 iam
229 1945 389 1980 addimus
405 1947 484 1982 Cat.
510 1949 562 1990 X,
586 1948 618 1982 2.
644 1949 698 1982 his
714 1948 844 1990 otium,
876 1949 1022 1983 divitiae
1051 1948 1146 1981 oneri
1172 1947 1399 1991 miseriaeque
1419 1948 1533 1988 suere.

133 2006 213 2051 lug.
250 2008 348 2049 xw,
384 2008 441 2042 11.
474 2021 529 2043 me
555 2015 735 2054 *extorrem
766 2009 946 2053 patria,
980 2010 1030 2042 do
1043 2020 1104 2042 mo
1138 2009 1260 2052 effecit.
1295 2006 1476 2046 LXXXV,
1498 2004 1531 2039 ⁷.

135 2067 188 2101 ita
201 2068 282 2111 sui,
311 2073 350 2102 ut
372 2080 488 2104 omnes
506 2071 707 2111 labores,
732 2070 952 2114 pericula
975 2074 1136 2103 consueta
1160 2069 1319 2102 habeam.
1336 2068 1423 2101 Tne.
1445 2067 1532 2103 Anu.

136 2127 207 2169 XI,
230 2128 298 2170 24,
322 2129 356 2163 2.
394 2136 432 2165 ut
466 2137 652 2173 terrae,
686 2135 855 2175 gentes
885 2131 920 2163 in
953 2142 1075 2164 nomen
1109 2135 1264 2164 vostrum
1292 2129 1532 2162 coalescerent.

135 2189 235 2230 xlv,
258 2188 303 2222 31
317 2213 328 2230 ,
351 2189 387 2224 4.
416 2191 576 2223 veterani
592 2191 759 2235 (incolas)
775 2192 951 2235 pellebant
976 2192 1144 2230 domibus,
1163 2190 1394 2224 exturbabant
1420 2189 1532 2235 agris,

135 2251 372 2294 captivos,
397 2261 556 2285 servos
579 2252 799 2295 appellando.
847 2252 1002 2286 Praedas
1026 2251 1172 2295 pluralis
1196 2262 1218 2285 a
1241 2253 1359 2284 nostro
1381 2260 1447 2283 usu
1470 2249 1534 2283 ub-

135 2309 278 2353 horret,
311 2322 380 2344 non
413 2310 498 2344 item
531 2321 553 2345 a
577 2311 715 2347 Latino.
741 2313 789 2346 cf.
814 2314 891 2358 lug.
917 2313 1072 2355 XXXII,
1099 2312 1133 2346 4.
1162 2312 1260 2353 XLI,
1283 2310 1318 2346 7.
1345 2310 1473 2351 XLIV,
1495 2307 1531 2343 5.

85 2367 90 2373 '
136 2369 368 2412 LXXXVIII,
400 2370 433 2405 8.
467 2370 543 2405 biv.
578 2372 711 2413 xxiv,
742 2374 810 2418 20,
847 2373 880 2407 4.
914 2375 1001 2418 Nep.
1034 2374 1165 2408 Chabr.
1195 2385 1227 2407 c.
1261 2373 1313 2413 II,
1339 2371 1379 2406 3.
1400 2371 1532 2405 Causa

136 2430 285 2473 pluralis
310 2431 447 2465 numeri
471 2432 604 2475 patebit
629 2445 670 2466 ex
695 2434 798 2468 dictis
821 2434 865 2468 ad
891 2435 967 2468 Cat.
996 2435 1070 2476 XV,
1093 2433 1128 2468 4.
1153 2446 1186 2478 p.
1210 2434 1269 2467 77.
1294 2453 1341 2458 —
1364 2432 1532 2466 Hostibus

136 2495 312 2532 terrorem,
338 2503 440 2535 quem
465 2493 621 2527 ordinem
648 2506 767 2529 omnes
792 2495 873 2529 libri
907 2499 1095 2539 praestant,
1127 2494 1277 2536 Coi-tine,
1302 2493 1407 2528 fidem
1430 2492 1532 2526 unius

136 2551 242 2585 Anad.
266 2548 419 2595 seeutus,
445 2554 606 2597 invertit,
639 2556 773 2590 scilicet
807 2560 844 2590 ut
881 2557 1119 2589 membrorum
1151 2555 1326 2588 chinsmns
1358 2554 1529 2595 existeret,

137 2611 180 2644 de
204 2622 273 2654 quo
298 2614 485 2648 verborum
512 2616 631 2649 ordine
654 2628 686 2649 v.
713 2622 833 2651 notata
858 2618 901 2651 nd
921 2618 996 2651 Cat.
1023 2618 1124 2658 mu,
1157 2616 1190 2650 9.
1225 2616 1310 2650 Sine
1340 2615 1529 2649 multorum

137 2676 171 2705 et
195 2671 367 2706 bonorum
392 2675 493 2709 codd.
520 2677 693 2718 praesidio
713 2688 733 2710 n
758 2678 903 2722 vulgatu
929 2688 996 2711 non
1021 2679 1258 2712 recedendum.

230 2733 323 2766 ᾺΧΙ-
372 2737 402 2776 ἓ-
432 2735 461 2771 l.
488 2742 521 2770 et
558 2738 591 2769 2.
643 2738 832 2782 intellegit]
859 2739 1025 2782 Plerique
1048 2740 1144 2771 codd.
1181 2738 1310 2771 hubent
1342 2736 1528 2780 intelligit,-

136 2793 194 2827 sed
219 2786 470 2830 'Sallustianam
494 2798 644 2831 sormam
665 2804 848 2833 servarunt
873 2801 953 2834 Bas.
992 2801 1024 2833 1.
1050 2800 1153 2833 Fabr.
1182 2799 1213 2832 1.
1238 2798 1316 2832 sen.
1344 2797 1374 2830 l.
1403 2796 1524 2830 GueIf.
