1630 3034
135 168 192 208 62
509 163 554 207 C.
583 162 911 207 SALLUSTI
942 163 1164 207 CRISPI

138 296 228 340 que
256 287 434 341 tempus
462 280 521 324 ad
551 287 787 340 utramque
821 296 916 326 rem
953 281 1233 337 decernitur,
1272 281 1352 325 sed
1378 289 1524 328 matu-

138 377 227 420 rius
267 378 326 421 ad
361 379 598 438 pecuniam
643 377 1006 421 distribuendam.
1087 378 1254 439 Reguli
1286 378 1455 423 interea
1479 380 1524 423 in

105 476 241 518 3loca
273 476 532 535 propinqua
564 474 780 518 thesauris
813 474 920 518 alius
959 475 1046 518 alio
1088 489 1363 519 concessere.
1431 476 1524 520 Sed

135 571 372 632 Hiempsal
404 573 448 616 in
483 572 656 631 oppido
696 571 936 616 Thirmida
966 572 1083 616 forte
1123 572 1214 616 eius
1253 572 1392 616 domo
1422 580 1524 617 ute-

135 669 292 722 batur,
333 670 409 727 qui
439 683 682 728 proxumus
712 670 841 712 lictor
860 668 1106 729 Iugurthae
1127 684 1255 713 carus
1285 675 1523 728 acceptus—

135 781 226 824 que
257 767 297 809 ei
323 782 501 826 semper
533 766 702 819 fuerat3
735 781 868 825 quem
898 766 971 810 ille
998 781 1103 809 casu
1126 766 1373 809 ministrum
1394 766 1523 809 obla-

134 868 228 906 tum
261 864 491 923 promissis
523 868 679 906 onerat
710 862 1019 922 impellitque,
1060 864 1119 907 uti
1148 862 1377 921 tamquam
1398 877 1523 906 suam

133 1000 239 1035 stium
265 1000 460 1044 scripsisse:
484 1001 521 1034 in
537 1001 661 1045 oppido
687 1001 818 1035 Cirta
844 1001 1073 1035 Numidae
1089 1004 1186 1045 sorte
1210 1002 1284 1036 eius
1305 1004 1371 1036 etc.
1395 1000 1524 1034 nullius

133 1061 239 1105 pretii
263 1068 337 1103 est,
370 1073 482 1105 neque
516 1063 626 1096 ullam
660 1063 922 1106 probabilitatis
954 1063 1105 1106 speciem
1127 1063 1243 1097 habet.
1289 1061 1422 1105 Quodsi
1441 1061 1524 1105 quid

132 1121 168 1156 in
193 1133 232 1156 re
255 1127 400 1157 narrata
433 1123 656 1157 obscuritatis
690 1123 797 1165 inest,
828 1123 919 1167 quod
955 1135 1022 1157 non
1046 1122 1269 1168 negaverim,
1292 1121 1328 1154 id
1352 1133 1421 1156 non
1444 1122 1523 1155 Sal-

131 1182 239 1217 lustio
264 1183 487 1218 tribuendum
512 1187 615 1228 puto,
649 1184 709 1218 sed
740 1196 865 1228 parum
898 1183 1104 1228 perspicuae
1126 1183 1379 1224 Numidarum,
1403 1193 1425 1216 a
1447 1181 1524 1226 qui-

131 1245 198 1279 bus
220 1245 310 1279 haec
333 1244 482 1287 habuit,
506 1245 711 1279 narrationi.

226 1308 259 1348 ἓ.
286 1306 320 1341 3.
365 1318 556 1351 proxumus
587 1306 700 1350 lictor]
725 1306 825 1349 Apud
850 1307 1029 1341 Romanos
1052 1305 1226 1348 proximus
1250 1305 1350 1339 lictor
1372 1305 1524 1340 vocaba-

130 1370 189 1402 tur
212 1367 261 1409 is,
295 1368 356 1411 qui
385 1367 422 1401 in
455 1367 545 1400 serie
575 1367 809 1401 incedentium
843 1367 986 1401 ultimus
1023 1369 1115 1407 erat,
1140 1366 1386 1410 magistratum
1409 1366 1524 1410 ipsum

130 1429 350 1472 praecedens.
376 1439 408 1461 V.
446 1429 540 1462 Cort.
566 1429 610 1462 ad
635 1429 670 1462 h.
694 1429 717 1462 1.
753 1428 928 1462 Drakenb.
961 1428 1005 1461 ad
1033 1427 1108 1461 Liv.
1132 1427 1259 1467 XXIV,
1282 1425 1340 1467 44,
1357 1426 1413 1460 10.
1430 1427 1524 1470 Lips-

129 1489 241 1523 Elect.
264 1490 292 1531 1,
317 1489 374 1523 23.
423 1488 493 1522 Sed
525 1501 632 1532 quum
667 1490 837 1523 Romanis
869 1489 971 1522 valde
1002 1488 1172 1521 usitatum
1202 1491 1289 1522 esset
1318 1498 1383 1521 sua
1406 1487 1523 1533 magi-

129 1553 304 1584 stratuum
328 1551 500 1584 vocabula
522 1551 565 1584 ad
602 1551 691 1584 alios
715 1551 862 1594 populos
887 1548 1096 1589 transferre,
1130 1560 1199 1592 quo
1229 1547 1381 1582 similem
1418 1548 1524 1582 modo

130 1622 206 1645 rem
229 1611 485 1656 significarent,
511 1611 700 1646 Sallustius
724 1611 853 1644 lictoris
876 1608 1016 1642 nomine
1038 1609 1144 1642 latius
1167 1613 1304 1652 patente
1327 1609 1480 1652 aliquem
1505 1620 1526 1643 o

131 1683 277 1707 numero
312 1673 522 1712 satellitum,
557 1673 616 1716 qui
652 1671 861 1716 Iugurtham
893 1668 1054 1702 comitari
1085 1669 1263 1710 solebant,
1287 1669 1437 1715 intelligi
1461 1681 1524 1704 vo-

130 1734 217 1776 luit,
243 1738 281 1769 ut
304 1739 398 1768 recte
422 1734 582 1767 viderunt
613 1733 735 1776 intprr.
785 1731 964 1764 Proximus
988 1729 1097 1774 igitur
1120 1741 1221 1763 sensu
1237 1729 1367 1773 pariter
1388 1730 1524 1765 variato

129 1798 181 1829 est
204 1794 252 1836 is,
287 1794 347 1838 qui
372 1806 456 1839 prae
479 1794 601 1829 ceteris
623 1794 816 1839 iugurthae
839 1803 893 1825 res
924 1792 1069 1824 curabat
1092 1795 1126 1824 et
1151 1790 1293 1835 negotia
1315 1792 1522 1835 exsequeba-

130 1859 202 1891 tur.
226 1875 272 1881 —
305 1856 376 1897 Ei,
411 1856 503 1900 quod
529 1855 563 1888 in
589 1855 664 1889 Vin.
693 1855 727 1889 2.
755 1858 833 1898 post
856 1863 990 1897 semper
1014 1851 1162 1895 legitur,
1190 1861 1212 1885 a
1236 1852 1352 1885 Guell'.
1380 1852 1414 1886 3.
1438 1863 1523 1886 vero

129 1917 247 1958 abest,
279 1917 418 1950 Cottius
443 1916 584 1949 delevit.
634 1916 735 1959 Quod
767 1924 983 1959 quamquam
1004 1916 1136 1946 temere
1159 1913 1290 1946 factum
1307 1915 1380 1954 est,
1405 1916 1524 1947 tamen

131 1990 214 2013 cum
239 1978 431 2012 Gerlachio
463 1987 532 2010 non
562 1975 708 2010 dixerim
733 1975 862 2009 omisso
894 1973 1098 2017 pronomine
1119 1977 1354 2015 „structuram
1379 1974 1524 2008 durissi-

129 2051 227 2074 mam
238 2042 262 2059 “
284 2039 381 2081 fieri,
405 2050 495 2083 quae
519 2042 611 2072 certe
636 2048 704 2071 non
728 2035 849 2070 durior
873 2038 925 2068 est
948 2044 1053 2077 quam
1078 2033 1113 2067 in
1130 2037 1292 2077 sequente
1315 2044 1439 2075 versu,
1463 2033 1523 2067 ubi

129 2103 284 2136 oblatum
307 2101 383 2135 sine
405 2099 525 2133 dativo
549 2099 720 2138 habetur,
753 2100 814 2131 aut
837 2095 872 2129 in
896 2094 939 2129 iis
962 2094 1129 2139 exemplis
1161 2105 1252 2139 quae
1275 2095 1456 2139 tetigimus
1479 2094 1522 2129 ad

129 2175 159 2197 c.
185 2163 213 2204 1,
237 2162 272 2200 3.
297 2166 330 2196 et
353 2161 396 2196 ad
423 2161 500 2194 Cat.
527 2160 584 2200 Ll,
607 2158 664 2192 28.
711 2157 780 2192 Sed
804 2156 918 2191 voluit
933 2156 974 2191 V.
996 2158 1036 2190 l).
1062 2156 1158 2189 hund
1180 2155 1283 2189 dubie
1307 2155 1422 2190 dicere
1445 2167 1523 2190 sen-

128 2223 259 2259 tentiae
282 2221 565 2267 perspicuitatem
588 2220 805 2264 aliquantum
829 2216 1038 2262 pronomine
1060 2216 1235 2250 adiuvari.
1268 2215 1420 2251 Gravius
1442 2228 1523 2261 pec-

130 2288 253 2319 carunt
276 2285 444 2327 Bipontt„
477 2281 537 2326 qui
573 2281 605 2315 ei
636 2281 679 2314 ad
705 2279 947 2323 Hiempsalem
971 2278 1146 2319 referunt,
1178 2281 1217 2310 ut
1241 2278 1290 2312 ita
1314 2288 1437 2312 caussa
1460 2278 1523 2312 ad-

129 2346 253 2387 datur,
275 2356 337 2378 cur
360 2342 494 2377 lictoris
517 2343 623 2376 domo
646 2353 729 2375 usus
751 2340 807 2374 sit.
857 2339 927 2373 Sed
953 2343 1196 2382 praeterquam
1221 2339 1312 2382 quod
1335 2338 1523 2374 sententia-

128 2419 209 2441 rum
231 2417 339 2440 nexus
363 2404 459 2449 cogit
484 2405 573 2438 haec
596 2404 639 2436 de
663 2401 837 2445 Iugurtha
860 2399 1069 2444 intelligere,
1093 2404 1214 2443 aperte
1236 2404 1409 2445 repugnat
1426 2402 1523 2442 forte

130 2469 367 2508 vocabulum,
404 2478 472 2509 quo
504 2464 693 2499 Sallustius
723 2473 883 2496 caussam
918 2460 1118 2505 significare
1149 2461 1271 2494 voluit.
1306 2479 1350 2486 —-
1388 2461 1452 2494 1110
1478 2461 1521 2495 nd

130 2529 288 2572 proximo
318 2531 558 2571 antegressum
585 2536 707 2557 nomon
732 2524 884 2556 relatum
910 2519 1168 2555 illustravimus
1191 2520 1233 2553 ad
1259 2521 1335 2554 Cat.
1364 2520 1466 2563 XLV,
1486 2518 1521 2555 2.

131 2600 166 2632 p.
191 2588 273 2621 2⁰5.
292 2608 337 2612 -
376 2589 552 2621 Promissis
581 2596 776 2619 onerare
812 2589 863 2617 ost
896 2583 1059 2616 maximis
1083 2581 1278 2626 promissis,
1313 2593 1402 2623 quae
1426 2592 1520 2615 stim-

132 2660 231 2683 mum
256 2648 355 2691 qumi
378 2649 511 2692 pondus
535 2647 687 2680 habt-unt
710 2646 753 2679 ud
774 2645 1063 2688 persuadendum,
1090 2647 1231 2676 tentare.
1279 2641 1418 2675 Curtius
1440 2651 1519 2674 con-

133 2710 214 2744 tulit
238 2710 313 2742 biv.
343 2708 467 2748 xxiv,
494 2708 550 2745 13,
575 2706 608 2739 4.
660 2707 839 2739 Hannibal
862 2710 1085 2738 oneratos
1109 2702 1308 2747 ingentibus
1332 2702 1519 2745 promie-

134 2771 204 2804 εἰ.
237 2771 373 2804 domum
410 2769 525 2803 redire
560 2768 676 2808 iubet,
710 2766 771 2800 ubi
817 2766 919 2810 plura
950 2764 1125 2809 congessit
1155 2762 1373 2797 Gebhardus.
1406 2760 1521 2795 Tacit.
