1630 3034
382 167 737 210 IUGURTHA.
772 166 898 209 CAP.
930 163 1171 209 LXXVIII.
1397 170 1481 209 409

107 284 182 329 ubi
218 300 271 328 ea
304 285 565 344 impetrata,
607 298 784 343 semper
824 282 931 325 boni
975 281 1220 339 fidelesque
1265 296 1482 336 mansere,

108 386 152 425 et
198 387 354 425 cuncta
412 397 438 425 a
485 381 662 436 Bestia,
718 379 881 422 Albino
935 377 1213 436 Metelloque
1267 378 1485 438 imperata

105 492 218 522 nave
262 477 475 546 fecerant,
552 477 708 536 ltaque
759 475 816 518 ab
859 475 1129 534 imperatore
1181 475 1312 520 facile
1367 477 1516 533 quae4

104 574 321 633 petebant
371 573 549 634 adepti,
597 579 642 617 et
689 572 846 615 missae
902 585 955 614 eo
1010 570 1220 615 cohortes
1265 573 1485 632 Ligurum

107 677 338 730 quattuor,
377 678 422 714 et
456 670 507 715 C.
544 669 713 714 Annius
747 666 1013 727 praefectus.

241 766 490 812 LXXVIII.
561 766 615 809 ld
662 763 883 824 oppidum
921 763 979 806 ab
1019 763 1211 808 Sidoniis
1259 764 1485 809 conditum

105 884 167 907 rae
197 873 428 917 discrepantia
457 873 648 918 plurimam
684 872 791 905 fidem
824 880 960 904 merere
991 871 1148 912 videtur3
1187 881 1270 905 nam
1302 872 1395 915 quod
1424 872 1488 906 alii

104 934 204 968 codd.
228 935 360 969 habent
383 935 490 979 navi,
525 934 588 968 alii
611 944 728 978 gaave
754 931 862 975 (unde
883 942 978 965 nova
1001 931 1247 976 depravatione
1269 931 1305 965 in
1334 932 1429 966 Vrat.
1454 933 1488 968 2.

105 995 238 1028 factum
261 999 312 1030 est
338 996 489 1041 ignave,
525 994 561 1027 in
589 994 709 1027 Guelf.
736 994 769 1026 1.
801 993 934 1037 grave)
969 993 1029 1026 alii
1053 993 1213 1034 naviter,
1237 992 1301 1026 alii
1325 995 1490 1038 gnaviter

106 1058 167 1089 aut
188 1056 369 1101 graviter,
405 1056 442 1090 id
473 1054 645 1089 eiusmodi
679 1057 748 1096 est,
783 1058 821 1086 ut
845 1053 984 1087 facilius
1008 1053 1128 1087 credas
1150 1054 1216 1086 has
1238 1053 1423 1088 varietates
1446 1066 1490 1087 ex

105 1126 196 1150 nave
219 1120 313 1151 ortas
336 1127 428 1157 esse,
462 1126 568 1159 quam
593 1115 683 1148 hanc
705 1113 958 1148 inusitatiorem
981 1115 1135 1148 formam
1162 1114 1207 1147 ab
1230 1113 1490 1158 interpolatori-

105 1176 172 1210 bus
196 1175 232 1210 in
254 1177 371 1211 locum
395 1176 541 1210 notioris
565 1174 725 1209 vocabuli
759 1186 832 1207 esse
863 1174 1095 1208 substitutam.
1142 1175 1194 1209 Ad
1228 1173 1297 1207 hoc
1319 1186 1407 1207 nave
1431 1185 1490 1208 su-

104 1241 279 1272 stentatur
302 1237 509 1272 auctoritate
529 1237 716 1270 meliorum
741 1235 852 1276 codd„
876 1239 914 1269 ut
947 1235 1116 1268 Commel.
1140 1235 1226 1268 Naz.
1254 1235 1333 1268 Bas.
1361 1236 1392 1268 1.
1410 1235 1492 1270 Sen-

106 1300 140 1333 1.
163 1299 260 1333 Leid.
277 1299 317 1335 L.
335 1298 445 1333 Paris.
469 1310 499 1331 c.
524 1310 557 1331 x.
580 1301 616 1331 et
641 1309 671 1331 z.
699 1308 748 1330 m.
772 1307 852 1337 sec„
878 1307 919 1330 ac
939 1299 1118 1338 praeterea
1138 1295 1327 1329 multorum
1348 1296 1490 1339 Palatt.‚

106 1359 392 1400 Wassfflnorum,
416 1358 669 1399 Riviauorum,
703 1356 799 1391 Leid.
826 1356 877 1390 M.
903 1356 1022 1389 Guelf.
1046 1357 1080 1389 1.
1105 1355 1183 1390 Vin.
1206 1356 1239 1389 1.
1265 1349 1428 1390 et'Fabr.
1454 1356 1490 1390 2.

107 1419 244 1454 Cortius
267 1420 351 1453 navi
383 1418 541 1462 scripsit,
574 1419 664 1462 quod
698 1428 759 1461 per
782 1428 819 1450 se
850 1428 919 1450 non
941 1417 1032 1450 foret
1055 1416 1323 1460 improbandum
1339 1442 1350 1460 ,
1381 1416 1410 1450 si
1434 1428 1493 1451 co-

107 1478 224 1513 dicum
247 1479 456 1513 auctoritate
479 1479 563 1512 satis
586 1478 779 1512 stabilitum
803 1480 903 1510 esset.
927 1494 971 1501 —
1000 1475 1083 1509 Post
1105 1477 1226 1520 adepti
1256 1478 1360 1521 pauci
1382 1490 1494 1521 neque

108 1539 136 1573 ii
159 1539 281 1583 optimi
305 1540 389 1574 libri
413 1540 544 1573 addunt
566 1543 657 1579 sunt,
683 1549 751 1582 quo
779 1548 845 1571 non
870 1539 922 1571 est
945 1548 1042 1580 opus.
1065 1557 1110 1561 —
1135 1538 1182 1571 Et
1205 1538 1330 1572 missae
1356 1550 1394 1572 eo
1418 1538 1493 1572 edi-

108 1600 223 1634 dimus
253 1611 295 1634 ex
327 1601 411 1634 satis
440 1600 710 1635 commendabili
740 1598 938 1633 coniectura
969 1597 1142 1631 Muelleri.
1198 1599 1291 1633 Nam
1322 1599 1359 1633 in
1392 1599 1492 1636 codd.

108 1661 283 1705 plerisque
320 1665 372 1695 est
415 1662 558 1696 emissae
591 1673 652 1703 eo,
690 1659 985 1704 quemadmodum
1015 1659 1121 1692 etiam
1154 1660 1293 1694 Cortius
1323 1664 1358 1695 et
1396 1661 1494 1694 Gerl.

107 1721 326 1764 scripserunt,
373 1720 440 1755 Sed
473 1722 628 1756 emittere
660 1721 697 1755 in
729 1720 794 1754 tali
825 1719 993 1754 sententia
1021 1721 1116 1754 nullo
1140 1721 1246 1755 modo
1270 1721 1338 1755 dici
1361 1725 1493 1765 potest3

108 1793 220 1825 neque
252 1781 384 1825 aliquid
417 1782 550 1816 faciunt
580 1783 623 1816 ad
656 1782 840 1826 vulgatam
864 1781 1114 1814 defendendam
1145 1781 1240 1815 Livii
1265 1782 1445 1825 exempla,
1470 1791 1493 1814 a

107 1842 395 1876 Drakenborchio
426 1843 470 1876 ad
494 1843 529 1884 1,
554 1843 623 1885 32,
646 1843 704 1879 14.
739 1843 913 1886 ascripta,
945 1842 1042 1876 velut
1063 1842 1130 1883 lv,
1154 1842 1211 1883 18,
1229 1841 1262 1875 7.
1314 1842 1413 1883 Quod
1435 1840 1494 1874 ubi

110 1903 310 1946 conspexit,
335 1904 465 1946 primos
503 1904 633 1948 equites
667 1907 820 1939 clamore
857 1904 993 1937 sublato
1025 1903 1072 1936 in
1115 1903 1286 1936 hostem
1326 1901 1494 1936 emisit.

111 1963 244 2005 xxiv,
268 1961 334 2003 15,
359 1962 392 1996 6.
443 1964 531 1996 Tum
567 1976 667 2008 eques
700 1966 806 1999 etiam
839 1965 888 1997 in
916 1964 1086 1996 hostem
1130 1963 1326 1996 emissus.
1356 1962 1440 1995 ibid.
1463 1973 1493 1995 c.

109 2022 167 2065 34,
195 2021 229 2056 8.
276 2022 497 2056 Archimedes
530 2022 572 2056 in
603 2035 743 2058 naves
774 2034 862 2058 saxa
888 2023 1144 2057 emittebat.
1174 2022 1332 2063 xxvnl,
1356 2020 1414 2062 14,
1438 2021 1495 2055 10.

112 2083 317 2128 Equitatum
347 2093 480 2116 omnem
514 2085 680 2128 extemplo
711 2085 755 2118 in
798 2084 977 2129 equites
1011 2083 1187 2123 emisit‚·
1220 2085 1319 2125 patet
1341 2081 1434 2115 enim
1458 2080 1495 2114 iu

111 2143 169 2177 his
199 2141 286 2176 locis
319 2143 474 2178 emittere
508 2143 551 2177 de
581 2144 625 2178 iis
649 2144 739 2186 dici,
774 2155 863 2188 quae
899 2148 999 2178 antea
1033 2143 1133 2188 quasi
1156 2144 1274 2177 clausa
1296 2152 1338 2176 ac
1361 2144 1496 2175 retenta

112 2205 207 2239 iussu
230 2207 370 2246 repente
392 2209 619 2248 prorumpant
643 2208 677 2239 et
700 2216 781 2238 cum
806 2204 842 2238 vi
866 2204 1010 2238 irruant.
1057 2204 1156 2239 Mhi!
1179 2202 1306 2237 certius
1336 2206 1432 2246 petas
1453 2214 1496 2236 ex

113 2264 221 2299 variis
243 2263 354 2298 nostri
376 2264 444 2298 loci
469 2264 667 2308 scripturis3
701 2275 782 2298 nam
806 2264 842 2297 in
865 2264 962 2298 Leid.
988 2265 1027 2298 C.
1053 2266 1097 2299 F.
1121 2265 1163 2299 N.
1187 2265 1269 2298 Bas.
1292 2262 1326 2297 4.
1352 2266 1386 2298 et
1408 2263 1495 2297 Tur.

113 2326 147 2360 1.
171 2328 223 2359 est
246 2325 391 2358 emissae
414 2331 519 2360 sunt
543 2338 602 2366 eo,-
625 2326 661 2359 in
686 2326 801 2359 Guelf.
825 2325 859 2359 3.
889 2326 1056 2359 missae
1081 2337 1142 2366 co,·
1171 2325 1208 2359 in
1230 2323 1307 2357 Vin.
1331 2324 1365 2357 1.
1387 2324 1494 2357 Fabr.

112 2387 149 2420 2.
171 2385 267 2419 Leid.
295 2385 338 2418 G.
363 2385 411 2418 H.
436 2397 474 2420 eo
498 2387 682 2426 missae3
713 2385 750 2419 in
774 2386 879 2419 Bern.
904 2385 938 2418 1.
968 2397 1091 2430 eoque
1126 2386 1323 2426 missae,
1357 2383 1393 2417 in
1417 2383 1495 2427 quj-

113 2447 179 2482 bus
203 2445 364 2480 omnibus
387 2445 477 2479 nihil
501 2450 570 2487 est,
603 2458 643 2480 ex
675 2457 744 2489 quo
769 2457 978 2491 cognoscaS,
1013 2445 1104 2479 unde
1128 2446 1272 2480 emissae
1296 2450 1411 2480 ortum
1437 2445 1495 2480 sit.

112 2508 233 2551 Quare
256 2507 313 2541 his
337 2505 505 2548 dimissis,
528 2518 602 2540 rem
626 2518 691 2540 acu
715 2506 870 2551 tetigisse
891 2509 1055 2550 putamus
1078 2506 1310 2548 Muellerum,
1335 2506 1396 2550 qui
1418 2517 1495 2540 mo-

113 2568 239 2602 lestum
263 2567 353 2601 illud
377 2579 396 2600 e
419 2578 460 2600 ex
477 2571 511 2601 et
540 2571 660 2601 natum
683 2577 759 2600 esse
783 2565 948 2607 coniecit,
985 2577 1055 2609 qua
1087 2567 1216 2610 copula
1247 2567 1407 2600 restituta
1428 2577 1496 2600 nou

116 2628 232 2662 solum
254 2628 444 2661 difficultas
466 2627 502 2660 in
526 2628 634 2661 verbo
657 2626 775 2671 posita
808 2627 1002 2668 evanescit,
1029 2627 1088 2660 sed
1119 2627 1224 2661 etiam
1248 2627 1496 2661 sententiarum

115 2698 223 2721 nexus
257 2687 338 2722 talis
371 2685 524 2728 exsistit,
558 2686 671 2730 qualis
703 2686 807 2721 Catil.
842 2688 924 2720 XIX
935 2712 945 2730 ‚
980 2687 1015 2721 2.
1042 2687 1212 2726 habetur,
1246 2687 1308 2722 ubi
1331 2691 1365 2723 et
1388 2686 1498 2731 expli-

118 2747 216 2781 candi
240 2750 407 2792 potestate
430 2747 580 2792 positum
603 2747 868 2783 illustravimus.
