1630 3034
359 146 717 191 IUGURTHA.
775 146 899 189 CAP.
931 145 1082 188 CXIII.
1320 150 1401 190 601

33 270 187 324 fieret3
221 282 366 327 neque
392 264 619 309 hominem
653 264 862 320 nobilem,
892 278 981 308 non
1016 278 1094 307 sua
1122 262 1298 324 ignavia
1324 263 1404 308 sed

34 367 96 413 ob
139 364 486 426 rempublicam,
530 363 577 406 in
619 362 812 407 hostium
850 365 1070 419 potestate
1103 361 1304 407 relictum
1338 360 1402 404 iri.

171 459 332 507 CXIII.
403 458 530 506 Haec
570 457 756 505 Maurus
791 472 942 506 secum
975 458 1073 522 ipse
1111 457 1187 504 diu
1219 457 1402 506 volvens

30 631 66 665 p.
97 617 179 654 259.
213 617 466 653 annotavimus.
498 636 542 643 —
581 619 692 665 Atque
722 629 766 654 ex
803 617 913 653 Cortii
948 617 1147 653 coniectura
1185 617 1405 663 scripsimus3

29 680 150 725 paucis
182 680 275 714 enim
307 680 405 714 codd.
429 679 602 724 exceptis,
626 680 686 724 qui
711 685 743 715 et
766 680 909 724 habent,
931 679 967 713 in
992 679 1110 714 ceteris
1133 680 1291 714 omnibus
1313 679 1406 725 legi-

29 744 87 775 tur
111 745 190 782 aut,
222 740 313 783 quod
338 739 564 783 Gerhehius,
589 741 792 785 repudiata,
815 752 920 784 quam
944 741 981 775 in
1004 742 1057 775 ed.
1080 741 1212 776 maiore
1237 754 1406 786 expresse-

28 804 95 845 rat,
123 801 233 835 Cortii
255 800 513 843 emendatione,
535 800 572 834 in
595 801 648 834 ed.
670 801 859 835 novissima
882 801 1024 846 recepit.
1072 802 1142 836 Sed
1166 803 1407 837 disiunctivam

28 862 235 906 particulam
259 861 295 896 in
311 863 488 905 formula,
518 873 586 906 qua
620 864 757 896 senatus
779 862 966 905 populique
988 863 1167 897 coniuncta
1189 867 1339 907 potestas
1360 863 1408 898 si-

29 922 230 967 gnificatur,
261 933 284 956 a
307 933 389 956 sano
424 922 568 956 homine
599 926 802 967 usurpatam
834 923 940 957 fuisse
970 923 1046 967 quis
1077 923 1144 958 sibi
1175 924 1407 968 persuaserit?

29 983 136 1018 Cuius
158 982 210 1016 rei
234 995 340 1026 quum
361 982 569 1017 Gerlachius
591 995 635 1017 ne
658 995 766 1017 unum
791 983 929 1027 quidem
954 985 1148 1028 exemplum
1169 985 1204 1018 in
1221 986 1406 1019 Commen-

29 1044 129 1079 tariis
151 1044 329 1084 attulerit,
358 1042 455 1077 inani
486 1043 726 1087 superstitione
749 1049 947 1088 permotum
970 1049 1072 1089 puto,
1106 1049 1144 1080 ut
1166 1045 1259 1089 turpi
1281 1046 1407 1080 mendo

28 1104 145 1138 Iocum
177 1103 214 1137 in
247 1107 342 1138 textu
372 1104 586 1138 concederet.
633 1104 732 1138 Mhi!
763 1108 878 1138 autem
903 1106 1137 1149 frequentius,
1160 1117 1264 1149 quam
1288 1110 1326 1141 ut
1349 1110 1407 1142 at-

29 1176 95 1210 que
117 1164 291 1208 particula
314 1165 350 1198 in
374 1170 437 1199 aut
461 1165 688 1209 depravetur3
721 1166 764 1198 cf.
790 1176 892 1209 supra
916 1177 945 1199 c.
970 1166 1148 1209 LXXXII,
1183 1167 1217 1203 2.
1250 1167 1406 1212 xcvm,

29 1226 64 1262 6.
86 1226 347 1260 Drakenborch.
373 1226 416 1260 ad
441 1226 517 1260 Liv.
542 1227 620 1266 vll,
641 1225 697 1266 39,
725 1225 781 1260 14.
807 1245 851 1250 —-
876 1227 997 1272 Neque
1021 1239 1126 1270 quum
1150 1239 1217 1261 non
1240 1227 1408 1273 adiungat

29 1291 214 1332 negantem
237 1286 455 1332 sententiam,
478 1287 539 1320 sed
563 1287 681 1329 priora
705 1286 946 1330 explicantem,
971 1288 1171 1323 solvendum
1195 1290 1244 1321 est
1266 1287 1303 1321 in
1325 1299 1408 1321 nam

30 1368 75 1374 —
98 1361 178 1383 non.
204 1369 249 1374 —
273 1349 375 1393 Quae
397 1351 586 1391 sequuntur
609 1348 715 1381 verba
738 1347 789 1381 ita
812 1352 1011 1391 comparata
1034 1352 1123 1390 sunt,
1147 1351 1186 1382 ut
1204 1348 1409 1382 Sallustium

29 1413 199 1453 appareat
221 1420 382 1443 mancam
413 1408 577 1443 extulisse
607 1408 828 1449 sententiam,
867 1409 1069 1452 interposita
1097 1409 1336 1443 enunciatione
1359 1408 1408 1443 ita

29 1481 110 1503 cum
142 1470 311 1514 primaria
343 1469 505 1510 confusa,
537 1472 577 1502 ut
609 1480 688 1512 pars
719 1469 912 1503 necessaria
943 1471 1044 1513 plane
1067 1469 1195 1504 omissa
1217 1469 1271 1505 sit.
1317 1469 1407 1503 Nam

28 1542 137 1574 quum
169 1531 340 1577 Iugurtha
371 1528 540 1573 primaria
572 1529 811 1564 enunciatione
834 1530 903 1563 Iioc
927 1529 1039 1564 dicat:
1071 1531 1240 1565 hominem
1262 1530 1409 1564 nobilem

30 1592 75 1625 in
104 1593 302 1627 hostium
333 1595 573 1635 potestate
605 1602 684 1624 ποπ
715 1591 930 1624 relictum
962 1590 1041 1631 iri,
1077 1578 1247 1632 caussam,
1271 1602 1332 1624 cur
1358 1590 1409 1624 ita

28 1655 187 1695 putaret,
220 1651 408 1686 interiectis
436 1651 553 1685 verbis
574 1651 666 1685 hanc
689 1651 800 1684 voluit
824 1650 1022 1684 declarare:
1055 1651 1221 1695 quippe
1245 1651 1320 1695 qui
1342 1662 1410 1684 non

28 1722 94 1745 sua
117 1712 285 1757 ignavia,
320 1714 380 1746 sed
404 1713 444 1746 ob
471 1712 714 1757 rempublicam
750 1712 794 1746 in
826 1711 1025 1745 hostium
1047 1716 1321 1754 potestatem
1344 1712 1409 1745 in-

30 1772 232 1808 cidisset.
280 1772 350 1806 Sed
383 1776 505 1807 auctor
534 1773 650 1818 magis
677 1784 814 1806 sensum
839 1772 964 1813 animi,
997 1783 1102 1815 quam
1126 1775 1325 1805 accuratam
1349 1781 1408 1805 co-

29 1832 165 1877 gitandi
194 1833 310 1878 legem
340 1837 492 1877 secutus,
524 1837 558 1868 et
591 1833 820 1867 similitudine
846 1822 1034 1865 verborum
1059 1833 1230 1875 deceptus,
1255 1831 1408 1865 nondum

29 1894 190 1928 absoluta
221 1894 403 1928 interiecta
434 1893 676 1928 enunciatione
707 1893 744 1926 in
777 1903 819 1926 ea
849 1892 976 1932 verba,
1010 1902 1098 1934 quae
1129 1892 1174 1924 ad
1206 1891 1409 1934 primariam

30 1954 234 1988 sententiam
259 1954 443 1998 pertinent,
468 1953 617 1987 transiit.
664 1953 888 1996 Quamquam
913 1952 1022 1996 igitur
1045 1952 1271 1993 Gerlachius,
1293 1953 1410 1987 Faber

30 2018 64 2049 ct
82 2015 292 2049 Iauinannus
314 2019 406 2048 recte
427 2014 611 2047 viderunta
631 2012 740 2056 liquid
758 2013 802 2046 ad
818 2012 1004 2046 sententiae
1027 2012 1261 2056 integritatem
1281 2012 1409 2054 deesse,

31 2079 146 2114 tamen
178 2079 314 2117 errant,
355 2075 446 2119 quod
487 2075 596 2107 verba
629 2074 666 2107 in
705 2073 851 2107 hostium
886 2077 1061 2116 potestate
1098 2073 1142 2106 ad
1173 2073 1410 2107 antecedentia.

30 2136 185 2180 suppleri
208 2137 350 2177 volunt3
382 2146 464 2169 nam
497 2135 532 2168 in
557 2137 722 2178 promptu
745 2137 796 2167 est
819 2134 912 2166 hunc
936 2133 1052 2166 locum
1076 2144 1143 2166 non
1168 2136 1239 2167 tam
1264 2134 1307 2167 ad
1331 2133 1410 2167 elli-

31 2196 156 2239 psium‚
180 2207 284 2239 quam
307 2196 351 2230 ad
374 2195 664 2230 anacoluthorum
687 2198 849 2228 naturam
873 2194 1047 2227 accedere.
1072 2192 1150 2227 Alio
1173 2193 1277 2227 modo
1301 2193 1410 2228 libra-

32 2257 76 2291 rii
100 2256 135 2290 in
159 2257 270 2291 Palat.
295 2257 327 2291 6.
353 2251 386 2290 8.
419 2256 516 2291 Leid.
541 2255 580 2289 A.
604 2255 649 2288 E.
675 2255 715 2287 F.
740 2254 856 2288 Guelf.
880 2254 914 2288 7.
940 2254 995 2288 10.
1019 2254 1075 2287 11.
1100 2257 1135 2288 et
1169 2254 1252 2287 Ven.
1275 2253 1309 2287 4.
1334 2265 1411 2287 sen-

33 2317 88 2351 sui
111 2328 315 2352 succurrere
337 2317 562 2356 studuerunt,
586 2315 643 2348 vel
667 2318 767 2356 aute,
791 2315 849 2348 vel
872 2319 950 2358 post
972 2315 1119 2360 ignavia
1143 2314 1328 2348 inserentes
1351 2326 1409 2348 ca-

32 2383 142 2422 ptum,
166 2378 257 2421 quod
280 2376 384 2420 Bipp.
410 2379 444 2409 et
467 2374 621 2419 Longius
644 2379 856 2418 receperunt.
898 2377 968 2411 Sed
991 2376 1076 2411 artis
1098 2375 1239 2410 criticae
1261 2375 1319 2408 vel
1342 2374 1410 2408 im·-

33 2437 262 2482 peritissimus
285 2436 387 2470 facile
414 2435 532 2469 videat
555 2436 645 2469 hanc
667 2437 822 2480 glossam
845 2448 930 2472 esse.

126 2498 248 2534 exul.
272 2500 303 2539 §-
329 2497 362 2530 1.
386 2507 498 2529 secum
523 2496 616 2541 ipse]
664 2499 718 2531 De
738 2498 794 2531 his
818 2498 934 2532 verbis
959 2509 993 2532 v.
1018 2498 1062 2532 ad
1086 2497 1187 2532 Catil.
1210 2507 1241 2531 c.
1266 2495 1409 2536 XXXII,

35 2559 67 2592 1.
92 2570 126 2602 p.
151 2558 229 2593 150.
253 2577 297 2582 —-
328 2559 472 2591 l'olucm
494 2557 614 2600 explic.
640 2569 745 2602 supra
767 2570 796 2592 c.
822 2559 880 2600 vl,
904 2558 939 2591 2.
963 2569 996 2601 p.
1021 2557 1077 2592 38.
1093 2577 1138 2583 —
1164 2555 1325 2590 Promisit
1348 2566 1409 2589 cur

36 2620 167 2653 dictum
191 2619 246 2658 sit,
271 2629 311 2652 ac
335 2629 401 2652 non
422 2618 596 2662 pollicitus
620 2623 681 2659 est,
706 2618 809 2652 facile
832 2621 927 2662 patet
953 2629 994 2650 ex
1018 2616 1079 2660 iis,
1105 2629 1194 2661 quae
1218 2617 1261 2650 de
1282 2618 1410 2650 horum

38 2678 223 2713 verborum
252 2678 450 2712 discrimine
480 2678 728 2722 disputavimus
762 2679 805 2712 ad
840 2690 870 2712 c.
903 2678 1047 2720 van,
1068 2677 1103 2711 4.
1135 2697 1180 2702 —
1213 2677 1410 2716 Cunctatus,

38 2741 129 2784 quod
163 2751 281 2775 omnes
312 2740 410 2774 codd.
441 2749 578 2774 summo
610 2750 775 2774 consensu
807 2741 938 2781 tenent,
972 2737 1113 2774 Cottius
1148 2736 1286 2779 omisit,
1315 2738 1412 2771 ratus
