1630 3034
160 131 245 172 5⁰4
530 124 575 167 C.
606 122 929 166 SALLUSTI
957 122 1178 167 CRISPI

162 244 222 287 lio
252 242 441 297 intentis,
472 255 638 300 magna
671 239 895 298 utrimque
926 240 969 284 vi
997 256 1083 301 pro
1119 241 1263 301 gloria
1294 247 1430 300 atque
1462 242 1564 286 im·

162 339 291 401 perio
335 339 429 397 his,
487 338 572 382 illis
614 351 700 398 pro
747 336 890 380 salute
942 339 1209 383 certantibus
1229 370 1242 394 ‚
1291 343 1480 398 repente
1524 353 1552 381 a

164 443 297 497 tergo
328 437 457 497 signa
488 449 675 492 canere3
708 449 760 476 ac
794 434 942 493 primo
978 436 1185 480 mulieres
1214 442 1258 480 et
1291 435 1444 495 pueri,
1479 434 1555 493 qui

166 534 309 578 visum
338 536 665 593 processerant,
700 530 875 590 fugere,
900 518 1076 576 *deinde
1110 533 1174 577 uti
1209 533 1395 592 quisque
1429 545 1558 576 muro

167 645 414 691 proxumus
451 635 546 674 erat
564 664 576 688 ‚
609 633 841 689 postremo
871 629 1041 687 cuncti,
1077 631 1234 674 armati
1263 631 1559 688 inermesque.

135 714 314 783 6Quod
348 727 427 771 ubi
462 725 652 781 accidit,
688 739 743 769 eo
780 725 922 770 acrius
950 727 1144 771 Romani
1177 727 1361 784 instare,
1396 725 1560 770 funde-

169 841 219 869 re
268 840 321 868 ac
363 824 611 885 plerosque
637 812 967 867 ⁴tantummodo
1010 824 1232 885 sauciare,
1277 824 1382 869 dein
1427 830 1564 884 super

172 923 421 967 occisorum
467 935 663 982 corpora
717 918 906 977 vadere,
961 919 1079 964 avidi
1125 921 1298 980 gloriae
1346 926 1565 966 certantes

172 1099 291 1122 omnes
325 1087 521 1130 Romanos,
554 1085 614 1121 sed
646 1084 805 1131 generali
835 1085 1010 1120 vocabulo
1041 1085 1297 1130 appositionem
1334 1085 1462 1131 adiici,
1499 1097 1571 1130 qua

174 1149 262 1184 illud
295 1150 492 1184 accuratius
525 1146 769 1191 explicaretur.
827 1146 961 1180 Eadem
999 1146 1093 1181 ratio
1135 1151 1188 1182 est
1229 1149 1418 1182 verborum
1433 1173 1444 1190 ‚
1481 1159 1571 1192 quae

174 1209 296 1245 statim
331 1213 410 1254 post
442 1210 628 1254 leguntur,
665 1207 799 1248 cuncti,
837 1207 967 1241 armati
1002 1208 1237 1254 inermesque,
1272 1209 1336 1243 ubi
1358 1209 1396 1242 in
1418 1209 1573 1254 vulgatis

177 1271 255 1307 edd.
281 1271 415 1305 nullum
448 1280 586 1304 comme
618 1268 781 1303 habetur.
817 1268 856 1302 V.
882 1272 1002 1303 notata
1027 1270 1073 1304 ad
1105 1282 1134 1304 c.
1161 1270 1316 1312 LXXVI,
1340 1270 1374 1306 1.
1400 1270 1446 1304 ad
1468 1271 1575 1313 XCII,

177 1333 212 1367 2.
237 1337 271 1367 et
294 1333 338 1366 ad
363 1333 438 1366 Cat.
464 1331 578 1372 XXX,
603 1328 637 1363 4.
685 1328 762 1363 Non
782 1332 833 1363 est
855 1329 968 1374 igitur
991 1331 1222 1375 probandum,
1247 1332 1339 1376 quod
1364 1331 1576 1366 Gerlachius

179 1393 216 1428 in
241 1394 293 1427 ed.
318 1393 510 1427 novissima
534 1389 672 1434 scripsit
695 1391 795 1426 Rom.
821 1392 976 1425 omnibus
999 1392 1100 1433 host„
1133 1393 1192 1436 qui
1217 1393 1302 1426 ordo
1327 1392 1516 1426 verborum
1540 1391 1576 1426 in

181 1455 314 1499 aliquot
337 1455 435 1489 codd.
459 1452 646 1497 reperitur.
673 1471 715 1476 —
748 1452 819 1485 Pro
849 1458 968 1496 petere
999 1452 1112 1496 pauci*
1138 1453 1221 1486 libri
1244 1464 1286 1487 ex
1309 1452 1578 1496 interpolatione

179 1517 313 1550 habent
346 1515 543 1550 ascendere.
592 1513 689 1546 Tum
725 1518 878 1547 correcta
904 1513 939 1547 in
974 1514 1111 1557 aliquot
1143 1514 1243 1548 libris
1266 1513 1383 1558 inepte
1405 1519 1579 1549 mutatum

181 1577 217 1611 in
242 1582 414 1621 correpta.
440 1595 482 1600 —
509 1575 646 1609 Invenit
678 1585 747 1607 non
778 1584 820 1606 eo
852 1585 955 1608 sensu
979 1574 1268 1620 intelligendum,
1296 1587 1402 1618 quem
1425 1576 1579 1620 explicui

182 1638 226 1672 ad
250 1649 280 1671 c.
306 1637 415 1678 Lxx,
440 1637 495 1678 23
527 1636 587 1669 sed
619 1638 744 1669 auctor
767 1634 836 1667 hoc
869 1635 1047 1669 vocabulo
1081 1636 1143 1670 hic
1168 1640 1353 1680 propterea
1375 1648 1458 1671 usus
1482 1637 1580 1672 vide-

183 1701 260 1740 tur,
292 1700 331 1731 ut
363 1697 579 1742 significaret
612 1695 768 1740 gloriam
805 1695 920 1730 Mario
955 1696 1146 1741 contigisse
1170 1696 1337 1740 fortuito,
1361 1709 1473 1742 neque
1495 1710 1580 1743 pru-

186 1758 306 1792 denter
328 1758 424 1792 initis
447 1757 600 1792 consiliis
623 1755 752 1790 deberi.

279 1819 383 1854 XCV.
409 1821 442 1862 ἓ.
465 1819 501 1853 1.
549 1830 632 1863 quos
655 1818 708 1852 uti
732 1829 772 1851 ex
799 1817 902 1852 Latio
927 1822 960 1853 et
985 1830 1007 1852 a
1031 1818 1132 1852 sociis
1157 1819 1322 1863 cogeret]
1351 1819 1451 1852 Haec
1474 1830 1582 1854 enun-

188 1879 294 1915 ciatio
326 1892 435 1924 quum
467 1891 509 1914 eo
540 1878 687 1914 consilio
713 1878 831 1912 addita
856 1879 920 1922 sit,
955 1884 995 1914 ut
1017 1891 1073 1914 res
1097 1879 1141 1913 ed
1167 1880 1300 1913 Sullam
1322 1884 1480 1923 spectans
1504 1881 1583 1916 iuu-

188 1945 338 1984 stretur,
364 1941 553 1976 relativum
577 1939 729 1973 debebat
751 1939 969 1975 nominativo
994 1941 1146 1985 positum
1170 1941 1214 1974 ud
1238 1941 1333 1974 hunc
1355 1941 1500 1984 referri,
1524 1943 1584 1976 sed

188 2013 251 2045 per
283 2002 528 2036 attractionem
565 2011 646 2034 eum
679 2010 821 2042 casum,
853 2013 958 2045 quem
1000 2002 1169 2036 omissum
1203 2012 1331 2036 nomen
1363 2002 1588 2037 secundariae

189 2062 440 2098 renunciationis
471 2063 656 2109 poscebat,
688 2062 864 2105 obtinuit,
896 2063 939 2097 de
974 2075 1044 2108 quo
1066 2067 1265 2097 structurae
1288 2073 1416 2107 genere
1447 2063 1520 2097 dixi
1543 2064 1588 2097 ad

192 2135 223 2158 c.
248 2124 370 2166 XCIII,
396 2124 430 2161 7.
478 2126 703 2169 Quamquam
728 2134 750 2157 a
774 2123 900 2157 scribis
925 2136 992 2159 non
1017 2123 1198 2158 intellectu
1222 2123 1351 2156 multos
1373 2124 1589 2167 corruptelae

192 2185 325 2230 genuit.
373 2185 464 2220 Nam
494 2197 618 2220 veram
653 2184 862 2228 scripturam
885 2185 1132 2219 tantummodo
1163 2184 1273 2218 habet
1296 2184 1416 2218 Guelf.
1440 2183 1475 2219 3.
1500 2184 1589 2220 Tur.

193 2246 227 2282 1.
250 2246 363 2281 Puris.
389 2258 445 2288 x.;
475 2247 511 2281 in
549 2247 668 2281 multis
703 2257 788 2279 vero
824 2250 875 2280 est
907 2247 983 2292 qui
1018 2247 1071 2281 uti
1094 2249 1173 2287 etc„
1209 2256 1256 2279 sc.
1278 2248 1318 2278 ut
1342 2246 1440 2287 Sylla
1464 2257 1591 2290 prono-

195 2307 289 2341 mine
322 2308 590 2354 signifiearetur.
639 2307 695 2342 Ex
724 2307 781 2341 his
804 2312 924 2342 nutem
956 2305 1132 2348 nonnulli,
1155 2316 1264 2348 quum
1288 2306 1426 2341 scribae
1449 2318 1591 2342 accusa-

195 2368 307 2403 tivum
332 2369 452 2403 deesse
475 2369 654 2413 viderent,
688 2381 730 2403 ex
754 2368 1020 2413 interpolatione
1042 2368 1175 2403 hebent
1202 2368 1359 2401 exeret·
1368 2372 1458 2401 tum
1490 2379 1592 2413 eoge—

198 2434 274 2471 ret,
301 2429 363 2463 alii
388 2435 528 2475 cogeret
552 2431 830 2471 exercitum,
868 2430 931 2464 alii
970 2430 1160 2465 auxilia
1185 2433 1343 2475 cogeret,
1368 2428 1431 2462 alii
1455 2433 1594 2475 cogeret

199 2491 407 2533 milites,
440 2491 501 2525 alii
525 2492 702 2526 milites
735 2503 826 2537 cog„
852 2503 893 2525 ex
918 2491 1045 2535 quibus
1079 2490 1286 2535 corruptelis
1316 2500 1421 2533 quam
1445 2489 1594 2529 secundo

199 2550 276 2583 loco
303 2552 482 2594 posuimus
506 2562 528 2585 u
551 2551 686 2586 Weisio
717 2551 753 2585 in
787 2556 917 2586 textum
949 2555 1091 2596 recepta
1125 2554 1188 2585 est.
1236 2550 1316 2585 Alio
1340 2549 1445 2584 modo
1469 2560 1594 2594 peeca-

200 2614 276 2644 tum
309 2615 359 2645 est
394 2611 429 2645 in
461 2612 581 2645 multis
614 2613 714 2654 aliis,
749 2612 809 2656 qui
842 2612 899 2646 hie
929 2613 1072 2657 quidem
1096 2612 1278 2646 vocabuli·
1301 2611 1429 2656 spuriis
1455 2615 1594 2655 vacant,

201 2671 261 2705 ned
287 2683 350 2715 pro
374 2684 458 2716 quos
481 2674 613 2707 babent
644 2674 756 2718 quod5
788 2684 880 2717 quae
911 2673 1086 2718 scriptura
1107 2685 1216 2717 quum
1239 2678 1299 2707 aut
1333 2683 1416 2707 casu
1439 2676 1516 2706 orte
1538 2671 1594 2711 eit.

203 2736 264 2767 eut
287 2733 381 2767 malo
407 2733 561 2768 acumini
597 2734 822 2769 librariorum
847 2734 1014 2770 debeatur
1032 2761 1042 2778 ,
1076 2734 1136 2779 qui
1160 2738 1359 2779 sequentem
1382 2733 1620 2769 «mundatio-‘¹
