1630 3034
177 203 261 244 272
539 197 586 242 c.
615 180 936 241 SALLU‘STI
976 170 1202 242 cRISP1

179 316 238 360 ad
283 313 590 375 proditionem
649 314 835 358 domum
887 313 1171 370 dimittebat3
1222 290 1321 376 regi
1373 329 1559 375 pacem,

179 427 315 470 quam
349 412 631 471 postulabat,
665 394 812 469 neque
846 411 1041 456 abnuere
1076 427 1221 471 neque
1255 412 1483 472 polliceri,
1518 417 1563 456 et

178 509 290 553 inter
325 524 399 553 eas
434 524 582 553 moras
617 508 837 567 promissa
873 508 1127 568 legatorum
1168 514 1443 569 exspectare.

314 604 522 648 XLVIII.
586 604 804 664 Iugurtha
830 604 906 648 ubi
936 604 1111 649 Metelli
1147 605 1267 651 dicta
1301 620 1403 650 cum
1436 603 1564 648 factis

182 702 457 769 composuit,
503 716 556 744 ac
602 716 650 745 se
693 701 779 745 suis
823 682 988 745 artibus
1033 702 1194 746 tentari
1229 700 1564 754 animadvortit3

180 798 352 858 quippe
391 797 461 842 cui
497 797 645 841 verbis
680 813 772 857 pax
800 798 1115 856 nunciabatur,
1151 804 1351 843 ceterum
1379 814 1430 843 re
1464 797 1566 842 bel-

180 895 274 939 lum
310 909 622 955 asperrumum
658 900 772 952 erat,
817 894 921 939 urbs
958 911 1165 940 maxuma
1199 896 1411 950 alienata,
1456 907 1567 954 ager

180 1028 327 1070 sichem,
358 1027 490 1062 sichere
515 1029 659 1073 Zusage
674 1028 797 1073 geben,
823 1027 853 1062 si
873 1029 1028 1073 polliceri
1050 1029 1159 1063 verbo
1182 1028 1346 1063 vertendo
1369 1027 1568 1068 adhibetur,

179 1089 240 1124 sed
270 1089 509 1123 tantummodo
542 1090 661 1123 valeat
691 1089 905 1131 verheisseu,
941 1091 1102 1124 Aussicht
1134 1093 1204 1133 auf
1231 1095 1336 1124 etwas
1369 1089 1568 1134 gemihren,

179 1151 365 1195 Hoffnung
398 1150 566 1192 macheu,
599 1150 629 1184 ei
660 1151 861 1195 promittere
894 1151 1070 1184 vocabulo
1104 1151 1298 1194 respondet.
1349 1149 1505 1183 Polliceri
1534 1150 1570 1182 et

175 1211 367 1257 pollicitor-i
390 1211 575 1244 verborum
600 1211 688 1245 haec
712 1215 790 1244 sunt
809 1212 969 1255 exempla
991 1213 1082 1255 apud
1102 1211 1325 1246 Sallustium:
1349 1210 1452 1244 Cutil.
1471 1208 1569 1250 XXI,

180 1273 215 1307 2.
239 1272 367 1313 XXIII,
392 1271 427 1305 2.
451 1272 576 1313 XXVI,
598 1272 631 1305 3.
655 1273 814 1312 XXVIII,
839 1273 871 1306 1.
896 1274 1090 1314 XXXVIII,
1111 1273 1144 1307 1.
1169 1273 1243 1314 XL,
1266 1272 1301 1306 6.
1325 1271 1415 1312 XLI,
1433 1269 1467 1305 5.
1487 1269 1568 1315 lug.
1597 1282 1612 1290 r

180 1334 270 1372 1’111,
294 1333 326 1366 1.
352 1333 442 1374 XVI,
467 1332 502 1366 3.
528 1333 655 1375 XXIII,
678 1333 712 1366 2.
738 1333 904 1375 xxxvl,
928 1334 963 1369 2.
987 1333 1121 1376 XLIX,
1144 1333 1177 1367 4.
1203 1333 1297 1374 LVI,
1320 1332 1355 1365 2.
1378 1331 1509 1372 XCIII,
1534 1329 1570 1367 6.

181 1395 321 1435 XCvn,
337 1394 371 1428 2.
391 1394 480 1427 CIII.
501 1393 534 1429 7.
559 1394 647 1434 CXI,
669 1394 700 1426 l.
742 1394 949 1428 Promittere
972 1393 1101 1438 legitur
1125 1394 1202 1438 lug.
1221 1393 1359 1434 XLVII,
1379 1392 1412 1427 4.
1430 1391 1571 1432 LXXX,

181 1455 216 1491 3.
240 1455 338 1498 CXI,
363 1454 398 1488 3.
422 1454 556 1495 CXIII,
592 1454 632 1487 1ι
675 1454 810 1497 Quibus
833 1456 924 1489 inter
947 1467 984 1488 se
1006 1454 1144 1489 collatis
1168 1454 1272 1487 l'acile
1295 1458 1392 1498 patet
1415 1454 1571 1497 plerum-

181 1527 250 1560 que
281 1526 324 1555 ex
362 1514 509 1548 arbitrio
541 1514 687 1548 dicentis
723 1517 893 1558 pendere,
923 1521 1042 1550 utrum
1066 1515 1298 1560 graviorem,
1330 1526 1377 1549 an
1402 1515 1570 1549 leniorem

180 1574 371 1610 voluntatis
400 1575 631 1609 declarandae
665 1577 807 1610 modum
839 1578 1076 1612 adhibendum
1100 1580 1214 1621 putet3
1247 1576 1275 1610 si
1301 1576 1378 1620 quis
1401 1587 1484 1609 vero
1506 1585 1571 1609 sua

181 1640 303 1680 sponte
325 1634 458 1680 aliquid
482 1636 630 1677 offerat,
658 1640 719 1669 aut
745 1637 781 1671 id
805 1643 912 1682 agat,
937 1644 974 1672 ut
998 1638 1098 1682 quasi
1123 1638 1281 1682 praemio
1305 1637 1480 1681 proposito
1503 1636 1572 1670 ali-

181 1708 288 1741 quem
312 1696 348 1730 in
371 1706 451 1729 suas
475 1701 591 1740 partes
615 1697 795 1741 traducat,
830 1703 901 1743 aut,
926 1700 969 1732 ad
1002 1709 1076 1733 rem
1100 1709 1268 1742 magnam
1293 1698 1469 1741 impellat,
1501 1707 1571 1730 non

182 1758 314 1793 mirum
337 1768 412 1790 csse
435 1757 464 1791 si
487 1757 696 1791 efficacioris
721 1769 839 1792 sensus
864 1760 1009 1792 verbnm
1031 1759 1188 1803 polliceri
1214 1763 1409 1802 usurpetur.

274 1819 429 1852 xm'm.
447 1819 478 1859 §.
500 1818 533 1852 1.
548 1823 582 1852 et
599 1818 634 1853 2.
682 1830 723 1852 ac
749 1831 784 1853 sc
805 1821 875 1854 suis
900 1820 1047 1863 artibus]
1074 1820 1111 1852 In
1135 1819 1310 1852 nonnullis
1328 1817 1438 1852 Cortii
1458 1817 1569 1859 codd.,

184 1891 271 1925 quos
297 1879 357 1912 ille
390 1883 506 1912 tamen
540 1891 608 1913 non
640 1879 817 1921 nominat,
856 1885 893 1914 ut
924 1881 1029 1914 etiam
1061 1879 1096 1913 in
1131 1879 1252 1924 paucis
1274 1885 1354 1913 ante
1379 1879 1572 1912 Gruterum

185 1940 323 1976 collatis
347 1945 380 1974 et
403 1939 515 1974 Paris.
531 1941 565 1973 h.
589 1941 726 1974 inverso
749 1940 870 1974 ordine
893 1941 1043 1986 legitur:
1079 1953 1120 1974 ac
1145 1942 1215 1976 suis
1237 1952 1273 1974 se
1297 1941 1449 1981 artibus,
1480 1948 1573 1983 quae

183 2002 373 2036 verborum
406 2001 592 2035 collocatio
623 2002 735 2036 multo
768 2002 884 2047 magis
913 2013 1019 2046 quam
1050 2002 1198 2047 vulgata
1232 2001 1394 2036 Latinum
1418 1988 1573 2035 colorem

183 2062 317 2103 refert3
351 2072 386 2095 v.
411 2072 501 2105 quae
533 2061 576 2096 de
601 2063 678 2107 lege
702 2062 918 2107 pronominis
940 2062 1132 2107 personalis
1163 2061 1358 2097 collocandi
1381 2059 1574 2105 disputavi-

186 2135 265 2158 mus
289 2122 332 2157 ad
358 2123 461 2156 Catil.
486 2123 513 2164 1,
534 2122 568 2157 1.
617 2124 667 2157 Ac
690 2128 934 2168 praeterquam
959 2125 1048 2167 quod
1072 2123 1150 2167 ipsa
1173 2123 1362 2158 sententiae
1384 2122 1477 2157 ratio
1491 2132 1574 2166 pae-

187 2196 231 2219 ne
254 2184 408 2228 postulat
439 2185 527 2230 cluis,
557 2184 594 2218 in
625 2196 694 2228 quo
726 2185 899 2218 vocabulo
934 2185 985 2218 vis
1017 2184 1122 2227 inest,
1155 2183 1350 2229 praemitti,
1384 2182 1575 2217 consimili·

187 2245 282 2280 Livii
304 2245 401 2282 locus
427 2244 520 2279 idem
543 2246 677 2288 suadet,
702 2246 762 2280 lib.
788 2246 900 2287 XXII,
924 2246 980 2288 16,
1004 2244 1038 2279 5.
1092 2245 1164 2279 Nec
1190 2246 1422 2279 Hannibalem
1440 2244 1575 2289 fefellit

188 2307 286 2340 ouis
317 2317 361 2340 se
385 2305 518 2340 artibus
540 2307 625 2350 peti.
644 2328 690 2333 —
721 2307 838 2340 serbis
862 2306 885 2339 i.
909 2318 939 2340 e.
963 2306 1096 2349 specte,
1121 2305 1178 2340 cui
1202 2306 1387 2350 respondet
1408 2317 1467 2347 re,
1490 2304 1574 2339 illu-

187 2366 376 2401 stravimus
410 2367 454 2400 nd
487 2367 562 2401 Cat.
584 2367 665 2409 LII,
702 2366 759 2401 35.
792 2379 812 2410 p
849 2366 918 2401 279
977 2368 1114 2402 Curtius
1147 2373 1325 2411 praeterea
1355 2365 1576 2409 comparavit

188 2427 266 2462 Liv.
292 2427 435 2469 XXXV,
458 2427 518 2471 46,
543 2427 576 2461 6.
602 2429 777 2469 xxxvii,
801 2426 857 2468 53,
882 2427 916 2461 4.
941 2446 985 2453 —
1014 2429 1156 2463 'tentati
1178 2428 1202 2462 i.
1226 2439 1255 2462 e.
1272 2429 1323 2463 'ad
1347 2427 1574 2462 deficiendum

189 2487 322 2527 illecti3
357 2499 389 2522 v.
414 2488 458 2522 ad
485 2488 622 2530 xm‘n,
647 2489 681 2524 2.
704 2509 749 2515 —
779 2489 971 2522 'I'ramitcm
1003 2489 1141 2523 Cortius
1174 2501 1247 2522 esse
1281 2488 1366 2522 dicit
1389 2489 1483 2523 viam
1508 2498 1575 2521 nou

191 2548 402 2590 militarem,
437 2550 497 2583 sed
532 2554 738 2595 augustam,
769 2550 961 2593 privatum,
996 2553 1030 2583 et
1061 2561 1152 2593 qnae
1183 2550 1287 2583 simul
1312 2549 1416 2583 faciat
1443 2547 1576 2582 itineris

193 2609 459 2652 compendium,
486 2611 566 2644 coll.
593 2610 725 2644 Iustino
750 2611 948 2653 xxxviii,
974 2609 1007 2651 9,
1031 2611 1064 2645 6.
1089 2611 1162 2645 Liv.
1189 2611 1230 2652 II,
1255 2611 1312 2653 39,
1335 2610 1369 2644 3.
1394 2609 1464 2644 Cic.
1490 2609 1575 2642 Phi—

192 2669 277 2713 lipp.
307 2670 400 2710 xm,
423 2670 457 2711 9,
482 2671 537 2705 19.
563 2672 650 2706 Sall.
680 2673 756 2716 lug.
782 2674 971 2714 XXXVIII,
998 2672 1029 2705 1.
1081 2673 1169 2705 Vera
1193 2672 1300 2711 lmec3
1324 2670 1381 2704 aed
1405 2669 1495 2713 quod
1519 2670 1575 2703 in-

195 2732 239 2765 de
261 2731 401 2765 coniicit
425 2744 705 2776 unumquemque
729 2733 904 2766 traniitem
931 2744 993 2776 pcr
1018 2743 1056 2766 eo
1077 2744 1151 2766 esse
1173 2733 1358 2772 occultum,
1381 2742 1491 2774 coque
1515 2741 1576 2764 vt>-

197 2803 274 2828 ram
298 2792 456 2827 Sallustii
490 2804 633 2827 manum
657 2793 692 2828 in
714 2794 791 2828 cod.
826 2794 974 2829 Ecoard.
1005 2793 1155 2837 haberi,
1191 2791 1251 2836 qui
1279 2792 1424 2826 occultos
1446 2790 1576 2833 omisit,
