1630 3034
469 119 832 200 IUGURTHA.
893 155 1022 200 CAP.
1051 155 1179 200 XIX.
1434 161 1514 202 121

132 288 184 316 ea
220 271 396 330 dividit,
431 272 627 317 secundo
663 273 772 315 mari
808 273 953 332 prima
991 272 1168 331 Cyrene
1206 280 1295 330 est,
1340 274 1514 319 colonia

131 369 396 425 Theraeon,
441 385 494 413 ae
533 368 747 428 deinceps
788 368 920 412 duae·
955 368 1134 427 Syrtes,
1189 369 1390 428 interque
1440 386 1514 414 eas

130 465 314 525 Leptis,
351 464 513 510 deinde
540 465 788 509 Philaenon
826 481 956 521 arae,
995 480 1128 523 quem
1161 461 1312 509 locum
1356 467 1516 527 Aegy—

129 629 247 657 errare
269 629 338 652 non
361 619 493 662 potuit,
518 629 729 662 quamquam
755 618 889 662 potuit,
911 629 979 651 non
1003 621 1137 652 mutata
1159 620 1348 661 sententia,
1382 631 1516 653 memo-

129 679 205 713 riae
227 680 326 723 lapsu
348 681 459 713 satius
486 691 547 723 pro
571 680 692 712 melius
717 679 842 712 dicere.
890 678 1026 722 Quibus
1050 679 1138 713 haec
1163 692 1232 714 non
1267 680 1349 714 satis
1383 680 1517 715 faciunt

128 740 258 774 frustra
289 739 459 774 auxilium
491 744 606 784 petent
629 751 650 773 a
674 740 831 773 Sallustii
854 739 1108 781 imitatoribus3
1144 752 1225 774 nam
1249 741 1433 785 vulgatam
1456 752 1518 774 ex·-

128 801 254 844 pressit
275 800 436 844 Appulei.
461 801 502 833 de
528 801 658 834 Mundo
683 812 716 843 p.
742 799 799 833 (58.
827 800 869 833 de
888 805 1019 833 rectore
1039 802 1164 844 quippe
1189 803 1339 835 omnium
1364 813 1452 842 non,
1477 807 1516 836 ut

129 862 181 895 ait
197 861 275 903 ille,
298 862 446 895 silere
469 861 590 894 melius
611 866 682 902 est,
707 861 768 893 secl
784 861 837 893 vel
853 872 981 904 parum
1000 862 1135 902 dicere,·
1171 867 1290 896 eontra
1324 862 1515 906 Quintilia-

127 933 212 955 num
245 921 400 965 sequitm·
435 921 641 965 Hieronym.
675 922 738 964 Ep.
772 921 814 954 ad
839 921 989 971 Paullin.
1024 923 1111 956 cm.
1143 934 1245 967 super
1272 935 1335 967 quo
1353 928 1517 957 tacere

127 984 249 1016 melius
262 988 347 1027 puto
361 1007 372 1024 ‚
391 993 494 1026 quam
510 993 626 1025 pauca
645 982 812 1022 scribere5
835 983 926 1015 unde
949 983 978 1016 si
1002 995 1070 1016 non
1094 984 1187 1017 aliud
1202 1010 1211 1026 ‚
1244 985 1314 1018 hoc
1346 988 1437 1018 certe
1467 984 1516 1017 in-

127 1044 320 1089 telligitur,
353 1043 426 1076 iam
457 1042 579 1085 primis
611 1046 750 1075 nostrae
782 1053 886 1076 aerae
915 1044 1040 1077 seculis
1074 1044 1134 1077 hie
1164 1044 1239 1077 illie
1276 1045 1448 1088 quaedam
1480 1045 1516 1078 iu

129 1105 228 1139 codd.
263 1104 405 1138 turbata
437 1102 562 1144 fuisse,
597 1102 664 1135 nisi
697 1107 730 1135 et
762 1103 979 1146 Appuleium
1013 1108 1047 1137 et
1078 1104 1335 1149 Hieronymum
1359 1105 1517 1140 Sallustii

128 1166 237 1199 verba
260 1163 462 1198 memoriter
486 1166 631 1203 tantum,
660 1174 771 1205 neque
796 1168 959 1197 accurate
989 1164 1144 1198 imitatos
1168 1177 1242 1199 esse
1266 1170 1423 1209 apparet.

220 1228 252 1267 ἓ.
277 1224 311 1258 3.
338 1224 386 1258 ad
413 1223 668 1256 Catabathmon
691 1242 736 1246 —-
763 1223 910 1256 secundo
935 1225 1026 1257 mari
1042 1225 1158 1268 prima
1182 1226 1310 1269 Cyrene
1328 1227 1394 1270 est}
1417 1228 1518 1261 Haec

127 1289 166 1319 ut
197 1289 291 1319 recte
317 1283 558 1327 intelligantur
591 1282 776 1316 tenendum
811 1287 863 1317 est
888 1283 1093 1318 Sauustium
1117 1285 1152 1318 in
1175 1286 1316 1320 Africae
1338 1291 1439 1331 parte
1461 1299 1518 1331 ea,

127 1355 219 1389 quae
252 1355 351 1378 mare
381 1343 674 1377 mediterraneum
707 1343 869 1388 attingit,
904 1345 1129 1379 describenda
1161 1346 1211 1379 ita
1235 1349 1382 1390 versari,
1407 1353 1446 1383 ut
1471 1350 1517 1383 ab

127 1405 260 1439 oriente
292 1404 468 1448 profectus
501 1407 537 1437 et
567 1404 666 1436 vultu
699 1404 797 1447 quasi
832 1405 868 1438 in
911 1406 1124 1439 occidentem
1168 1407 1279 1441 solem
1318 1420 1517 1451 conversus,

127 1466 282 1500 breviter
311 1476 400 1508 quae
431 1464 520 1498 inter
553 1464 754 1508 Aegyptum
787 1469 820 1499 et
852 1466 979 1500 fretum
1011 1466 1176 1500 Herculis
1207 1467 1414 1502 interiacent
1436 1481 1518 1512 per-

127 1530 270 1566 currat,
291 1527 448 1560 locorum
473 1523 629 1558 ordinem
662 1526 706 1558 ad
741 1537 840 1560 oram
873 1527 981 1561 maris
1012 1527 1158 1561 sitorum
1188 1539 1342 1562 servans.
1399 1530 1518 1573 Quare

129 1588 177 1621 ad
213 1586 467 1620 Catabathmon
498 1596 565 1618 non
598 1596 673 1618 esse
703 1590 815 1629 potest
834 1598 943 1631 prope
973 1589 1247 1628 Catabathmon,·
1271 1588 1402 1622 erravit
1423 1589 1517 1622 enim

127 1648 287 1681 Handius
311 1648 354 1681 de
376 1645 526 1681 Partice.
552 1646 629 1679 Lat.
656 1646 734 1680 vol.
759 1647 785 1680 1.
811 1659 843 1690 p,
868 1647 925 1682 90.
950 1648 1043 1682 hunc
1067 1649 1184 1682 locum
1209 1649 1250 1682 iis
1271 1660 1518 1692 annumerans,

127 1707 164 1741 in
201 1707 328 1751 quibus
360 1707 407 1741 ad
442 1707 658 1740 vicinitatem
690 1707 760 1740 loci
794 1707 924 1742 indicat
948 1710 992 1742 ab
1018 1709 1206 1743 accedendi
1228 1708 1386 1751 notione;
1412 1711 1518 1744 Cata-

126 1768 298 1802 bathmon
329 1768 421 1801 enim
458 1769 595 1802 initiam
628 1779 757 1811 ponens
787 1769 975 1803 Sallustius
1008 1769 1053 1803 ab
1086 1780 1127 1802 eo
1161 1770 1305 1804 discedit
1335 1770 1450 1813 potius
1482 1771 1518 1804 in

128 1828 358 1872 descriptione
382 1832 507 1870 terrae,
531 1839 637 1871 quam
662 1829 807 1865 accedit.
844 1830 946 1873 Quod
970 1829 1120 1864 sentiens
1144 1829 1349 1864 ciacconius
1373 1830 1520 1865 coniecit

126 1888 348 1923 scribendum
372 1901 446 1923 esse
469 1902 492 1924 a
511 1890 764 1931 Catabathmo,
789 1893 829 1923 ut
853 1901 935 1924 sane
959 1893 1070 1923 exstat
1093 1889 1128 1922 in
1153 1889 1284 1923 Wassii
1317 1891 1392 1924 cod.
1418 1892 1457 1925 L.
1481 1891 1516 1925 3.

128 1948 198 1982 Sed
223 1949 371 1994 vulgata
402 1961 470 1983 non
503 1953 556 1983 est
590 1950 821 1984 sollicitanda.
869 1951 924 1983 Aa
948 1949 1041 1984 enim
1066 1950 1108 1983 de
1132 1950 1252 1984 ordine
1278 1949 1427 1992 dieitur,
1449 1962 1518 1994 quo

128 2021 184 2044 res
213 2021 249 2043 se
278 2010 474 2053 excipiunt,
507 2020 575 2052 quo
611 2021 711 2043 sensu
746 2009 917 2043 Germani
955 2009 1229 2053 praepositiones
1265 2014 1332 2054 auf
1361 2015 1395 2045 et
1426 2012 1519 2045 nach

130 2073 308 2114 usurpant.
332 2070 378 2103 cf.
400 2069 475 2103 Cic.
501 2070 543 2102 de
567 2069 670 2105 Finn.
694 2070 765 2110 111,
792 2070 858 2112 16,
883 2069 940 2104 52.
965 2081 1107 2114 quorum
1124 2070 1207 2103 ordo
1232 2072 1388 2114 proxime
1418 2083 1518 2106 acce-

130 2129 203 2170 dit,
226 2134 266 2162 ut
289 2130 517 2162 secandus
542 2130 585 2162 sit
605 2130 662 2162 ad
680 2130 817 2174 regium
830 2131 1087 2174 principatum,
1123 2140 1226 2172 quem
1251 2130 1369 2164 locum
1395 2143 1520 2176 perpe-

130 2199 208 2222 ram
239 2199 260 2222 a
291 2188 484 2223 Goerenzio
518 2189 731 2223 intellectum
765 2193 857 2223 recte
888 2189 1078 2233 explicavit
1111 2189 1271 2224 Handius
1304 2191 1347 2224 de
1370 2192 1520 2228 Particc.

130 2249 208 2282 vol.
233 2249 259 2282 Ι.
283 2260 318 2291 p.
341 2248 399 2282 91.
425 2249 635 2282 Sallustium
659 2250 866 2283 verbotenus
890 2249 1043 2293 sequitur
1073 2249 1169 2283 Mela
1200 2251 1240 2294 1,
1278 2249 1310 2285 8,
1347 2251 1428 2285 inde
1460 2253 1520 2286 ad

133 2309 387 2343 Catabathmon
419 2309 604 2353 Cyrenaica
632 2311 808 2354 provincia
837 2315 898 2345 est.
930 2311 974 2343 cf.
1006 2309 1094 2343 Plin.
1129 2310 1175 2343 H.
1207 2311 1251 2345 Ν.
1282 2312 1447 2355 xxvm,
1480 2312 1517 2353 9,

131 2373 208 2414 post
236 2368 311 2403 init.
336 2369 576 2403 Dulcissimum
603 2371 659 2403 ad
690 2370 835 2404 hominis
864 2371 1067 2403 camelinum
1094 2371 1161 2406 lac.
1186 2391 1232 2396 —
1249 2372 1404 2406 Secundo
1428 2373 1520 2407 mari

131 2429 287 2471 Genius,
311 2428 539 2462 Kunhardtus
563 2433 597 2463 et
620 2430 810 2464 Muellerus
838 2430 985 2473 pessime
1007 2429 1059 2463 ita
1085 2430 1248 2475 capiunt,
1272 2432 1371 2475 quasi
1396 2436 1520 2468 auctor

131 2488 274 2523 dixerit=
308 2493 386 2532 post
419 2490 691 2524 Catabathmum
734 2491 893 2534 Cyrenen
922 2490 1073 2534 primam
1104 2502 1197 2534 esse;
1228 2494 1396 2535 secando,
1432 2494 1454 2527 i.
1487 2506 1517 2530 e.

132 2551 242 2584 altero
270 2550 359 2594 loco,
393 2549 468 2583 sive
500 2550 657 2593 proxime
689 2554 764 2594 post
793 2551 950 2595 Cyrenen
983 2563 1057 2586 csse
1079 2564 1188 2589 mare.
1235 2554 1313 2587 Non
1336 2554 1518 2588 meliorem

132 2610 303 2645 rationem
326 2610 405 2644 iniit
425 2611 486 2644 Fr.
511 2611 727 2652 Gronovius,
754 2623 794 2644 ex
821 2611 920 2645 cuius
952 2612 1095 2647 scholiis
1127 2613 1163 2647 in
1195 2613 1404 2649 Sallustium
1430 2615 1518 2649 Cor-

132 2670 202 2704 tius
223 2670 315 2704 hane
337 2671 484 2714 protulit
506 2671 792 2715 explicationem,
818 2672 1009 2706 Gerlachio
1033 2674 1235 2717 probatam,
1261 2674 1407 2708 secundo
1425 2676 1519 2709 mari

134 2729 265 2764 dictum
290 2741 366 2765 esse
388 2733 427 2765 ut
451 2731 598 2766 seeundo
608 2733 779 2775 flamine,
811 2731 945 2767 scilicet
966 2733 1050 2777 quia
1070 2745 1166 2768 mare
1186 2734 1229 2768 ab
1259 2735 1364 2769 Asiae
1383 2735 1516 2779 angulo
