1630 3034
436 170 779 213 οΑΤιιῐΝΑ.
837 140 1113 214 cAP.1.1v.
1373 178 1461 221 28?

67 286 274 346 aequalia
309 286 457 340 fuere3
507 286 775 348 magnitudo
820 286 956 332 animi
999 302 1106 347 par,
1151 286 1260 334 item
1295 290 1464 351 gloria,

67 378 149 423 sed
187 380 276 423 alia
318 380 407 424 alii.
488 375 655 424 Caesar
700 379 930 423 beneficiis
976 385 1110 437 atque
1156 382 1499 433 munificentia2

68 485 259 530 magnus
320 469 599 526 habebatur,
665 470 919 530 integritate
980 472 1096 515 vitae
1152 472 1279 517 Cato.
1372 475 1460 519 llle

68 562 407 606 mansuetudine
461 568 507 606 et
558 537 864 606 misericordia
930 562 1076 607 clarus
1130 564 1297 620 factus,
1350 565 1464 611 huio

68 654 274 696 severitas
310 654 572 713 dignitatem
594 653 844 698 addiderat.
893 627 1058 699 (iaesar
1094 655 1264 714 dando,
1300 658 1497 707 suble-3

66 744 242 799 vand0‚
288 745 594 805 ignoscendo,
650 745 764 790 Cato
812 745 927 789 nihil
973 746 1216 806 largiundo
1263 749 1458 808 gloriam

68 898 308 942 interpositam
351 911 437 934 esse.
461 920 508 925 —
551 899 740 934 Praeterea
789 900 955 935 orationis
1006 902 1177 936 notandus
1226 902 1460 946 pleonasmus,

64 956 304 1001 negligentia,
337 961 378 991 ut
400 958 561 999 videtur,
595 961 712 999 ortus3
746 968 830 991 nam
862 961 924 991 aut
947 954 1104 1000 silentio,
1136 964 1197 994 aut
1220 971 1310 1004 quae
1334 960 1414 995 inde
1435 972 1459 996 a

67 1015 247 1048 consilium
284 1016 452 1060 leguntur
482 1026 743 1059 supervacanea
782 1019 871 1049 sunt.
929 1015 1072 1050 Silentia
1104 1021 1221 1051 autem
1253 1030 1321 1051 non
1353 1029 1459 1062 prae*-

64 1072 170 1105 terire
197 1073 377 1116 quoniam·
398 1072 638 1107 affirmativae
661 1073 849 1106 sententiae
881 1072 956 1106 vim
987 1074 1116 1115 habet,
1149 1075 1233 1118 quin
1265 1075 1459 1118 particulae

64 1129 206 1173 proprie
229 1131 328 1164 locus
352 1142 426 1164 esse
459 1142 528 1164 non
564 1124 721 1174 poterat3
753 1131 810 1163 sed
835 1134 950 1174 patet,
981 1136 1160 1166 auctorem
1190 1143 1270 1167 eam
1303 1137 1459 1167 tantum-

65 1188 172 1222 modo
195 1189 239 1221 ad
264 1189 375 1222 ver-lia
396 1198 464 1222 non
484 1182 678 1232 praeterire
706 1186 877 1221 retulisse.

158 1245 245 1278 LIV.
293 1248 326 1288 §.
349 1246 383 1280 1.
432 1248 507 1280 alia
531 1245 619 1289 alii]
658 1244 758 1278 Haec
790 1255 859 1278 non
880 1247 975 1279 reete
1009 1245 1102 1290 cepit
1125 1246 1318 1287 Miillerus'‚
1351 1247 1459 1282 inter-

64 1305 240 1345 pretatus:
265 1303 380 1345 „aliis
403 1305 507 1338 rebus
533 1307 682 1346 uterque
704 1302 772 1336 fuit
797 1303 953 1336 diversus
975 1304 1021 1337 ab
1044 1305 1167 1339 altero.
1182 1307 1206 1324 “
1252 1305 1344 1339 Nam
1368 1316 1459 1348 quae

63 1363 259 1403 sequuntur
283 1373 352 1395 non
377 1371 455 1394 eam
478 1360 553 1394 vim
577 1361 731 1401 habent,
765 1363 804 1393 ut
836 1360 924 1394 alias
955 1373 1010 1395 res
1041 1367 1146 1406 atque
1175 1363 1459 1406 magnitudinem

65 1418 175 1451 animi
198 1423 232 1451 et
255 1419 407 1463 gloriam
431 1418 626 1458 illustrent,
660 1417 721 1450 sed
744 1421 783 1450 ut
816 1417 1073 1461 demonstrent,
1106 1420 1186 1453 illos
1216 1420 1371 1464 gloriam
1394 1431 1459 1464 pa-

64 1486 141 1508 rem
165 1475 305 1509 diversa
340 1475 402 1509 via
424 1487 500 1509 esse
522 1477 737 1508 consecutos.
784 1475 959 1518 Quocirca
991 1477 1065 1510 alia
1088 1489 1157 1510 non
1178 1483 1303 1512 neutro
1327 1478 1459 1522 plurali

65 1533 273 1577 capiendum
298 1537 372 1575 est,
403 1534 464 1568 sed
499 1534 543 1567 a'd
578 1532 695 1578 gloria
721 1532 955 1569 referendum.
1003 1536 1096 1577 Alii,
1127 1535 1213 1569 licet
1248 1534 1291 1569 de
1322 1537 1460 1570 duobus

64 1595 202 1625 tantum
238 1591 390 1632 dictum,
432 1590 665 1625 necessarium
698 1594 772 1624 erat
813 1596 953 1634 propter
985 1604 1230 1638 praegressum
1260 1595 1353 1636 alia,
1388 1605 1459 1638 qua

63 1660 151 1682 voce
174 1649 355 1692 utriunque
379 1648 495 1693 gloria
512 1648 667 1682 nondum
689 1647 864 1691 explicata
888 1653 922 1683 et
945 1649 1121 1685 illustrata
1140 1652 1457 1694 comprehenditur.

63 1705 119 1740 Ad
142 1710 302 1740 mutuam
334 1706 444 1751 igitur
473 1706 645 1740 rationem
680 1717 770 1749 quae
802 1705 892 1739 inter
922 1717 977 1739 res
1016 1711 1052 1740 et
1083 1719 1247 1751 personas
1279 1709 1461 1743 intercedit

63 1761 330 1807 significandam
356 1776 442 1808 opus
466 1768 561 1806 erat,
596 1767 636 1797 ut
658 1775 830 1808 personae
860 1764 1075 1805 vocabulum
1100 1777 1181 1798 cum
1203 1766 1256 1800 rei
1281 1768 1461 1802 vocabulo

65 1825 285 1865 congrueret.
342 1822 477 1855 Eodem
508 1821 614 1856 modo
647 1821 735 1858 dixit
757 1820 877 1854 Livius
904 1822 931 1864 1,
959 1821 1018 1863 21,
1047 1823 1082 1857 6.
1118 1825 1171 1857 ita
1198 1825 1265 1858 duo
1299 1826 1461 1869 deinceps

64 1890 168 1924 reges
191 1879 282 1913 alius
307 1880 380 1913 alia
403 1880 483 1919 via,
507 1880 566 1913 ille
592 1879 688 1920 bello,
713 1879 768 1912 hic
789 1872 900 1922 pace,
926 1880 1104 1914 civitatem
1128 1888 1317 1917 auxerunt.
1365 1883 1461 1927 Quia

64 1947 134 1969 non
157 1940 296 1980 poterat
319 1937 434 1971 dicere
456 1939 572 1970 altera
598 1937 672 1977 υἰα,
695 1937 849 1970 nondum
873 1936 966 1970 euim
991 1938 1033 1972 de
1055 1939 1100 1972 iis
1123 1939 1191 1973 viis
1216 1940 1347 1974 dictum
1372 1943 1460 1982 erat,

64 2004 133 2027 non
156 1994 270 2037 potuit
292 1994 400 2029 etiam
425 1996 515 2029 alter
538 1993 743 2038 pronomine
766 1994 831 2027 uti.
878 1994 966 2029 lbid.
995 1996 1024 2040 1,
1055 1995 1113 2037 25,
1136 1997 1170 2031 5.
1208 1998 1276 2031 duo
1306 1997 1459 2031 Romani

66 2062 168 2095 super
190 2054 307 2086 alium
325 2054 436 2095 alius,
469 2053 660 2086 vulneratis
682 2053 793 2085 tribus
818 2052 984 2094 Albanis,
1011 2056 1224 2098 exspirantes
1245 2059 1458 2089 corruerunt.

160 2111 193 2150 §-
217 2109 250 2143 3.
298 2111 414 2144 dando
438 2130 484 2136 —-
508 2111 598 2144 nihil
630 2108 840 2153 largiundo]
888 2109 984 2143 Scite
1016 2112 1168 2145 Dahlius
1200 2111 1460 2153 animadvertit,

67 2165 256 2200 artificiose
289 2168 483 2210 callideque
511 2168 599 2202 haec
630 2177 652 2198 a
678 2165 846 2199 Sallustio
877 2165 929 2199 ita
964 2167 1031 2199 sibi
1066 2167 1215 2211 opponi,
1248 2172 1287 2202 ut
1309 2168 1458 2202 nimium

67 2222 242 2267 largiendi
275 2223 313 2257 iu
335 2224 486 2259 Caesare
507 2223 662 2258 studium
694 2234 764 2256 non
796 2223 900 2256 modo
935 2226 1076 2268 tegatur
1096 2229 1366 2270 excuseturque,
1398 2226 1461 2260 sed

68 2279 177 2314 etiam
199 2281 236 2314 in
260 2281 401 2314 laudem
423 2284 587 2314 vertetur.
609 2298 655 2304 —-
679 2280 746 2313 Est
769 2284 851 2323 post
874 2279 1032 2324 adeptus,
1057 2283 1149 2325 quod
1173 2294 1292 2318 omnes
1314 2284 1457 2326 habent,

69 2337 172 2377 libri,
210 2336 348 2372 eortius
387 2338 490 2372 tacite
531 2337 660 2371 omisit.
726 2338 852 2372 Paullo
895 2343 976 2372 ante
1009 2343 1126 2374 tamen
1168 2341 1274 2386 longe
1313 2342 1458 2386 plurimi

68 2395 233 2429 omittunt
254 2398 331 2438 post
346 2397 487 2438 sactus,
513 2406 574 2429 sex
597 2398 733 2429 tantum
755 2399 984 2440 postponunt,
1014 2409 1103 2432 unus
1125 2399 1306 2442 praefixit,
1331 2400 1459 2443 quibus

68 2453 166 2486 nulla
197 2452 295 2487 fides.
354 2453 424 2487 Pro
455 2454 660 2497 perfugium
705 2453 862 2486 nonnulli
896 2456 1095 2500 refugium,
1141 2456 1205 2490 alii
1239 2457 1458 2502 profugium.

68 2509 137 2543 Sed
161 2509 325 2552 quoniam
348 2512 538 2555 profugere
560 2513 611 2543 cst
634 2504 818 2554 aufugere,
842 2510 998 2554 incerto,
1023 2513 1106 2557 quid
1131 2518 1239 2557 petas,
1264 2515 1328 2559 (cf.
1353 2514 1457 2549 catil.

69 2567 136 2608 vl,
163 2567 196 2602 1.
231 2567 376 2601 Troiani
412 2568 533 2600 Aenea
573 2567 659 2600 duce
690 2569 839 2612 profugi
871 2569 1008 2602 sedibus
1040 2571 1178 2604 incertis
1219 2573 1456 2616 vagabantur.

69 2625 146 2669 lug.
170 2625 311 2665 XXXV,
336 2626 369 2658 1.
405 2624 493 2665 LVI,
511 2623 545 2657 (3.
576 2625 764 2667 Lxxvlu,
783 2626 815 2658 1.
852 2626 909 2659 cui
938 2637 1006 2660 non
1041 2628 1156 2661 obstat
1178 2629 1254 2673 lug.
1286 2627 1381 2669 XssI,
1405 2627 1456 2671 4.)

69 2673 225 2725 sequ'itur
252 2683 478 2728 profugium,
511 2692 579 2726 quo
614 2686 726 2718 certus
762 2683 860 2717 loeus
892 2684 1129 2729 significetur,
1161 2695 1230 2719 non
1260 2689 1357 2719 recto
1387 2683 1457 2718 dici
