1630 3034
189 175 272 216 460
512 199 515 201 -
555 167 603 210 G.
633 165 954 210 SALLUSTI
984 164 1204 209 CRISPI

180 274 274 329 Χίὶὶίς
319 284 505 328 artificio
552 298 666 343 opus
715 288 807 340 est,
852 288 902 326 ut
948 270 1095 343 turpia
1125 282 1246 326 facta
1276 283 1475 327 oratione
1503 290 1586 328 te-·

125 397 180 438 32
192 387 313 443 gant.
385 382 546 438 Neque
589 380 755 424 litteras
798 378 997 424 Graecas
1045 379 1203 433 didici3
1241 395 1403 446 parum
1427 380 1577 440 place-

191 481 271 524 bat
306 493 379 523 eas
418 477 607 533 discere,
643 477 817 537 quippe
846 491 962 535 quae
993 476 1053 520 ad
1082 477 1289 521 virtutem
1322 477 1576 521 doctoribus
1627 511 1630 514 Α

123 589 177 628 33
191 577 302 622 nihil
338 575 616 636 profuerunt.
689 575 751 618 At
791 574 866 618 illa
909 574 1049 618 multo
1085 579 1270 634 optuma
1303 574 1578 634 reipublicae

192 677 349 720 doctus
382 688 505 727 sum,
550 670 726 715 hostem
764 670 921 728 ferire,
966 670 1189 731 praesidia
1230 659 1439 732 agitareJ
1472 671 1579 715 nihil

191 779 391 817 metuere
436 769 516 813 nisi
560 774 736 829 turpem
791 768 981 824 famam,
1034 767 1230 812 hiemem
1281 774 1327 812 et
1364 773 1578 812 aestatem

191 939 266 974 nuit
293 934 523 971 Doederlinus
546 934 777 978 Synonffmm.
811 933 904 966 Latt.
921 932 965 966 Τ.
987 933 1018 966 1.
1050 943 1087 976 p.
1111 931 1190 967 146.
1215 935 1250 968 et
1273 932 1320 968 Τ.
1345 933 1404 969 m.
1427 944 1460 976 p.
1484 930 1580 973 313„

191 1001 374 1045 Spalding.
402 998 445 1033 ad
468 994 615 1039 Quintil.
638 994 700 1035 ΙΙΙ,
725 993 758 1035 l,
783 992 818 1027 5.
866 994 936 1027 Sed
959 1004 1021 1026 nos
1044 1004 1221 1036 veremur,
1253 1005 1296 1028 nc
1329 1005 1492 1039 parum
1523 993 1579 1026 hic

191 1064 277 1096 liber
299 1060 410 1094 mellis
435 1062 470 1092 et
501 1055 669 1090 absinthii
703 1055 896 1088 multum
926 1053 1054 1089 habere
1078 1055 1242 1089 videatur
1257 1079 1268 1097 ,
1293 1059 1328 1089 et
1350 1055 1581 1088 Frotscherus

190 1124 226 1157 in
259 1123 402 1155 Excurs.
427 1119 486 1152 lv.
520 1117 564 1151 ad
598 1116 747 1160 Quintil.
771 1116 826 1157 X,
858 1115 892 1158 1,
917 1115 997 1149 130.
1032 1128 1066 1160 p,
1099 1110 1181 1152 255.
1212 1116 1273 1160 qui
1302 1117 1391 1151 haec
1423 1115 1583 1150 laudavit

189 1184 364 1228 exempla:
401 1181 473 1215 Cic.
508 1178 616 1211 Tusc.
642 1178 692 1220 V,
727 1176 793 1217 14,
816 1175 875 1211 41.
928 1176 1093 1210 Volumus
1125 1177 1217 1210 enim
1242 1188 1343 1219 eum,
1375 1177 1435 1222 qui
1461 1177 1582 1211 beatus

190 1247 256 1289 sit,
282 1249 396 1279 tutum
420 1253 517 1286 esse,
545 1238 869 1285 inexpugnabilem,
904 1242 1038 1281 septum
1071 1242 1178 1282 atque
1208 1239 1403 1279 munitum3
1442 1250 1512 1272 non
1542 1242 1581 1272 ut

187 1317 334 1352 parvo
367 1309 461 1339 metu
488 1302 673 1347 praeditus
703 1301 777 1340 sit,
812 1298 873 1332 sed
905 1303 945 1332 ut
979 1299 1118 1332 nullo.
1170 1300 1216 1333 Ut
1247 1300 1338 1334 enim
1369 1301 1529 1334 innocens
1552 1299 1581 1332 is

189 1369 339 1410 dicitur,
363 1378 433 1400 non
456 1365 516 1410 qui
541 1364 662 1398 leviter
685 1366 804 1401 nocet,
836 1360 898 1394 scd
924 1360 984 1404 qui
1006 1360 1095 1393 nihil
1117 1365 1237 1401 ποθείς
1267 1361 1317 1394 sic
1337 1361 1412 1394 sine
1435 1365 1530 1394 metu
1552 1359 1582 1392 is

188 1428 370 1462 habendus
393 1431 463 1467 est,
498 1437 568 1459 non
590 1425 649 1469 qui
672 1433 834 1468 parum
857 1422 1002 1463 metuit,
1035 1421 1097 1454 scd
1120 1421 1179 1465 qui
1202 1404 1338 1455 omnino
1362 1425 1480 1454 metu
1512 1431 1582 1453 va-

187 1482 276 1524 cut.
311 1487 385 1521 Cic.
419 1487 461 1520 de
493 1487 583 1529 Rep.
607 1485 673 1526 IV,
696 1483 731 1519 8.
781 1483 861 1518 Νοη
895 1484 987 1517 enim
1004 1483 1119 1526 facile
1142 1482 1276 1517 valenti
1299 1482 1426 1526 populo
1449 1480 1583 1514 resisti-

187 1554 267 1589 tur,
301 1548 333 1581 si
368 1553 432 1582 aut
467 1547 587 1580 nihil
622 1545 803 1590 impertias
834 1545 948 1585 iuris,
983 1548 1047 1577 aut
1081 1555 1252 1587 parum.
1286 1543 1389 1576 Auct.
1424 1541 1508 1576 libri
1540 1541 1583 1574 de

173 1609 283 1642 -bello
307 1607 415 1642 Afric.
440 1619 469 1641 c.
493 1608 528 1642 2.
580 1609 656 1652 Ipse
685 1616 851 1652 parum
881 1610 1111 1639 commoratus
1143 1605 1231 1638 bona
1253 1615 1442 1648 paucorum
1464 1602 1583 1637 vendit

185 1671 332 1714 publice.
380 1670 418 1702 ln
446 1668 664 1711 paucissimis
689 1667 788 1700 codd.
813 1677 876 1710 pro
896 1678 1023 1710 parum
1039 1665 1170 1709 legitur
1193 1665 1298 1709 parvi
1306 1677 1318 1705 ‚·
1341 1663 1435 1708 quod
1458 1673 1582 1707 quam-

186 1741 295 1774 quam
319 1729 426 1764 etiam
452 1728 584 1763 Nonius
608 1728 667 1768 lv,
692 1727 752 1762 62.
789 1727 918 1768 habet,
956 1732 1072 1760 tamen
1095 1737 1163 1760 non
1189 1730 1240 1760 est
1262 1726 1408 1759 dubium
1434 1723 1517 1766 quin
1541 1734 1581 1755 ex

185 1790 456 1835 interpolatione
479 1793 595 1823 ortum
630 1788 686 1822 sit.
734 1787 802 1821 Sed
830 1788 920 1820 haec
954 1786 1031 1830 ipsa
1053 1797 1178 1820 caussa
1201 1786 1309 1820 fuisse
1330 1785 1470 1818 videtur
1485 1809 1495 1824 ‚
1519 1795 1582 1816 cur

187 1852 362 1893 Weisius,
386 1851 559 1885 mirificus
584 1848 892 1893 interpolationum
916 1852 1104 1891 patronus,
1127 1846 1164 1881 in
1187 1850 1320 1881 textum
1343 1845 1581 1889 recipere-t.—

189 1914 349 1957 Artfficio
373 1924 419 1945 sc.
444 1911 717 1955 compositorum
740 1909 941 1943 verborum.

281 1974 317 2016 §.
339 1972 396 2006 32.
448 1972 496 2006 ad
519 1972 682 2006 virtutem
706 1970 901 2004 doctoribus
924 1970 1014 2002 nihil
1032 1969 1263 2012 profuerunt]
1287 1969 1357 2002 Pro
1378 1968 1582 2012 profuerunt

188 2033 353 2079 permulti
397 2034 497 2067 codd.
540 2033 575 2066 in
614 2033 726 2076 iisque
764 2032 847 2066 Bas.
880 2031 915 2065 l.
951 2031 1028 2065 vfin.
1061 2031 1095 2064 1.
1128 2031 1182 2071 2.,
1224 2029 1382 2073 plerique
1415 2028 1581 2072 Gruteri,

188 2099 357 2140 quattuor
374 2094 518 2137 Wassii,
541 2095 617 2129 Erl.
641 2095 746 2128 Bern.
771 2092 805 2128 1.
828 2092 941 2127 Paris.
966 2092 1001 2125 b.
1026 2103 1060 2125 x.
1085 2103 1114 2124 z.
1135 2091 1252 2125 Berol.
1271 2091 1303 2124 1.
1326 2091 1360 2125 2.
1385 2090 1491 2125 Misn.
1515 2091 1581 2124 hn-

188 2158 271 2191 bent
293 2158 524 2201 prosuerunt,
564 2166 654 2199 quae
686 2154 859 2198 scriptura
889 2153 1045 2197 aliquam
1080 2151 1239 2186 veritatis
1278 2152 1428 2196 speciem
1464 2152 1582 2193 habet,

187 2230 296 2261 quum
329 2218 475 2261 vulgati!
506 2216 647 2260 quidem
673 2215 854 2249 difficilior
885 2213 1072 2248 commode
1096 2216 1212 2247 tamen
1237 2213 1287 2247 ita
1309 2213 1474 2259 explicari
1502 2224 1580 2257 pos-

188 2279 254 2322 sit,
286 2279 315 2313 si
346 2282 478 2313 statuas
502 2277 656 2311 Marium
681 2277 724 2309 de
755 2275 900 2310 Graccis
924 2275 1092 2309 iudicium
1124 2286 1191 2308 non
1216 2275 1426 2319 generaliter
1452 2285 1579 2320 propo-

189 2351 291 2383 nere,
337 2339 372 2373 id
412 2339 506 2383 quod
547 2339 702 2383 perfecto
734 2337 796 2378 fit,
838 2337 900 2371 sed
934 2336 1145 2381 restringere
1178 2347 1220 2370 ac
1250 2337 1382 2370 referre
1417 2337 1462 2370 ad
1491 2335 1578 2370 illud

190 2400 371 2445 praeteriti
403 2398 570 2443 temporis
601 2402 790 2442 punctum,
827 2409 895 2442 quo
927 2397 1003 2442 ipse
1034 2398 1250 2431 Graecarum
1285 2397 1482 2431 litterarum
1506 2401 1579 2430 etn-

190 2463 287 2496 dium
312 2466 479 2505 tanquam
504 2461 626 2494 inutile
652 2465 687 2494 et
711 2460 787 2494 viro
811 2459 993 2505 indignum
1017 2459 1235 2502 repudiaret,
1266 2470 1373 2502 quum
1398 2468 1472 2492 rem
1493 2458 1581 2490 bene

191 2522 363 2565 perspexit
393 2522 543 2555 Cottius.
593 2522 662 2555 Sed
693 2532 801 2564 quum
833 2522 911 2555 Vnt.
937 2521 977 2554 A.
1011 2521 1142 2564 aliique
1174 2520 1275 2554 multi
1308 2524 1343 2555 et
1374 2518 1455 2553 boni
1479 2517 1577 2552 codd.

191 2586 395 2627 profuerunt
430 2587 594 2625 teneant,
627 2583 755 2617 horum
787 2582 978 2616 auctoritas
1011 2582 1084 2615 sine
1116 2580 1325 2626 gravissima
1360 2590 1481 2614 natissa
1510 2590 1577 2612 non

193 2644 330 2677 videtur
368 2644 591 2688 negligenda.
641 2643 804 2677 Ceterum
837 2643 927 2676 lianc
964 2642 1072 2676 Marii
1105 2641 1312 2676 sententiam
1347 2651 1387 2673 cx
1412 2639 1578 2673 Sallustio

193 2705 359 2749 expressit
382 2705 593 2738 Plutarchus
617 2704 651 2737 in
679 2704 748 2738 vita
772 2704 879 2738 Marii
915 2717 944 2737 c.
971 2705 1011 2739 ll.
1060 2702 1209 2747 Λέγεται
1234 2701 1274 2737 δὲ
1296 2699 1388 2745 μήτε
1411 2698 1577 2745 γράμμα-

193 2778 239 2800 τα
263 2767 402 2809 μαθεῖν
420 2762 613 2810 Ἑλληνικά
628 2793 635 2804 ,
669 2763 759 2810 μήτε
783 2764 921 2811 γλώττῃ
945 2765 1037 2808 πρὸς
1070 2763 1185 2809 μηδὲν
1205 2761 1388 2807 Ἑλληνίδι
1412 2762 1579 2807 χρῆσθαι
