1630 3034
467 158 828 202 lUGURTHA.
889 157 1014 200 CAP.
1049 156 1127 199 XI.
1434 158 1491 199 ⁵7

100 279 178 339 gio
211 278 323 322 iusta
354 276 592 336 magnifice
622 275 844 329 fecerant,
890 273 1034 333 reguli
1074 273 1118 316 in
1152 287 1289 317 unum
1322 287 1489 317 conve-

100 390 228 430 nere,
285 374 348 418 uti
385 373 499 416 inter
541 387 588 415 se
632 370 690 414 de
727 369 897 414 cunctis
936 370 1126 430 negotiis
1171 369 1482 430 disceptarent.

101 471 195 516 Sed
233 469 492 529 Hiempsal,
541 468 616 526 qui
665 468 885 510 minumus
925 481 980 510 ex
1026 466 1108 510 illis
1150 474 1274 523 erat,
1328 474 1519 513 natura3

103 567 230 611 ferox
257 573 300 610 et
333 567 421 610 iam
454 571 555 609 ante
592 564 917 624 ignobilitatem
943 562 1212 624 Iugurthae,
1257 565 1360 622 quia
1390 580 1488 609 ma-

103 687 273 722 Numidia
300 686 490 720 decederet.
524 686 687 728 XXXIX,
714 686 748 719 4.
785 686 950 719 Paucis
974 684 1139 717 diebus
1171 685 1208 717 in
1231 686 1385 728 Africam
1404 697 1487 729 pro-

91 747 275 791 ficiscitur.
300 747 421 788 XLVI,
433 746 468 781 5.
491 747 613 787 LXlV,
629 745 662 780 5.
688 747 878 788 LXXXVI,
895 746 929 780 *1.
954 757 988 781 v.
1005 744 1187 778 Moebium
1210 746 1254 779 ad
1274 746 1372 779 Caes.
1389 747 1490 781 B.G.

101 808 128 848 l,
145 807 202 850 31,
222 807 276 844 11.
295 808 448 842 Gronov.
475 811 510 841 et
532 809 706 841 Drakenb.
726 808 769 840 ad
795 808 871 841 Liv.
894 807 1006 849 XXX,
1023 806 1079 846 21,
1099 805 1132 839 9.
1149 824 1193 831 —
1232 806 1420 851 Postquam
1444 825 1490 832 —-

95 870 259 912 fecerant
282 868 396 903 rarior
419 873 470 903 est
492 874 684 910 structura,
719 869 786 901 hac
811 868 983 911 particula
1006 868 1210 911 plerumque
1233 878 1312 900 cum
1336 868 1491 911 perfecto

102 929 302 971 coniuncta;
335 931 394 963 sed
427 935 522 964 recte
556 930 690 963 monuit
724 928 924 972 Herzogius
950 928 994 961 ad
1027 926 1131 961 Catil.
1157 937 1185 959 c.
1210 927 1278 966 LV,
1296 927 1327 960 1.
1352 940 1384 971 p.
1407 927 1490 964 338.

102 990 165 1023 ubi
189 991 561 1034 plusquamperfectum
586 991 758 1024 habentur
783 995 959 1023 auctorem
992 999 1060 1021 non
1083 994 1155 1021 tam
1180 987 1386 1030 simpliciter
1409 1000 1491 1022 nar-

102 1053 232 1093 rantis,
257 1063 362 1095 quam
386 1051 574 1085 iudicantis
590 1055 623 1084 et
646 1063 702 1084 res
724 1051 814 1083 inter
839 1063 875 1084 se
898 1048 1136 1092 comparantis
1160 1052 1274 1092 partes
1301 1048 1490 1092 sustinere;

102 1112 148 1144 cf.
173 1112 249 1157 lug.
271 1113 436 1156 XLIVA.
483 1113 626 1145 Albi-nus
647 1117 829 1156 postquam
855 1111 1055 1144 decreverat
1072 1121 1137 1142 non
1157 1109 1279 1154 egredi
1300 1111 1491 1154 provincia,

103 1173 230 1206 milites
250 1173 387 1206 stativis
412 1173 534 1205 castris
558 1172 718 1206 habebat.
743 1172 863 1212 cvm,
882 1172 914 1206 1.
931 1171 1008 1206 Liv.
1030 1171 1140 1211 XXII,
1163 1169 1220 1212 ⁴8,
1240 1170 1272 1204 4.
1294 1171 1382 1205 Tac.
1400 1173 1490 1205 Ann-

104 1233 195 1280 ΣᾸῩ,
220 1234 277 1275 49,
300 1234 334 1267 1.
361 1252 405 1257 —
429 1233 468 1266 In
491 1233 629 1276 Bipont.
647 1238 681 1267 et
697 1233 878 1278 Langiana
901 1232 1050 1266 editione
1073 1242 1212 1265 comma
1234 1235 1311 1275 post
1326 1235 1492 1275 fecerant

103 1295 278 1328 sublatum
307 1298 382 1338 post
411 1294 527 1338 reguli
560 1295 770 1328 vocabulum
807 1295 981 1336 habetur,
1012 1296 1133 1326 contra
1165 1293 1321 1327 Sallustii
1345 1305 1493 1337 morem,

104 1344 162 1398 qui
188 1355 321 1388 duabus
343 1354 518 1387 sententiis
553 1355 603 1388 ita
627 1353 857 1396 comparatis,
888 1358 927 1387 ut
948 1353 1086 1397 utrique
1103 1353 1194 1387 idem
1217 1354 1410 1388 subiectum
1434 1355 1491 1398 sit,

103 1415 139 1448 id
163 1427 300 1460 semper
323 1414 530 1458 primariae,
555 1425 732 1458 nunquam
756 1414 982 1448 secundariae
1006 1414 1187 1456 attribuit3
1211 1426 1322 1458 neque
1349 1416 1391 1449 ad
1415 1427 1492 1450 rem

104 1476 272 1519 pertinet,
297 1475 386 1518 quod
413 1475 617 1509 secundaria
644 1475 814 1509 antecedit
847 1476 1008 1509 alteram.
1063 1476 1226 1509 Ceterum
1258 1476 1312 1509 illi
1334 1476 1491 1511 dativum

104 1546 178 1569 esse
200 1548 262 1579 per
282 1547 318 1569 se
340 1540 447 1579 patet.
465 1555 510 1560 ——
529 1537 582 1569 De
598 1535 748 1569 dictione
766 1537 802 1569 in
821 1549 924 1570 unum
942 1547 975 1571 v.
1001 1537 1044 1569 ad
1063 1537 1136 1570 Cat.
1152 1536 1258 1576 xvn,
1279 1537 1312 1570 2.
1330 1549 1362 1580 p.
1375 1536 1431 1570 82.
1444 1555 1492 1562 —-

106 1598 300 1631 Convenere
324 1607 442 1629 omnes
466 1600 582 1630 tenent
607 1597 738 1638 Cottii,
775 1597 940 1638 Grnteri,
971 1596 1123 1639 Wassii,
1157 1596 1276 1630 Leidd.
1303 1597 1394 1643 Teg.
1419 1599 1494 1633 Erl.

104 1658 222 1691 Goerl.
247 1662 281 1692 et
303 1657 472 1691 Priscian.
497 1657 562 1698 ΠΙ,
587 1657 621 1698 5,
648 1657 705 1691 26.
740 1668 773 1700 p.
810 1657 890 1691 122.
920 1657 975 1690 ed.
1007 1657 1070 1690 Kr.
1123 1657 1358 1691 Convenerunt
1380 1663 1432 1692 est
1456 1659 1494 1693 in

103 1718 186 1752 Bas.
211 1719 244 1752 1.
264 1718 298 1752 4.
323 1719 428 1752 Bern.
453 1717 486 1750 l.
509 1718 543 1751 3.
569 1718 689 1754 Berol.
720 1718 753 1751 1.
779 1717 812 1752 2.
841 1718 944 1751 Misn.
973 1718 1076 1762 idque
1110 1718 1320 1752 Gerlachius
1337 1718 1374 1752 in
1397 1723 1494 1753 textu

104 1779 291 1823 expressit,
318 1790 531 1823 quamquam
554 1779 590 1812 in
607 1780 815 1813 Commentt.
833 1791 869 1823 p.
885 1779 965 1812 227.
990 1778 1177 1822 improbat.

198 1842 230 1883 §.
254 1840 288 1874 3.
335 1840 394 1885 qui
425 1840 597 1874 minumus
629 1851 670 1874 ez·
710 1840 906 1883 illiserat]
939 1841 1028 1873 Erat
1061 1840 1198 1874 Cortius
1232 1845 1362 1875 temere
1393 1841 1495 1875 unius

103 1901 244 1935 Vratisl.
260 1901 294 1936 3.
317 1901 387 1934 fide
409 1900 585 1944 expunxit.
608 1917 654 1926 -·
679 1900 856 1934 Minumus
879 1901 995 1944 paullo
1012 1899 1213 1934 insolentius
1236 1913 1299 1945 pro
1322 1903 1495 1936 minumus

103 1966 188 1994 natu
215 1961 347 1995 dictum
371 1960 528 2001 videtur,
560 1971 777 2004 quamquam
811 1961 933 1994 Livius
965 1972 1104 2004 quoque
1136 1962 1186 1994 ita
1217 1962 1305 1995 dixit
1326 1964 1352 2004 1,
1377 1962 1433 2004 53,
1459 1962 1494 1997 5.

105 2024 228 2056 Sextus
245 2023 346 2066 filius
365 2022 457 2063 eiua,
484 2022 542 2066 qui
567 2022 729 2055 minimus
752 2033 792 2054 ex
812 2022 921 2055 tribus
942 2025 1029 2054 erat.
1049 2039 1095 2045 -—
1127 2021 1174 2055 Et
1194 2023 1264 2055 iam
1285 2023 1496 2057 Gerlachins

106 2081 213 2115 Rivio
238 2087 427 2125 praeeunte
450 2086 543 2116 recte
567 2082 705 2125 scripsit
730 2093 791 2124 pro
817 2081 945 2121 etiam,
983 2081 1076 2124 quod
1101 2093 1218 2116 ornnes
1242 2083 1338 2117 codd.
1364 2088 1398 2117 et
1416 2084 1494 2118 edd.

105 2141 260 2181 obsidet3
295 2152 401 2185 quam
423 2142 537 2175 lenem
562 2142 838 2176 emendationem
867 2143 920 2185 (v.
946 2141 990 2174 ad
1012 2153 1041 2174 c.
1065 2142 1209 2183 waI,
1232 2144 1267 2177 2.
1292 2145 1418 2187 XXIV,
1441 2145 1494 2190 4.)

106 2211 174 2233 non
199 2200 314 2234 solum
338 2203 559 2237 commendat
581 2203 706 2236 durum
732 2202 938 2236 bimembris
962 2203 1151 2236 sententiae
1175 2204 1362 2248 asyndeton
1379 2206 1496 2240 subla-

107 2265 203 2303 tum,
229 2261 287 2295 sed
318 2262 458 2306 flagitat
480 2269 564 2298 ante
589 2262 803 2307 particulae,
834 2273 913 2295 cum
938 2262 973 2295 vi
999 2264 1150 2306 positae,
1183 2265 1286 2298 ratio.
1333 2266 1496 2300 Ceterum

107 2321 246 2356 Cor-tius
272 2322 315 2355 de
338 2323 408 2357 suis
431 2324 530 2359 codd.
557 2324 647 2357 nihil
670 2335 814 2356 monens
837 2322 974 2366 scripsit
1000 2329 1130 2364 untea3
1161 2326 1219 2359 sed
1252 2331 1334 2360 ante
1365 2327 1498 2363 habent

108 2393 228 2416 omnes
245 2383 387 2417 Gruteri
399 2408 408 2426 ,
434 2384 565 2419 Wassii
577 2410 586 2426 ,
611 2384 730 2420 Leidd.
747 2384 830 2417 Bas.
851 2385 883 2417 1.
899 2383 932 2418 4.
948 2384 1064 2418 Berol.
1084 2387 1114 2420 l.
1133 2386 1168 2419 2.
1192 2385 1296 2419 Misn.
1318 2405 1364 2411 —
1380 2388 1496 2423 Verba

108 2443 191 2487 quia
224 2449 381 2478 materno
405 2455 532 2489 genere
558 2445 673 2489 impar
697 2449 773 2478 erat
794 2444 932 2478 Cottius
964 2448 1094 2479 temere
1125 2457 1188 2490 pro
1212 2447 1399 2490 suppositis
1425 2449 1496 2482 ha-

107 2504 194 2546 buit,
219 2503 277 2538 vix
303 2504 370 2538 sibi
396 2510 592 2548 temperans
615 2505 699 2549 quin
720 2505 921 2548 expelleret,
947 2506 1029 2548 quia
1053 2506 1124 2540 iam
1148 2518 1253 2550 supra
1268 2519 1298 2543 c.
1314 2509 1355 2549 V,
1379 2508 1414 2542 7.
1440 2509 1494 2544 di-

107 2568 200 2598 ctum
225 2564 270 2599 sit
290 2565 501 2610 Iugurtham
524 2577 565 2600 ex
588 2566 781 2600 concubina
804 2570 920 2599 ortum
944 2574 1038 2606 esse,
1061 2570 1095 2599 et
1110 2577 1140 2599 c.
1165 2566 1287 2610 CVIII,
1306 2569 1338 2602 1.
1363 2569 1492 2604 iterum

107 2624 166 2658 his
195 2625 279 2669 ipsis
311 2626 429 2660 verbis
465 2626 539 2660 eius
570 2626 774 2672 ignobilitas
805 2629 1031 2660 memoretur.
1086 2626 1156 2661 Sed
1187 2627 1248 2671 qui
1277 2630 1492 2672 reputaverit

107 2684 315 2720 Sallustium
340 2687 378 2720 h.
399 2687 424 2720 1.
448 2697 587 2721 caussas
609 2698 802 2731 exponere,
835 2698 899 2720 cur
920 2687 982 2721 ille
1005 2687 1205 2732 Hiempsali
1231 2692 1408 2733 tantopere
1431 2690 1492 2724 (le-

107 2746 240 2790 spectui
262 2750 368 2790 esset,
391 2757 561 2791 perquam
587 2748 769 2784 commode
794 2752 972 2784 auctorem
997 2749 1070 2785 eius
1087 2748 1139 2785 rei
1163 2750 1368 2795 primariam
1389 2761 1491 2786 caus-
