1630 3034
135 211 219 252 4⁰4
506 204 553 246 C.
583 202 923 247 SALLUSTI
962 203 1186 248 CRISPI

137 323 245 366 locis
283 336 338 365 ex
373 321 504 381 copia
539 336 747 366 maxume
781 320 952 365 idoneis
988 320 1138 365 vineas
1174 334 1337 381 agere,
1372 336 1517 383 agge-

135 433 232 464 rem
260 418 421 475 iacere,
453 424 498 462 et
527 433 662 479 super
691 432 910 479 aggerem
936 417 1153 478 impositis
1183 418 1377 462 turribus
1405 432 1519 478 opus

141 522 184 560 et
230 514 510 560 administros
554 515 697 560 tutari.
780 513 947 559 Contra
979 514 1096 560 haec
1133 514 1353 575 oppidani
1394 514 1520 558 festi-

136 675 365 717 Gerlachius,
400 675 462 718 qui
492 676 587 711 iubet
619 675 655 710 in
688 677 785 709 textu
817 676 870 709 ed.
903 674 987 709 mai.
1022 686 1224 719 expressum
1253 676 1291 710 in
1315 676 1521 710 Commentt.

135 750 170 782 p.
191 737 272 771 312.
303 741 396 770 recte
432 737 594 779 damnat,
629 736 750 780 paullo
781 739 858 780 post
888 734 926 768 in
955 735 1008 769 ed.
1043 736 1128 770 min.
1162 736 1351 771 lectoribus
1375 736 1521 782 indigno

136 799 242 833 modo
264 797 434 839 illudens,
468 797 629 841 spuriam
659 807 781 831 vocem
803 796 962 840 repetiit,
995 807 1101 840 quam
1126 796 1278 832 lVeisius
1301 809 1460 841 quoqne,
1486 800 1523 830 ut

134 861 227 895 falsa
250 858 388 900 omnia,
413 856 647 902 amplectitur.
695 858 734 891 In
758 856 822 891 tali
845 868 884 890 re
907 861 1024 891 autem
1049 859 1223 892 narranda
1246 869 1316 893 non
1339 869 1426 902 opus
1449 868 1523 892 esse

133 922 250 956 iubere
282 920 456 960 verbum,
488 917 687 951 monuimus
711 918 755 952 ad
779 929 809 953 c.
838 918 926 960 LIV,
947 917 982 954 6.
1007 936 1053 943 —
1075 919 1170 952 Tum
1197 924 1337 963 partem
1360 917 1522 953 codicum

134 982 207 1019 alia
229 980 428 1025 corruptela
451 977 598 1019 invasit3
631 988 714 1012 nam
748 978 784 1012 in
808 978 982 1014 nonnuliis
1015 979 1202 1020 cumeani,
1226 980 1344 1014 Guelf.
1367 979 1401 1013 2.
1424 979 1523 1014 Leid.

134 1044 171 1077 C.
197 1043 241 1077 G.
264 1043 306 1077 L.
339 1042 412 1075 Eri.
435 1040 555 1074 Berol.
580 1038 615 1073 1.
649 1039 684 1073 2.
719 1040 839 1074 Guelf.
864 1040 897 1074 3.
925 1051 972 1073 m.
997 1051 1052 1083 pr.
1085 1039 1174 1073 Tur.
1198 1039 1232 1074 l.
1255 1051 1303 1075 m.
1325 1052 1394 1075 sec.
1430 1045 1465 1074 et
1486 1040 1522 1074 in

133 1103 286 1148 quinque
308 1102 400 1137 nau.
426 1105 507 1135 ante
538 1099 620 1133 locis
645 1099 802 1134 additum
827 1104 880 1135 est
902 1101 1044 1134 duobus.
1091 1100 1194 1144 Quod
1219 1112 1434 1145 quamquam
1458 1112 1524 1145 ap-

132 1168 232 1209 paret
253 1166 399 1208 propter
421 1161 531 1195 verba
555 1171 596 1194 ex
619 1159 719 1204 copia
740 1160 909 1195 insertum
931 1171 1018 1202 esse,
1044 1163 1161 1195 tamen
1184 1160 1329 1195 difficile
1347 1164 1400 1195 est
1418 1160 1523 1202 dictu,

133 1237 196 1260 cur
211 1223 499 1268 >interpolatores
532 1221 664 1254 duobus
695 1221 917 1265 punissimum
940 1221 1025 1256 locis
1040 1247 1051 1264 ‚
1086 1234 1198 1267 neque
1221 1221 1381 1266 pluribus
1402 1221 1524 1256 vineas

133 1290 229 1321 actas
253 1296 329 1320 esse
363 1283 599 1328 opinarentur.
649 1281 718 1315 Sed
740 1283 820 1316 luce
854 1279 982 1317 claritis
1013 1287 1065 1317 est
1087 1283 1258 1318 incertum
1281 1282 1436 1326 aliquem
1459 1293 1524 1316 nu—

132 1358 271 1382 merum
304 1344 507 1390 significare
540 1344 649 1377 verba
675 1344 826 1378 maxime
857 1342 990 1378 idoneis
1014 1344 1128 1378 relata
1153 1344 1197 1378 ad
1220 1342 1397 1386 proximas
1421 1354 1525 1377 voces

134 1419 175 1442 ez·
209 1407 329 1452 copia,
362 1417 513 1449 quarum
544 1415 636 1448 quae
665 1403 832 1438 sententia
864 1403 910 1438 sit
942 1403 1014 1438 iam
1043 1403 1195 1438 diximus
1227 1404 1272 1438 ad
1306 1416 1337 1439 c.
1369 1404 1464 1446 LIV,
1487 1404 1521 1439 9.

133 1469 251 1512 Inepte
274 1472 393 1501 autem
416 1465 595 1511 Langius:
625 1465 804 1507 ‚‚rluobus,
838 1464 975 1508 inquit,
1009 1465 1054 1498 ob
1077 1464 1256 1509 sequentia
1280 1475 1320 1498 ex
1341 1464 1441 1509 copia
1464 1463 1540 1507 vix>

134 1528 360 1563 reiiciendum
387 1527 537 1562 videtur.
582 1525 673 1561 Nam
696 1526 786 1560 haec
810 1526 912 1561 aliter
935 1525 1106 1570 explicari
1127 1538 1195 1560 non
1218 1527 1384 1570 possunt,
1407 1535 1450 1558 ac
1481 1536 1523 1559 ez·

135 1589 289 1623 omnibus
314 1588 430 1621 locis.“
455 1606 500 1613 —
524 1587 635 1621 Porro
657 1584 898 1621 incredibilem
923 1598 999 1622 rem
1021 1586 1228 1622 Sallustium
1250 1588 1449 1620 narrantem
1475 1585 1522 1619 se-

133 1654 254 1683 cernnt
277 1647 437 1690 librarii,
462 1652 540 1692 post
563 1648 684 1682 vineas
707 1658 817 1692 agere
840 1647 1029 1681 inserentes
1050 1659 1218 1693 superque
1242 1658 1321 1688 eas,
1345 1646 1439 1690 qnod
1460 1646 1524 1680 nb-

134 1710 277 1744 snrdum
301 1720 376 1743 esse
399 1713 434 1742 et
451 1719 506 1741 res
524 1707 602 1751 ipsa
625 1708 766 1748 clamat,
791 1711 825 1741 et
849 1707 1006 1751 plerique
1030 1718 1148 1742 omnes
1172 1709 1324 1743 editores
1346 1718 1409 1751 pro
1427 1711 1522 1741 certo

134 1771 275 1805 habent.
333 1770 518 1810 Glossam,
552 1778 658 1812 quam
689 1766 786 1800 haud
825 1766 930 1800 dubie
961 1768 1159 1810 proximum
1190 1780 1312 1813 super,
1347 1769 1404 1802 vel
1441 1769 1521 1802 loco

133 1837 296 1873 motum,
321 1829 380 1862 vel
410 1827 529 1862 versui
559 1827 852 1872 superscriptum,
884 1827 1033 1872 genuit,
1065 1829 1213 1873 produnt
1243 1829 1350 1863 etiam
1388 1829 1521 1863 multae

135 1889 408 1935 discrepantiae3
444 1899 525 1922 nam
558 1900 621 1932 pro
653 1899 820 1933 superque
856 1900 916 1922 eas
948 1888 984 1922 in
1018 1890 1135 1924 Guelf.
1169 1891 1201 1924 1.
1235 1894 1270 1925 et
1301 1889 1376 1923 Vin.
1403 1889 1436 1925 1.
1469 1893 1521 1924 est

135 1963 239 1997 super
269 1961 417 1996 easque,
447 1950 482 1983 in
518 1949 634 1983 Guelf.
667 1949 702 1984 (3.
734 1960 838 1993 supcr
869 1960 944 1990 eos,
977 1948 1013 1982 in
1044 1949 1140 1984 Leid.
1165 1951 1216 1983 M.
1251 1961 1355 1994 super
1381 1960 1460 1987 eas.
1486 1949 1520 1983 in

135 2015 261 2047 Hense.
285 2016 318 2045 et
340 2011 420 2045 Seu.
445 2010 479 2046 2.
512 2021 702 2056 ευμεν-φη,-
733 2014 855 2044 contra
885 2010 922 2044 in
955 2010 1095 2045 Fabric.
1123 2011 1156 2045 2.
1181 2012 1304 2046 desunt
1334 2011 1444 2045 verba
1465 2011 1521 2047 ia-

136 2085 210 2108 cere
245 2076 278 2107 et
311 2083 413 2116 super
446 2084 640 2118 aggerem,
680 2071 717 2105 in
751 2072 868 2105 Venet.
901 2070 934 2104 4.
970 2076 1003 2106 et
1033 2083 1135 2117 super
1166 2082 1357 2118 aggerem,
1391 2070 1427 2105 in
1452 2082 1521 2105 uno

136 2132 293 2168 Putschii
326 2142 430 2177 super
462 2137 543 2166 ante
576 2143 770 2178 aggcrcm‚·
803 2132 837 2166 in
872 2132 990 2166 Berol.
1025 2132 1057 2166 1.
1091 2135 1207 2167 autem
1240 2144 1303 2176 pro
1335 2132 1448 2166 iacere
1478 2137 1521 2166 et

135 2205 269 2238 super
293 2204 462 2238 aggerem
488 2192 618 2238 legitur
642 2194 755 2227 iacere
780 2204 1003 2237 superque
1029 2205 1130 2238 agg,
1165 2193 1290 2237 quibus
1313 2191 1521 2236 corruptelis

136 2257 225 2290 inter
261 2267 298 2289 se
332 2254 484 2288 confusis
510 2261 544 2289 et
579 2253 737 2288 conflatis
772 2253 876 2288 facile
898 2253 1129 2299 intelligitur,
1161 2254 1336 2298 quomodo
1363 2252 1520 2299 vulgario

136 2316 294 2349 codicum
325 2315 495 2358 scriptura
528 2315 613 2349 oriri
648 2315 808 2359 potuerit.
857 2314 1016 2349 Sallustii
1039 2325 1182 2349 manum
1216 2326 1325 2358 paene
1346 2314 1520 2360 integram

136 2377 229 2409 solus
252 2375 407 2410 servavit
429 2375 536 2409 tatic.
559 2376 595 2411 3.
619 2387 641 2410 a
668 2387 736 2419 quo
761 2388 864 2410 voces
886 2387 1053 2420 superque
1078 2387 1138 2409 eas
1161 2376 1263 2419 plane
1286 2376 1430 2414 abeunt,
1453 2374 1521 2409 nini

135 2436 225 2478 quod
251 2446 313 2479 pro
339 2447 371 2469 υ.
406 2446 534 2480 agere,
570 2447 740 2481 aggerem
767 2438 790 2470 i.
826 2437 933 2470 habet
965 2447 998 2471 υ.
1022 2424 1131 2482 agere
1164 2442 1204 2470 ct
1229 2447 1317 2482 agg.
1342 2437 1367 2470 ι’.
1415 2436 1518 2479 Quod

137 2496 345 2529 Gerlacliius
376 2501 494 2530 nutem
520 2501 661 2540 propter
685 2497 802 2530 venet.
829 2496 861 2529 ⁴.
895 2501 1004 2531 totum
1028 2498 1145 2531 lociun
1169 2496 1220 2530 sic
1242 2495 1518 2531 constituendum

137 2562 269 2589 censet:
304 2557 386 2590 dein
411 2557 507 2596 locis,
542 2569 582 2590 ca:
614 2559 715 2602 copia
740 2569 897 2591 maxume
921 2557 1073 2599 idoneis,
1108 2558 1226 2591 vineas
1249 2567 1380 2602 agere,
1405 2566 1516 2600 agge-

139 2628 207 2650 rem
242 2617 375 2657 iacere,
410 2618 577 2662 impositis
610 2620 761 2653 turribus
795 2630 878 2662 opus
912 2619 1083 2652 ministros
1119 2617 1248 2658 tutari,
1280 2615 1416 2651 omissis
1447 2626 1515 2649 non

136 2677 248 2709 solum
271 2677 398 2720 spuriis
422 2678 537 2712 sorbis
558 2690 726 2724 superque
751 2691 830 2720 cae,
859 2679 918 2712 sed
941 2678 1050 2713 etium
1075 2683 1107 2713 ct
1131 2689 1233 2721 super
1255 2687 1443 2722 aggerem,
1479 2676 1515 2710 id

137 2742 188 2770 est
214 2736 296 2769 satis
329 2743 424 2772 certa
449 2744 579 2773 temere
611 2739 647 2773 in
677 2740 908 2784 suspicionem
943 2750 1079 2773 vocare.
1125 2736 1276 2772 Ass'uisne
1307 2743 1424 2772 nutem
1448 2736 1515 2771 ieta

137 2796 243 2829 verba
278 2797 437 2839 primitus
468 2798 503 2831 in
535 2804 716 2841 contextu,
751 2800 845 2843 ipsae
876 2799 1138 2843 depravationes
1168 2807 1276 2840 snpra
1298 2796 1428 2831 allatae
1450 2795 1512 2829 do-
