1630 3034
449 185 811 230 IUGURTHA.
874 186 1009 230 CAP.
1039 188 1192 232 XLVI.
1235 216 1243 217 ff
1424 194 1508 236 259

129 309 242 362 rent,
273 303 398 349 miles
433 303 584 347 cibum
613 307 658 348 et
689 318 811 347 arma
840 309 1054 363 portaret.
1124 306 1192 350 Ita
1219 304 1543 366 prohibend03

130 417 156 446 a
201 400 372 445 delictis
420 399 564 460 magis
609 415 743 459 quam
788 400 1052 445 vindicando
1097 404 1338 447 exercitum
1384 404 1509 448 brevi

131 497 417 544 confirmavit.

266 593 428 638 XLVI.
499 593 672 636 Interea
720 592 960 652 Iugurtha,
1015 593 1090 637 ubi
1136 610 1250 652 quae
1297 594 1508 640 Metellus

129 689 294 751 agebat
329 704 382 734 ex
418 690 586 734 nunciis
632 689 829 749 accepit,
875 689 1003 732 simul
1039 689 1096 732 de
1132 690 1381 735 innocentia
1417 694 1510 737 eius

124 833 291 878 portandi
309 831 446 867 Cottius
471 832 616 867 contulit
638 832 845 874 Limxmv,
866 833 900 874 2,
924 831 958 868 4.
984 832 1106 866 Consul
1133 814 1395 869 menstruu'm
1420 836 1510 872 iusso

126 895 237 928 milite
267 905 379 927 secum
406 896 504 936 serre
534 895 717 936 profectus.
753 893 823 927 Cic.
850 894 975 927 Tusco.
1000 894 1053 934 Il,
1088 893 1157 935 16,
1188 893 1246 928 37.
1280 897 1428 931 militiae
1452 899 1512 943 qui

126 955 233 995 labor,
258 959 407 998 quantus
431 953 611 998 agminis?
628 955 728 996 serre
749 955 828 998 plus
851 955 1027 988 dimidiati
1049 954 1173 987 mensis
1196 955 1341 997 cibaria,
1358 960 1458 1000 ferre
1480 959 1511 993 si

125 1016 208 1061 quid
231 1016 277 1049 ad
300 1027 397 1048 usum
420 1015 544 1056 velint,
563 1016 663 1057 ferre
685 1015 828 1049 vallum.
877 1015 971 1048 Nam
994 1019 1144 1055 scutum,
1168 1016 1340 1058 gladium,
1365 1020 1510 1063 galeam

124 1076 164 1110 in
187 1087 290 1109 onere
312 1076 437 1109 milites
459 1086 528 1107 non
548 1075 628 1118 plus
649 1080 844 1115 numerant,
872 1086 974 1118 quam
991 1074 1160 1116 humeros,
1185 1076 1340 1119 lacertos,
1372 1090 1510 1116 manus.

124 1135 281 1170 Frontin.
304 1135 369 1178 IV,
395 1135 436 1176 1,
460 1134 494 1168 1.

217 1196 337 1229 XLVI.
385 1196 417 1237 §-
442 1195 475 1229 1.
522 1194 733 1238 innocentia]
764 1193 788 1227 i.
814 1205 844 1227 e.
876 1195 1012 1227 animus
1037 1196 1212 1229 avaritiae
1236 1208 1305 1230 non
1328 1198 1510 1244 obnoxius,

126 1255 170 1289 (le
192 1266 261 1299 qna
284 1255 391 1289 huius
414 1254 508 1287 vocis
531 1254 567 1287 vi
592 1265 626 1287 V.
651 1255 694 1287 ad
719 1255 795 1288 Cat.
819 1255 895 1295 ΧΠ,
921 1254 954 1290 1.
978 1257 1134 1301 Herzog.
1161 1257 1202 1290 ad
1230 1258 1325 1291 Caes.
1351 1259 1393 1293 B.
1419 1261 1463 1295 G.
1481 1263 1509 1304 Ι,

125 1315 192 1358 40,
216 1315 271 1349 13.
296 1334 342 1341 —·
369 1316 474 1348 Hunc
498 1315 612 1347 locum
637 1314 766 1348 Nonius
790 1315 847 1355 IV,
873 1314 952 1348 245.
989 1317 1133 1359 laudat,
1168 1319 1382 1353 consentiens
1407 1323 1510 1365 plane

126 1388 205 1410 cum
230 1376 342 1418 codd„
366 1375 431 1409 nisi
454 1376 545 1419 quod
567 1387 631 1419 pro
647 1376 778 1408 Romae
795 1375 935 1409 exhibet
950 1377 1074 1418 Roma,
1099 1389 1189 1421 quae
1217 1380 1390 1423 scriptura
1413 1383 1509 1418 haud

125 1436 197 1472 scio
221 1447 265 1471 an
288 1437 455 1481 vulgatae
477 1437 700 1479 praeferenda
723 1435 780 1471 sit.
827 1436 984 1470 Primum
1008 1438 1101 1471 enim
1126 1439 1304 1472 certiorem
1322 1443 1409 1485 fieri
1440 1455 1509 1478 non

125 1502 177 1532 est
201 1497 357 1541 edoceri,
399 1507 510 1540 neque
535 1496 740 1540 simpliciter
763 1496 890 1530 dicitur
913 1497 955 1530 de
978 1498 1021 1530 iis
1044 1498 1102 1542 qui
1128 1499 1261 1541 aliquid
1285 1507 1508 1548 cognoscunt,

125 1558 185 1592 sed
209 1558 250 1590 de
274 1556 334 1598 iis,
366 1556 425 1600 qui
460 1557 517 1590 vel
541 1557 665 1590 litteris
688 1558 744 1590 vel
767 1559 890 1591 nuncio
915 1559 957 1592 de
982 1558 1101 1602 aliqua
1124 1571 1163 1592 re
1187 1559 1343 1594 audiunt.
1391 1564 1510 1606 Quare

124 1618 154 1653 si
182 1617 370 1651 Sallustius
401 1617 517 1651 dicere
549 1617 660 1651 voluit
690 1619 921 1662 Iugurtham,
958 1630 1060 1662 quum
1094 1619 1226 1652 Romae
1257 1627 1346 1655 esset
1380 1624 1444 1668 (cf.
1475 1637 1507 1659 c.

124 1678 519 1720 xxxin—xxxvl),
542 1679 591 1712 ibi
614 1679 656 1711 de
679 1679 813 1713 Metelli
837 1679 1031 1713 innocentia
1053 1680 1214 1713 edoctum
1239 1681 1366 1724 fuisse,
1402 1686 1509 1719 verba

121 1742 320 1784 repugnant
341 1739 552 1781 sententiae,
575 1744 610 1774 et
633 1744 670 1772 ut
693 1741 800 1773 verba
823 1751 892 1773 non
917 1744 1168 1784 repugnarent,
1192 1752 1247 1774 res
1274 1741 1348 1785 ipsa
1372 1744 1510 1780 obstare

122 1800 272 1835 videtur.
321 1798 414 1842 Quid
439 1799 530 1832 enim
553 1798 719 1833 intererat
742 1800 954 1844 Iugurthae,
983 1801 1120 1833 Romae
1145 1801 1186 1832 de
1211 1801 1347 1835 Metelli
1368 1803 1509 1849 ingenio

123 1864 159 1895 et
181 1859 338 1894 moribus
361 1858 552 1901 sciscitari,
583 1870 689 1902 quum
714 1861 809 1893 nullo
835 1864 935 1903 pacto
960 1864 1034 1894 tum
1060 1860 1148 1893 scire
1172 1865 1285 1902 posset
1306 1862 1406 1897 illum
1432 1870 1510 1909 post

124 1921 211 1955 duos
244 1931 352 1954 annos
381 1919 625 1962 imperatorem
657 1924 776 1954 contra
811 1920 928 1965 ipsum
959 1920 1103 1954 missum
1127 1920 1198 1953 iri?
1246 1923 1375 1957 Contra
1396 1928 1507 1961 multo

124 1981 342 2026 probabilius
365 1984 416 2014 est
439 1980 603 2014 callidum
627 1991 768 2025 regem,
803 1993 912 2024 quum
942 1991 1074 2014 novum
1098 1980 1221 2013 ducem
1244 1981 1278 2015 in
1306 1984 1507 2021 Numidiam

124 2041 271 2074 miesum
304 2040 457 2082 videret,
491 2041 653 2073 continuo
680 2041 790 2072 Roma
823 2052 863 2073 ex
897 2041 1022 2074 amicis
1053 2040 1179 2073 nuncia
1211 2041 1252 2073 de
1283 2053 1324 2076 eo
1353 2046 1506 2090 petiisse,

124 2100 236 2144 iisque
269 2100 470 2142 neutiquam
494 2112 535 2134 ex
568 2100 734 2134 sententia
767 2101 918 2144 acceptis
945 2102 1016 2134 suis
1038 2102 1140 2134 rebus
1163 2100 1321 2135 diffidere
1344 2105 1508 2149 coepisse,

125 2161 216 2196 Nam
241 2171 284 2193 ne
307 2161 430 2193 certior
441 2164 561 2204 factus
585 2161 627 2193 de
642 2154 814 2205 Iugurtha
838 2161 924 2194 olim
943 2161 1090 2195 Romam
1107 2161 1260 2205 profecto
1276 2163 1508 2210 intelligatur,

126 2222 244 2256 obstat
267 2221 372 2254 etiam
395 2222 498 2254 simul
520 2221 715 2264 particula,
749 2232 818 2263 qua
844 2221 1010 2264 temporis
1039 2221 1232 2265 aequalitas
1257 2227 1290 2256 et
1313 2225 1508 2261 coniunctio

127 2282 353 2327 designatum
392 2282 437 2315 cf.
462 2282 505 2315 ad
529 2282 604 2315 Cat.
629 2281 716 2321 XX,
741 2281 798 2315 17.
834 2301 878 2306 -—-
919 2283 1007 2315 Tum
1041 2282 1074 2315 in
1109 2281 1170 2316 tali
1201 2293 1291 2316 nexu
1324 2287 1509 2328 respondet

127 2342 317 2377 vernaculo
340 2342 454 2384 jetzt5
492 2342 620 2385 quippe
654 2341 790 2383 Latini,
826 2343 886 2376 ubi
920 2343 1144 2387 praeteritum
1180 2348 1316 2387 tempus
1343 2349 1508 2389 tanquam

127 2414 287 2448 praesens
311 2402 503 2443 intuentur,
537 2413 605 2435 non
628 2406 770 2436 utuntur
792 2414 879 2436 nunc
903 2405 1099 2447 particula,
1131 2415 1220 2447 quae
1256 2407 1403 2447 tempori
1427 2415 1509 2441 vere

128 2463 301 2509 praesenti
325 2463 504 2504 convenit,
537 2463 595 2496 sed
628 2469 701 2497 tum
725 2469 913 2507 usurpant,
947 2477 1016 2508 quo
1042 2464 1259 2509 significatur
1282 2471 1431 2499 mentem
1456 2467 1508 2500 di-

129 2524 235 2559 centis
257 2535 298 2558 ex
323 2523 496 2568 praesenti
526 2528 681 2567 tempore
703 2523 738 2557 in
763 2525 857 2567 prins
881 2525 978 2567 quasi
1001 2525 1138 2569 regredi
1162 2529 1195 2558 et
1219 2535 1255 2559 ee
1275 2526 1436 2569 recipere.
1461 2528 1508 2563 cf.

129 2586 269 2629 Zumpt.
295 2585 371 2618 Lat.
395 2584 553 2617 Gramm.
581 2587 612 2626 ἓ.
638 2585 695 2619 63.
722 2597 756 2629 p.
780 2585 860 2619 239.
886 2586 938 2620 ed.
965 2586 1023 2619 lv.
1056 2585 1143 2619 Sall.
1169 2586 1247 2630 lug.
1283 2586 1449 2626 LXXXI,
1473 2588 1506 2622 1.

130 2646 329 2687 mooun,
352 2644 384 2679 1.
410 2645 490 2686 cn,
515 2644 570 2678 1-1.
595 2645 671 2678 [air.
697 2647 797 2688 XXI,
822 2645 878 2680 35.
905 2646 1044 2679 Moenia
1070 2657 1126 2680 eos
1150 2650 1236 2679 tum
1257 2649 1509 2683 transceudere.

132 2704 248 2739 Tacit.
273 2704 422 2746 Ann.1,
453 2704 521 2746 57,
554 2703 588 2738 4.
624 2706 663 2747 l,
694 2705 762 2748 63,
786 2705 819 2739 4.
859 2707 999 2742 walch.
1033 2707 1197 2740 Emendd.
1232 2706 1332 2741 Livv.
1371 2720 1404 2751 p.
1431 2707 1510 2744 138.

132 2764 223 2809 Aug.
242 2765 442 2800 Grotefend.
467 2765 659 2799 Comment.
684 2766 728 2800 ad
752 2767 875 2801 Excrc.
892 2766 974 2811 styli
1000 2767 1076 2802 Lat.
1100 2778 1134 2810 p.
1151 2765 1220 2801 3⁰6
1230 2777 1279 2809 sq.
1304 2767 1443 2802 Wulcb.
1466 2767 1510 2800 ad

1124 2838 1238 2881 17*
