1630 3034
367 214 700 261 CATILINA.
769 215 903 260 cAP.
935 213 1128 260 XXXIV.
1350 218 1433 261 157

188 333 397 379 mlv.
465 332 541 379 Ad
588 331 707 377 haec
750 331 810 387 Q.
844 330 1041 377 Marcius
1089 332 1341 391 respondit:
1384 333 1434 377 Si

55 425 165 483 quid
200 427 257 469 ab
292 425 460 469 Senatu
494 429 650 482 petere
684 423 871 476 vellent,
918 422 975 466 ab
1022 422 1153 466 armis
1187 424 1432 478 discedant,

53 516 251 561 Romam
307 515 530 574 supplices
582 512 942 573 proficiscantur3
998 528 1051 557 ea
1100 514 1434 558 mansuetudine

56 612 189 664 atque
223 606 527 651 misericordia
570 604 781 649 Senatum
814 603 1132 662 Populumque
1177 606 1433 648 Romanum

55 711 234 755 semper
266 697 421 752 fuisse,
466 703 515 739 ut
548 711 680 740 nemo
716 710 929 752 umquam
974 697 1031 738 ab
1067 710 1121 738 eo
1158 695 1316 739 frustra
1351 712 1433 739 au—

55 787 210 830 xilium
267 787 485 846 petiverit.
574 787 636 830 At
682 785 868 830 Catilina
921 765 974 829 ex
1016 785 1168 829 itinere
1211 787 1433 844 plerisque

56 876 386 933 Consularibus,
409 882 642 936 praeterea
670 883 857 935 optumo
894 877 1054 934 cuique
1089 878 1258 920 litteras
1280 877 1434 920 mittit:

55 960 117 1012 Se
151 969 272 1012 falsis
308 969 561 1013 criminibus
598 967 969 1023 circumventum,
1006 968 1216 1025 quoniam
1253 966 1436 1011 factioni

52 1059 334 1104 inimicorum
396 1059 597 1103 resistere
663 1058 930 1116 nequiverit,
997 1058 1202 1101 fortunae
1259 1058 1435 1112 cedere,

53 1148 301 1193 R'Iassiliam
333 1150 378 1194 in
422 1151 601 1195 exilium
634 1149 884 1208 proficisci3
929 1164 1018 1193 non
1062 1164 1153 1207 quo
1198 1149 1283 1193 sibi
1327 1149 1437 1192 tanti

53 1292 226 1326 vocabulo
267 1303 336 1325 non
374 1302 587 1336 magnopere
626 1302 712 1334 opus
745 1301 830 1325 esse.
877 1289 983 1324 Vanis
1027 1290 1138 1335 igitur
1180 1290 1436 1335 suspicionibus

54 1348 198 1382 indulsit
221 1348 448 1391 Gerlachius,
473 1349 647 1392 respondit
671 1361 731 1391 pro
756 1348 1023 1392 interpolatione
1044 1349 1197 1389 habens,
1230 1360 1336 1391 quam
1360 1359 1436 1381 rem

55 1409 183 1450 arguat
205 1406 241 1438 R
263 1405 399 1447 littera,
423 1405 497 1440 eius
519 1406 594 1438 loco
619 1405 654 1438 in
677 1406 770 1444 Flm.
800 1407 834 1439 6.
866 1409 1027 1446 exarata,
1061 1404 1188 1448 quippe
1221 1416 1290 1448 qna
1321 1406 1438 1439 scriba

57 1462 99 1503 Q.
125 1462 466 1507 Marcii-cognomen
489 1462 689 1507 significare
712 1463 880 1504 voluerit,
906 1462 984 1495 aliis
1006 1466 1123 1504 postea
1146 1473 1209 1504 pro
1232 1461 1437 1505 compendio

54 1519 231 1562 respondit
253 1519 352 1553 verbi
375 1519 593 1553 habentibus.
618 1538 664 1545 —-
698 1520 832 1553 Vellent
854 1519 1012 1563 plerique
1036 1530 1154 1552 omnes
1177 1523 1292 1552 tenent
1314 1519 1438 1560 codd.;

54 1580 133 1609 octo
173 1577 300 1619 velint,
346 1577 438 1620 quod
479 1576 601 1610 multis
635 1577 783 1611 fortasse
824 1576 958 1610 maiore
988 1577 1056 1609 lide
1086 1575 1231 1620 dignum
1263 1575 1437 1616 videatur,

53 1632 277 1676 vulgaribus·
301 1633 344 1667 de
387 1633 599 1676 temporibus
638 1634 738 1667 verbi
781 1633 971 1677 praeceptis
1013 1645 1176 1676 praesens
1219 1634 1438 1666 antecedente

54 1688 260 1732 imperfecto
291 1690 545 1724 damnantibus.
594 1690 662 1724 Sed
685 1696 724 1725 ut
758 1702 920 1735 praesens
952 1690 1158 1724 historicum
1190 1701 1437 1733 saepenumero

54 1747 181 1790 excipit
219 1747 481 1791 imperfectum,
516 1759 615 1781 sensu
655 1747 771 1792 magis
811 1760 914 1791 quam
954 1749 1068 1782 forma
1100 1747 1198 1781 verbi
1242 1758 1319 1780 eam
1361 1758 1438 1780 rem

55 1805 326 1846 commendante,
349 1810 400 1848 (V.
424 1804 563 1838 Mobius
588 1805 632 1838 ad
657 1805 754 1839 Caes.
780 1806 822 1840 B.
848 1807 893 1839 G.
920 1806 947 1846 1,
976 1805 1010 1839 3.
1035 1805 1204 1838 Matthias
1237 1805 1281 1838 ad
1306 1804 1377 1837 Cic.
1401 1816 1437 1848 p.

56 1860 162 1893 Rosc.
187 1861 265 1894 Am.
290 1873 321 1894 c.
350 1861 384 1902 9,
405 1860 461 1894 25.
495 1862 632 1904 Zumpt.
669 1863 826 1896 Gramm.
860 1863 936 1898 Lat.
971 1865 1001 1904 §.
1028 1863 1086 1902 76,
1117 1862 1149 1896 ὃ.
1185 1866 1255 1896 not.
1285 1874 1318 1904 p.
1343 1861 1438 1902 3783

56 1917 146 1951 adde
168 1918 255 1951 Sall.
278 1920 343 1952 Cat
362 1919 481 1959 XLIV,
492 1919 525 1952 3.
552 1919 689 1960 XLVII,
707 1919 740 1953 3.
766 1921 842 1963 lug.
858 1920 1021 1960 xlma.
1047 1920 1235 1960 XCVILI.
1260 1918 1367 1961 CVII,
1386 1919 1439 1963 1.)

54 1974 108 2008 ita
130 1979 253 2008 contra
276 1975 409 2008 dicendi
434 1975 584 2018 quadam
608 1975 748 2010 licentia
762 2001 771 2017 ,
797 1977 1001 2020 imperfecto
1025 1988 1247 2022 praegresso,
1271 1977 1316 2010 ad
1339 1987 1440 2020 prae-

55 2043 132 2066 sens
155 2032 325 2066 relabitur
355 2033 490 2073 oratio,
524 2033 695 2076 imprimis
726 2033 788 2066 ubi
821 2034 957 2067 animus
994 2035 1112 2077 paullo
1137 2035 1344 2068 commotior
1377 2036 1440 2067 est.

55 2088 111 2122 cf.
136 2099 166 2123 c,
194 2088 342 2130 XXXII,
362 2089 396 2122 2.
431 2090 598 2132 mandat,
640 2091 760 2133 quibus
793 2092 891 2123 rebus
919 2095 1128 2134 possent,
1166 2103 1245 2134 opes
1272 2090 1441 2133 factionis

57 2145 362 2187 confirment,
386 2147 532 2179 insidias
568 2147 704 2179 Consuli
735 2152 922 2181 maturent.
969 2147 1082 2181 Tacit.
1109 2149 1195 2180 Ann.
1225 2148 1252 2189 1,
1284 2147 1341 2187 19,
1366 2145 1440 2179 init.

58 2200 208 2233 Blaesus
229 2202 343 2235 multa
374 2203 511 2236 dicendi
543 2208 639 2236 arte.-
671 2215 737 2236 non
766 2215 831 2247 per
855 2204 1055 2236 seditionem
1089 2204 1262 2236 desideria
1294 2204 1443 2236 militum

46 2256 109 2293 ‚ad
133 2256 315 2291 Caesarem
331 2260 486 2302 ferenda
510 2260 599 2299 ait,·
630 2260 660 2292 si
682 2263 800 2292 tamen
832 2260 1087 2294 tenderent
1116 2262 1153 2294 in
1181 2272 1268 2304 pace
1292 2265 1440 2303 tentare,

62 2325 154 2357 quae
175 2325 219 2346 ne
243 2315 392 2349 ciuilium
415 2317 551 2360 quidem
577 2317 739 2349 bellorum
769 2317 914 2350 victores
947 2319 1257 2361 expostulaverint,
1289 2329 1349 2350 cur
1371 2318 1442 2350 vim

60 2371 379 2405 meditentur?
425 2373 498 2407 Cic.
524 2374 564 2406 de
589 2372 662 2406 Off.
686 2374 714 2413 1,
730 2373 789 2414 ll,
808 2373 864 2406 11.
909 2375 994 2408 Cato
1030 2375 1078 2408 ad
1104 2375 1272 2419 Popilium
1295 2375 1440 2418 scripsit,

60 2432 122 2469 ut,
154 2428 186 2460 si
218 2439 294 2461 eum
321 2434 567 2472 pateretur
590 2430 626 2462 in
652 2431 803 2463 exercitu
825 2441 1026 2472 remanere,
1061 2433 1206 2466 secundo
1231 2443 1307 2465 eum
1331 2433 1441 2465 obli-

60 2490 146 2530 get
171 2486 318 2519 militiae
345 2491 581 2526 sacramento,
605 2486 667 2519 ubi
702 2497 738 2520 v.
764 2487 844 2520 Car.
869 2488 983 2523 Beier.
1008 2488 1094 2522 Vide
1123 2489 1235 2523 etiam
1267 2489 1310 2523 ad
1336 2488 1439 2523 catil.

60 2553 91 2576 c.
114 2542 207 2584 XLI,
232 2541 266 2575 5.

152 2602 187 2642 §.
209 2599 243 2633 2.
292 2599 489 2633 Massiliam
511 2600 549 2633 in
573 2599 737 2644 exilium]
782 2602 937 2637 Eandem
960 2614 1056 2645 rem,
1095 2603 1155 2636 sed
1186 2606 1226 2637 ut
1259 2603 1360 2649 vulgi
1382 2614 1443 2638 ru-

60 2657 216 2691 moribus
239 2657 406 2696 debitam,
428 2658 537 2692 refert
558 2658 681 2691 Cicero
704 2663 792 2693 orat.
818 2660 854 2693 in
879 2661 982 2695 Catil.
1001 2663 1046 2702 11,
1069 2660 1105 2702 6,
1123 2660 1156 2694 4.
1195 2664 1229 2694 et
1260 2672 1289 2695 c.
1319 2661 1356 2702 7,
1383 2661 1442 2696 16.

62 2713 116 2748 Do
147 2714 328 2758 Massilia,
372 2713 512 2750 Galliae
542 2714 776 2751 Narbonensis
819 2717 906 2752 urbe
938 2728 961 2753 a
991 2717 1270 2753 Phocaeensibus
1303 2717 1443 2753 condita

1451 793 1478 831 10
