1630 3034
402 139 758 183 IUGURTHA.
807 140 935 183 CAP.
970 140 1076 184 cm.
1328 144 1415 186 555

33 267 143 315 tere,
173 273 226 302 ac
261 263 371 315 tum,
406 258 442 301 si
477 273 562 317 per
600 256 796 300 Marium
830 257 994 313 liceret,
1030 257 1205 316 legatos
1243 257 1301 301 ad
1337 258 1418 302 Se·

32 362 184 399 natum
219 354 468 401 missurum.
536 354 666 411 Dein,
698 355 830 413 copia
864 354 999 409 facta,
1044 353 1211 397 animus
1241 355 1484 400 barbari15

33 453 89 496 ab
126 452 276 495 amicis
319 452 484 507 flexus,
532 466 646 509 quos
693 450 933 510 Iugurtha,
979 450 1160 510 cognita
1194 451 1420 511 legatione

33 549 186 594 Sullae
223 554 268 592 et
311 547 469 607 Manli,
507 554 706 613 metuens
742 535 807 603 id,'
840 547 964 606 quod
998 548 1254 607 parabatur,
1293 549 1420 593 donis

34 650 308 705 corruperat.

170 741 288 786 Cffl.
345 741 514 785 Marius
543 742 724 796 interea,
763 741 957 784 exercitu
988 741 1032 783 in
1061 740 1255 785 hibernis
1293 757 1419 786 com—

32 924 152 955 eontra
171 920 350 954 Romanos
365 923 504 965 gestum
522 923 726 962 excusaret,
752 920 898 954 obscure
915 919 1050 953 scilicet
1066 917 1320 962 significantem
1340 922 1422 955 olim

31 993 69 1017 se
91 982 322 1026 Iugurtham,
356 985 541 1024 antequam
576 981 669 1014 bello
700 992 781 1014 cum
814 981 986 1015 Romanis
1019 980 1277 1024 implicaretur,
1303 983 1423 1026 aliqua

31 1042 132 1087 regni
155 1046 254 1086 parte
277 1042 425 1076 exuisse.
470 1043 509 1076 Id
533 1047 651 1076 autem
674 1041 858 1076 mentitum
880 1054 955 1076 esse
979 1042 1161 1076 Bocchum
1185 1046 1260 1075 tum
1284 1054 1325 1076 ex
1349 1043 1424 1077 foe-

31 1105 114 1138 dere
138 1116 217 1138 cum
241 1103 416 1148 Iugurtha
439 1102 527 1136 inito
551 1107 664 1145 patet,
697 1106 773 1136 tum
802 1114 843 1136 ex
867 1103 910 1137 iis
932 1103 1017 1138 locis
1040 1102 1272 1148 intelligitur,
1298 1106 1425 1148 quibus

32 1165 226 1200 Sallustius
258 1165 342 1198 fines
378 1163 480 1209 regni
511 1162 712 1208 Iugurthini
746 1163 958 1198 occidentem
998 1175 1122 1196 versus
1151 1164 1355 1209 descripsit3
1389 1179 1424 1201 v,

32 1237 140 1271 supra
163 1238 192 1260 c.
219 1226 315 1266 xlx,
341 1224 374 1258 4.
399 1226 508 1267 xcu,
531 1224 564 1259 5.
590 1225 670 1257 coll.
696 1236 723 1260 c.
751 1224 824 1266 CX,
849 1224 882 1259 8.
919 1227 1037 1269 Quare
1060 1224 1216 1269 sequitur
1241 1227 1425 1269 expulerat

31 1288 130 1321 nullo
152 1291 254 1331 pacto
278 1287 365 1319 ferri
389 1298 510 1331 posse;
539 1296 750 1329 quamquam
775 1285 867 1319 enim
891 1287 1100 1321 indicativus
1122 1285 1158 1319 in
1183 1287 1339 1320 oratione
1361 1289 1426 1321 ob-

32 1349 130 1393 liqua
163 1359 226 1382 suo
251 1349 334 1382 loco
352 1347 481 1381 iustam
506 1346 762 1380 excusationem
790 1347 900 1382 habet
931 1348 989 1391 (v.
1013 1347 1057 1381 ad
1082 1346 1184 1381 Catil.
1209 1359 1240 1382 c.
1267 1349 1363 1390 xlv,
1388 1349 1424 1383 7.

33 1409 79 1444 ad
101 1409 179 1454 lug.
206 1421 237 1442 c.
261 1409 385 1451 Lxssl,
409 1409 460 1453 1),
495 1409 556 1442 hie
580 1412 696 1441 tamen
727 1412 870 1451 auctor,
899 1407 1083 1441 Bocchum
1109 1408 1199 1450 ficta
1228 1408 1426 1452 loquentem

34 1470 210 1511 inducens,
233 1481 304 1503 non
329 1469 442 1513 potuit
466 1469 501 1502 in
526 1480 606 1502 eum
631 1469 796 1507 modum,
819 1480 888 1512 quo
912 1480 968 1501 res
991 1479 1074 1501 vere
1098 1468 1190 1502 facta
1214 1468 1427 1513 declaratur,

34 1530 198 1565 transire.
246 1531 324 1573 Quo
362 1535 541 1574 praeterea
573 1534 781 1574 argumento
825 1528 1034 1563 Gerlachius
1065 1539 1128 1572 pro
1162 1540 1227 1563 sua
1258 1530 1427 1565 sententia

34 1592 164 1634 utitur,
195 1591 305 1624 verba
328 1591 420 1624 unde
443 1591 480 1624 vi
504 1591 583 1635 Ing.
611 1591 779 1634 expulerit
802 1601 870 1623 nou
894 1601 995 1633 posse
1018 1593 1202 1633 propterea
1224 1591 1267 1623 de
1293 1592 1426 1625 Boccho

35 1651 212 1696 intelligi,
249 1651 333 1694 quia
364 1662 454 1695 quae
484 1655 678 1694 sequuntur
707 1651 782 1684 iure
813 1652 893 1685 belli
923 1661 1023 1684 suam
1046 1653 1185 1694 factam
1207 1648 1300 1682 idem
1324 1650 1428 1693 plane

35 1713 243 1758 significent,
266 1723 378 1756 neque
400 1723 463 1744 cur
485 1712 622 1745 adiecta
645 1711 714 1746 sint
738 1705 929 1756 appareat,>
951 1722 1063 1754 aeque
1087 1710 1187 1744 futile
1210 1714 1281 1752 est,
1305 1721 1346 1744 ac
1370 1722 1428 1744 ce-

36 1778 123 1808 tera.
171 1773 263 1808 Nam
287 1771 364 1816 quis
387 1783 455 1805 non
479 1772 575 1807 videt
596 1774 776 1807 Bocchum
800 1773 1004 1808 simulatam
1028 1771 1215 1806 Numidiae
1237 1771 1428 1814 possessio-

36 1845 116 1867 nem
139 1845 208 1867 non
231 1834 344 1867 solum
363 1834 475 1876 sacto,
500 1833 558 1866 sed
583 1833 691 1868 etiam
716 1835 791 1869 iure
816 1834 1001 1868 defendere
1021 1832 1183 1866 studere?
1201 1851 1246 1857 —
1268 1833 1321 1865 De
1343 1833 1428 1866 mis-

37 1895 83 1928 sis
122 1901 230 1928 antea
268 1905 292 1927 a
330 1893 466 1927 Boccho
500 1894 632 1939 legatis
664 1897 701 1928 et
741 1894 784 1927 de
822 1899 959 1939 negata
995 1894 1153 1928 amicitia
1186 1903 1221 1928 v,
1257 1903 1361 1936 supra
1396 1903 1427 1925 c·

38 1955 181 1995 LXXX,
205 1955 239 1989 4.

132 2018 165 2058 §.
206 2015 252 2049 14
275 2018 313 2048 ct
334 2013 391 2049 15.
444 2013 632 2059 emittere]
689 2014 743 2047 De
778 2013 885 2048 huius
918 2013 1016 2047 verbi
1048 2016 1217 2057 potestate
1250 2024 1285 2047 V.
1320 2014 1363 2048 ad
1397 2026 1427 2047 c.

41 2077 169 2118 XXXI,
192 2076 249 2110 17.
272 2094 318 2100 —
353 2077 464 2110 Usum
496 2081 569 2110 tum
603 2074 800 2119 particulae
836 2086 1008 2120 cognosce
1041 2086 1083 2108 ex
1115 2075 1288 2109 annotatis
1319 2074 1364 2108 ad
1397 2086 1428 2107 c.

41 2137 170 2179 XLVI,
197 2136 230 2170 1.
263 2137 345 2173 coll.
377 2137 479 2171 dictis
510 2138 554 2172 ad
587 2135 724 2178 XLIX,
749 2135 783 2169 3.
816 2140 850 2169 et
873 2135 917 2169 ad
942 2136 1036 2177 mx,
1061 2135 1095 2169 3.
1120 2154 1166 2160 -—
1197 2135 1305 2178 Copia
1321 2136 1429 2178 sacta

41 2209 89 2233 sc.
121 2199 260 2242 legatos
288 2197 470 2241 mittendi3
505 2210 541 2233 V.
575 2198 622 2233 ad
653 2198 728 2231 Cat.
755 2208 784 2229 c.
810 2196 965 2238 xmm,
989 2196 1023 2229 6.
1072 2196 1232 2230 Ceterum
1266 2198 1431 2229 accurata

42 2259 196 2293 narratio
219 2260 402 2302 poscebat,
435 2259 553 2294 verbis
581 2259 717 2292 animus
743 2258 883 2291 barbari
907 2257 951 2290 ab
977 2257 1099 2290 amicis
1114 2258 1229 2300 flexus
1252 2254 1430 2300 praemitti

41 2325 119 2364 post
144 2320 266 2353 Sullae
296 2320 504 2360 discessum5
536 2321 628 2364 quod
661 2330 769 2364 quum
803 2330 871 2353 non
901 2310 1059 2352 additum
1091 2316 1155 2359 sit,
1178 2322 1272 2351 certe
1293 2317 1427 2362 cogita-

44 2380 137 2415 tione
160 2381 390 2424 supplendum
415 2385 477 2415 est.

137 2441 225 2476 Clu.
263 2444 294 2484 §-
319 2441 352 2474 l.
396 2442 430 2475 in
456 2442 628 2486 hibernis]
668 2442 722 2475 lta
744 2440 911 2483 scriptum
935 2443 1045 2474 exstat
1066 2438 1102 2473 in
1128 2438 1303 2473 nonnullis
1327 2438 1427 2472 codd.

46 2501 158 2544 Bivii,
182 2502 291 2536 Laud.
315 2502 348 2535 2.
372 2502 406 2536 3.
432 2504 592 2538 Arondel.
618 2502 763 2537 Balliol.
795 2503 897 2535 Rem.
929 2501 962 2535 2.
988 2502 1098 2545 Bes-g.
1123 2506 1159 2534 et
1185 2500 1288 2533 Misn.
1313 2498 1430 2532 Ceteri

47 2573 167 2597 omnes
189 2563 322 2596 habent
348 2565 384 2598 in
406 2565 647 2607 hibernaculis,
674 2564 777 2607 quod,
803 2573 910 2605 quum
934 2561 1121 2596 Sallustius
1139 2571 1247 2605 supra
1269 2571 1300 2594 c.
1330 2560 1370 2602 C,
1396 2559 1430 2593 1.

48 2623 156 2658 dicat:
187 2625 324 2658 Marius
347 2627 383 2659 in
407 2626 601 2661 hiberna
623 2620 874 2669 proficiscitur,
900 2634 988 2667 quae
1012 2624 1057 2657 in
1081 2622 1264 2667 oppidis
1287 2621 1430 2655 mari-

49 2686 185 2720 tumis
209 2697 317 2730 ogere
342 2685 563 2727 decreverat,
586 2686 646 2719 hic
669 2685 811 2720 tolerari
836 2684 973 2728 nequit,
1004 2684 1087 2728 quia
1109 2684 1257 2718 hiberna
1279 2681 1430 2715 multum

51 2746 95 2779 ab
123 2746 351 2783 hibernaculis
375 2745 550 2780 differunt.
607 2747 681 2781 luis
704 2746 795 2780 enim
818 2745 944 2780 latiore
969 2755 1072 2780 seusu
1100 2743 1135 2778 iu
1159 2743 1360 2778 universum
1384 2739 1432 2774 ei-
