1630 3034
218 209 301 250 156
581 205 627 247 C.
669 205 1002 249 SALLUSTI
1041 207 1268 251 CRISPI

217 322 364 367 studio
399 327 633 382 permota,
681 327 756 367 aut
789 323 997 382 superbia
1031 325 1396 384 magistratuum,
1431 331 1602 370 armata

174 423 244 463 4a
285 413 486 472 patribus
533 413 723 458 secessit.
802 414 867 458 At
909 429 991 459 nos
1036 429 1127 459 non
1168 397 1419 476 imperium,
1453 431 1602 475 neque

217 505 390 549 divitias
425 505 644 564 petimuS,
687 520 878 563 quarum
923 521 1072 550 rerum
1117 520 1270 550 caussa
1309 508 1434 552 bella
1468 514 1604 566 atque

215 597 459 644 certamina
494 595 642 639 omnia
684 596 799 640 inter
832 597 1030 641 mortalis
1064 604 1185 652 sunt,
1221 597 1302 643 sed
1335 598 1602 656 libertatem,

214 703 352 745 quam
403 702 536 732 nemo
588 687 731 731 bonus
775 688 856 732 nisi
911 703 1014 733 cum
1061 689 1207 732 anima
1254 688 1387 733 simul
1430 688 1602 733 amittit.

172 778 285 823 5Te
341 784 478 837 atque
522 778 736 822 Senatum
791 780 1087 836 obtestamur,
1145 781 1383 825 consulatis
1433 779 1603 824 miseris

215 870 412 924 civibus,
455 869 571 928 legis
610 869 908 928 praesidium,
959 868 1086 930 quod
1129 871 1334 929 iniquitas
1378 869 1603 916 Praetoris

215 961 400 1020 eripuit,
447 961 706 1016 restituatis,
757 977 869 1005 neve
916 977 1016 1006 eam
1057 964 1186 1007 nobis
1232 961 1602 1008 necessitudinem

213 1052 466 1112 imponatis,
500 1058 550 1096 ut
585 1067 849 1110 quaeramus
877 1068 1075 1111 quonam
1103 1053 1244 1098 modo
1277 1068 1486 1099 mammo
1517 1051 1602 1096 ulti

214 1143 476 1204 sanguinem
509 1149 707 1190 nostrum
748 1159 997 1205 pereamus.

212 1286 267 1320 Ita
289 1287 383 1330 quod
407 1287 592 1322 Sallustius
615 1288 700 1322 dicit
723 1299 783 1323 aes
801 1300 867 1334 pro
891 1293 1060 1335 argento,
1095 1289 1120 1327 ¹.
1145 1300 1175 1325 e.
1199 1300 1312 1325 assem
1339 1299 1404 1334 pro
1427 1285 1600 1329 sestertio,

212 1355 235 1378 a
257 1345 390 1379 Velleio
414 1347 591 1390 quadrans
615 1348 737 1390 capitis
765 1350 921 1380 vocatur.

306 1405 338 1444 ς.
364 1402 398 1437 3.
448 1415 470 1436 a
491 1405 648 1446 patribus
671 1404 842 1448 secessit]
877 1405 1033 1438 Eandem
1056 1416 1131 1439 rem
1155 1404 1269 1450 tangit
1290 1405 1368 1449 Ing.
1390 1402 1521 1442 xxxi,
1540 1401 1599 1435 17.

211 1461 247 1492 et
268 1459 415 1504 Fragm.
448 1461 601 1494 Historr.
626 1461 655 1502 1,
683 1460 717 1494 8.
750 1461 876 1504 quibus
911 1461 997 1495 locis
1028 1462 1127 1505 plebs
1158 1461 1212 1494 bis
1247 1461 1428 1495 secessisse
1458 1459 1600 1494 dieitur.

173 1518 175 1520 ’
208 1517 385 1551 Incertum
408 1521 536 1560 tamen,
560 1518 699 1552 easdem
723 1519 760 1551 h.
784 1519 808 1551 l.
833 1522 867 1552 et
890 1519 1036 1563 Fragm.
1060 1519 1151 1553 Hist.
1178 1519 1239 1559 ΙΙΙ,
1260 1519 1318 1559 22,
1336 1520 1369 1552 1.
1393 1516 1602 1552 secessiones

209 1578 352 1616 spectet,
376 1585 422 1607 an
444 1575 574 1618 plures,
600 1586 688 1618 quas
710 1575 912 1619 interpretes
936 1577 1139 1617 laudarunt,
1165 1575 1351 1620 intoliigat
1373 1586 1426 1600 —-·
1446 1576 1597 1608 Armata

211 1642 293 1664 cum
316 1631 424 1664 verbo
460 1633 597 1665 secessit
629 1632 908 1677 coniungendum
941 1645 1015 1667 esse
1046 1634 1183 1668 Cottius
1219 1637 1312 1667 recte
1344 1631 1452 1673 vidit,
1491 1641 1601 1674 quum

210 1691 333 1728 antea,
359 1688 465 1722 etiam
489 1690 583 1733 apud
606 1690 927 1733 Hamrcampium,
961 1690 1004 1723 ad
1028 1701 1236 1735 praegressa
1267 1690 1477 1724 traheretur.
1524 1687 1601 1722 Eo-

211 1745 290 1777 dem
315 1746 418 1778 modo
451 1746 602 1790 positum
625 1751 677 1780 est
701 1751 735 1780 et
759 1746 796 1780 in
830 1746 990 1780 Sallustii
1022 1748 1109 1781 locis
1141 1747 1315 1790 laudatis,
1349 1751 1384 1780 et
1405 1745 1498 1788 apud
1521 1744 1599 1779 Liv.

209 1802 271 1842 111,
301 1802 358 1843 50,
393 1802 446 1837 15.
486 1815 528 1837 no
554 1805 650 1839 Flor.
681 1805 708 1844 Ι,
739 1804 795 1838 23.
825 1823 868 1830 -
913 1808 945 1847 §.
977 1804 1010 1840 5.
1056 1817 1134 1839 carn
1171 1805 1267 1838 nobis
1312 1803 1599 1838 necessitudinem

210 1871 291 1893 cum
333 1861 522 1895 Geriachio
565 1862 809 1902 exhibuimus3
856 1862 995 1896 Cottius
1036 1863 1132 1896 nobis
1182 1862 1290 1896 trium
1332 1860 1494 1895 codicum
1533 1869 1601 1903 ope

210 1918 401 1960 expulerat,
427 1930 506 1953 cum
523 1931 655 1965 magno
678 1919 827 1960 numeri,
853 1919 972 1962 aliquo
991 1919 1098 1953 etiam
1122 1918 1311 1953 sententiae
1330 1917 1598 1952 detrimento.—

210 1972 341 2007 Statim
373 1981 451 2018 post
482 1978 725 2012 revocavimus
767 1977 958 2022 vulgatum
999 1978 1189 2010 verborum
1230 1974 1390 2009 ordinem
1436 1983 1598 2007 maxume

210 2030 296 2072 ulei,
320 2043 412 2075 quac
436 2034 575 2068 Cottius
599 2046 642 2068 cx
666 2046 734 2068 uno
770 2035 848 2068 vin.
882 2035 932 2076 L,
965 2033 1021 2067 cui
1045 2038 1161 2066 tamen
1194 2036 1313 2075 postca
1344 2036 1413 2066 tres
1443 2030 1507 2065 atii
1538 2041 1599 2065 nc-

209 2094 394 2131 cesserunt,
418 2094 690 2135 transposuerat,
715 2092 845 2127 collato
875 2103 905 2126 c.
935 2091 1047 2131 XXH,
1071 2089 1104 2123 3.
1139 2093 1173 2123 ct
1197 2090 1253 2131 Li,
1283 2089 1342 2123 23.
1372 2087 1434 2122 ubi
1466 2087 1599 2131 pariter

209 2144 427 2187 paucissimis
466 2149 563 2183 codd.
606 2149 853 2183 adiuvantibus
893 2149 1081 2181 verborum
1122 2146 1281 2180 ordinem
1313 2145 1443 2179 invexit
1473 2144 1509 2178 in
1533 2155 1597 2188 pe-

208 2202 331 2236 destris
373 2204 541 2240 orationis
580 2207 748 2250 scriptore
785 2206 881 2240 haud
924 2205 1152 2249 probandum.
1210 2202 1293 2237 Alia
1332 2202 1423 2236 ratio
1459 2201 1599 2235 videtur

208 2260 396 2295 verborum
431 2269 511 2306 post
546 2266 686 2308 paullo,
732 2264 775 2298 de
807 2264 934 2307 quibus
964 2261 1050 2296 dixit
1083 2262 1127 2295 ad
1159 2261 1237 2304 Ing.
1268 2259 1354 2300 cvl,
1380 2259 1435 2299 3.;
1467 2258 1598 2301 quippe

207 2320 325 2360 paullo
362 2319 397 2353 in
430 2321 497 2354 hac
530 2325 704 2355 structura
737 2320 965 2365 appositionis
997 2318 1070 2352 vim
1102 2318 1257 2358 obtinet;
1301 2316 1346 2350 of.
1380 2315 1594 2349 Ramshorn.

208 2376 340 2417 §.191
374 2378 401 2419 Ι,
433 2378 466 2419 2,
494 2379 528 2413 b.
560 2391 594 2422 p.
623 2378 702 2412 627.
752 2378 911 2413 Plurima
943 2377 1134 2412 verborum
1173 2380 1250 2419 post
1281 2373 1400 2417 paullo
1432 2372 1594 2416 exemplu

207 2434 380 2477 congessit
403 2436 578 2470 Drakenb.
605 2438 649 2470 ad
673 2435 750 2471 Liv.
770 2437 848 2478 XX,
868 2436 925 2477 60,
947 2435 1005 2471 16.
1032 2434 1131 2467 (hes.
1156 2432 1200 2468 B.
1225 2432 1263 2465 C.
1282 2431 1310 2472 1,
1326 2430 1384 2473 2⁰,
1400 2429 1435 2466 4.
1469 2429 1595 2466 Nocte:

206 2489 280 2524 Cat.
304 2491 427 2533 xvm,
445 2492 478 2527 3.
502 2493 577 2537 lug.
602 2493 727 2534 mxl,
747 2492 779 2527 5.
805 2492 957 2531 mxlv,
980 2492 1012 2525 l.

298 2549 458 2584 xxxiv.
514 2552 544 2590 §v
579 2549 611 2582 1.
675 2551 872 2593 respondit]
915 2547 1054 2582 Cottius
1095 2546 1165 2580 hoc
1207 2544 1378 2585 verbum,
1423 2542 1516 2587 quod
1556 2542 1594 2578 in

208 2609 326 2643 Gueii'.
346 2608 401 2641 11.
426 2611 460 2640 ct
483 2606 643 2639 Arondol.
669 2607 790 2648 abest,
814 2607 927 2641 eiecit.
976 2604 1045 2639 Sed
1078 2601 1280 2647 llerzogius
1310 2600 1396 2635 scite
1426 2602 1593 2636 observa-

207 2667 269 2708 vit,
292 2666 354 2700 ubi
378 2665 430 2699 ita
455 2663 698 2707 interrogetur.
724 2670 762 2698 ut
786 2674 986 2708 responsum
1007 2664 1162 2706 petatur,
1186 2658 1221 2692 id
1242 2659 1365 2692 abesse
1388 2669 1455 2692 non
1472 2669 1591 2702 poeee3

208 2728 328 2761 contra
359 2722 396 2757 in
430 2719 600 2756 familiari
633 2732 813 2765 sermone,
844 2721 880 2757 in
912 2718 1121 2765 disputando
1156 2722 1260 2762 utque
1290 2715 1513 2761 disceptando
1547 2725 1591 2751 eo
