1630 3034
433 196 801 240 IUGURTHA.
862 176 993 241 eff.
1025 197 1110 240 cn.
1365 202 1451 243 547

61 323 107 361 te
147 317 283 361 talem
328 315 470 359 virum
517 314 562 358 di
609 312 844 370 monuere,
899 314 961 358 uti
1003 314 1242 374 aliquando
1287 330 1450 374 pacem

61 430 197 472 quam
233 413 401 457 bellum
436 412 605 467 malles,
642 427 728 455 neu
763 417 807 456 te
839 417 1074 471 optumum
1107 428 1208 456 cum
1234 428 1448 473 pessumo

61 511 259 556 omnium
293 509 513 570 Iugurtha
547 508 775 552 miscendo
804 510 1167 565 commaculares,
1205 511 1333 555 simul
1363 526 1447 555 no-

60 608 127 653 bis
165 608 371 652 demeres
409 606 617 651 acerbam
657 605 1053 663 necessitudinem,
1089 607 1258 666 pariter
1293 614 1337 651 te
1374 623 1446 651 er-

59 790 210 823 habetur
232 787 269 821 in
292 786 398 821 Fabr.
424 785 457 818 1.
483 789 518 820 et
540 786 636 821 Flor.
661 786 695 820 1.
727 785 866 825 Delevit
891 786 1042 830 Curtius,
1067 787 1236 830 probante
1259 786 1450 821 Gerlachio

59 850 95 885 iu
120 850 315 884 comment.
341 860 375 891 p.
401 846 502 888 329„
535 858 604 881 non
637 847 723 881 item
755 848 791 880 in
823 848 876 882 ed.
908 847 994 881 min.
1026 866 1070 872 —
1112 848 1223 890 Quum
1248 848 1363 881 Faber
1386 859 1448 892 pro

59 911 150 956 quod
173 909 323 954 positum
349 913 481 949 censet,
507 907 737 942 indicativum
763 908 963 953 legitimum
986 907 1113 943 dicens.
1139 908 1221 951 quia
1244 909 1380 942 laetitia
1404 909 1448 943 ad

57 983 219 1006 caussam
254 971 288 1004 in
308 973 412 1013 sacta
439 980 478 1002 re
510 968 660 1011 positam
687 971 870 1005 referatur.
919 970 1115 1012 Utrumque
1138 969 1277 1002 falsum.
1324 970 1362 1002 ln
1386 970 1449 1004 tali

20 1037 26 1039 ’
59 1033 154 1067 enim
186 1031 355 1066 sententia
387 1042 456 1063 non
490 1042 615 1074 quum,
652 1032 710 1064 sed
743 1031 833 1076 quod
864 1034 1065 1073 usurpatur,
1099 1034 1137 1064 nt
1168 1029 1317 1063 diximus
1349 1031 1392 1064 ad
1418 1043 1448 1064 c.

59 1094 205 1135 LXXX,
229 1093 277 1135 6.‚
300 1102 412 1134 neque
435 1101 589 1134 unquam
615 1103 738 1135 quum,
764 1091 824 1124 ubi
849 1101 1008 1123 caussam
1032 1090 1228 1134 significat,
1253 1102 1333 1132 cum
1357 1091 1449 1125 indi-

58 1152 429 1195 cativoconstruitur,
454 1153 653 1194 frustraque
676 1152 809 1194 Faber,
834 1156 872 1185 ut
896 1152 964 1185 hoc
988 1152 1128 1195 probet,
1151 1152 1196 1185 ad
1221 1152 1449 1186 Ramshornii

59 1206 218 1251 Gramm]
255 1216 331 1249 Lat.
366 1215 398 1256 ς.
433 1213 513 1255 194,
547 1212 580 1246 2.
613 1216 683 1247 not.
709 1225 743 1257 p.
768 1212 848 1247 613.
872 1213 926 1246 ea.
952 1213 1162 1255 ιτειῃῑιιῑι,
1188 1214 1249 1246 ubi
1272 1213 1361 1246 nihil
1385 1218 1448 1255 est,

26 1295 30 1297 >
57 1277 150 1321 quod
181 1276 226 1310 ad
259 1286 335 1309 rem
366 1274 483 1308 faciat.
550 1275 756 1307 Tenendum
793 1279 843 1307 est
878 1274 993 1317 potius
1033 1275 1196 1318 temporis
1230 1278 1450 1318 potestatem,

58 1349 164 1382 quam
190 1348 293 1382 quum
312 1337 484 1379 particula
502 1336 690 1369 indicativo
707 1335 826 1369 iuncta
844 1346 983 1378 semper:
1001 1335 1128 1375 habet,
1153 1338 1188 1368 et
1210 1334 1288 1377 hic,
1315 1340 1349 1370 et
1372 1347 1449 1370 om-

56 1399 161 1433 nibus
185 1397 264 1432 aliis
288 1397 396 1439 locis,
433 1397 494 1431 ubi
520 1408 584 1441 pro
617 1398 708 1441 quod
734 1396 884 1440 positam
917 1396 1054 1438 dicunt,
1091 1395 1264 1440 integram
1297 1408 1451 1439 manere,

57 1469 207 1502 eamque
228 1457 278 1492 ita
302 1462 438 1491 tantum
462 1468 606 1491 caussae
635 1456 924 1501 significationem
956 1456 1137 1501 attingere,
1164 1461 1333 1500 quatenus
1358 1463 1450 1492 utro-

57 1532 126 1565 que
150 1520 256 1554 modo
279 1519 324 1553 ad
350 1518 507 1562 aliquam
539 1519 731 1560 actionem,
766 1528 857 1560 quae
889 1517 946 1550 vel
978 1518 1169 1561 praecessit
1204 1518 1370 1560 alteram,
1396 1518 1453 1552 vel

59 1583 177 1616 eodem
200 1586 354 1624 tempore
378 1578 586 1620 continetur,
609 1578 810 1623 respicitur,
835 1578 894 1621 qui
917 1578 1126 1622 respiciendi
1148 1578 1273 1611 modus
1289 1578 1338 1612 ita
1356 1590 1451 1612 com-

58 1647 203 1688 paratus
225 1644 296 1682 est,
321 1643 359 1674 nt
384 1639 605 1674 coniunctim
630 1639 743 1683 posim
767 1640 923 1673 internus
944 1650 1053 1672 nexus
1076 1639 1166 1672 inter
1189 1640 1452 1682 praecedentem

58 1713 220 1738 caussam
253 1705 288 1735 et
320 1701 485 1734 effectum
511 1705 711 1744 sequentem
735 1700 954 1741 declaretur,
987 1699 1179 1733 indicativo
1204 1704 1347 1733 externa
1374 1706 1453 1734 tan-

58 1769 136 1800 tum
158 1763 322 1807 temporis
345 1761 475 1796 diversi
498 1762 590 1796 ratio
616 1761 800 1795 iudicetur.
846 1761 900 1794 lta
923 1763 1041 1794 nostro
1065 1760 1143 1793 loco
1167 1761 1307 1795 laetitia
1330 1773 1351 1795 a
1376 1773 1450 1795 mo-

58 1826 132 1861 nito
165 1825 312 1858 deorum
347 1835 417 1857 non
448 1827 616 1867 tanquam
649 1833 673 1855 a
705 1832 828 1855 caussa
852 1820 1030 1864 repetitur,
1062 1819 1123 1853 sed
1154 1819 1246 1854 istud
1278 1821 1450 1856 monitum

59 1885 266 1931 simpliciter
289 1884 418 1918 dicitnr
441 1884 615 1918 laetitiam
637 1882 884 1926 praecessisse,
913 1881 1064 1924 quo'fit‚
1088 1884 1127 1915 ut
1150 1893 1253 1925 quum
1276 1882 1336 1915 hie
1357 1882 1452 1917 idem

59 1950 134 1983 fere
157 1947 276 1981 valeat
298 1950 403 1988 atque
424 1949 609 1988 postquam
635 1943 711 1976 sive
737 1954 778 1976 ex
807 1954 892 1986 quo,
928 1941 1009 1975 aliis
1042 1945 1159 1975 autem
1191 1941 1279 1974 locis
1310 1942 1354 1975 ad
1378 1943 1451 1976 vim

59 2009 198 2055 quando
222 2005 330 2047 vocis,
354 2005 397 2037 de
420 2015 490 2047 qun
514 2003 608 2036 infra
632 2005 665 2045 §.
690 2003 723 2036 9.
749 2003 910 2043 dicimus,
940 2002 1093 2036 accedat.
1119 2002 1163 2036 cf.
1191 2002 1263 2036 Cic.
1288 2002 1381 2047 Epp.
1406 2005 1451 2038 ad

60 2071 200 2104 Famm.
225 2068 286 2110 lx,
310 2065 369 2108 14,
394 2064 428 2098 6.
481 2065 648 2097 Gratulor
671 2064 756 2105 tibi,
781 2075 915 2108 quum
940 2068 1080 2097 tantum
1103 2063 1237 2096 vales
1260 2065 1356 2107 apud
1381 2065 1450 2098 Do-

62 2131 239 2172 labellam,
264 2128 289 2162 i.
313 2140 344 2161 e.
367 2130 551 2170 postquam
575 2124 612 2157 id
636 2126 794 2169 effectum
820 2129 882 2165 est,
913 2129 951 2158 ut
975 2128 1112 2158 tantum
1135 2124 1268 2165 valeas,
1292 2126 1453 2168 gratulor

62 2192 141 2227 tibi.
165 2191 250 2225 ibid.
275 2187 369 2228 xm,
402 2186 460 2228 24,
493 2185 528 2219 3.
593 2186 673 2220 Tibi
702 2186 843 2231 gratias
879 2195 969 2228 ago,
1007 2195 1131 2228 quum
1154 2188 1293 2218 tantum
1317 2186 1452 2220 litterae

60 2264 163 2287 meae
192 2253 453 2296 potuerunt.
489 2247 575 2281 ibid.
606 2247 680 2288 Vll,
704 2247 760 2286 28,
785 2246 821 2279 2.
878 2245 1010 2278 Vidisse
1034 2244 1119 2276 mihi
1142 2245 1287 2278 multum
1312 2246 1452 2288 videris,

63 2324 192 2359 quum
215 2317 251 2346 te
275 2312 313 2345 in
338 2309 523 2342 Graeciam
549 2306 803 2342 contulisti.
829 2305 913 2340 ibid.
939 2303 1032 2345 XVI,
1056 2303 1113 2345 12,
1139 2304 1193 2338 12.
1235 2306 1298 2347 Tu,
1324 2318 1451 2350 quum

63 2385 102 2408 eo
125 2379 278 2417 tempore
301 2380 433 2404 mecum
458 2380 530 2403 esse
552 2380 621 2402 noa
643 2367 863 2411 potuisti,
897 2376 961 2409 quo
995 2376 1061 2409 ego
1093 2376 1232 2408 operam
1258 2367 1454 2401 desideravi

63 2438 174 2473 tuam,
199 2442 280 2465 cave
296 2430 455 2472 sesta'aes.
481 2429 524 2463 de
551 2428 654 2462 Finn.
679 2428 741 2470 Ill,
769 2427 803 2468 2,
826 2426 862 2460 9.
912 2426 1098 2459 Praeclare
1127 2426 1245 2468 facis,
1270 2438 1393 2470 quum
1419 2433 1453 2462 et

65 2504 182 2527 eorum
205 2491 406 2526 memoriam
430 2495 568 2532 tenes,
594 2508 639 2516 -
664 2493 698 2521 et
719 2498 863 2532 puerum
889 2481 1092 2530 diligis}
1108 2485 1167 2518 nbi
1193 2487 1364 2521 memoria
1389 2489 1454 2522 ho-

0 2571 2 2576 ·
65 2552 200 2587 minum
225 2551 392 2596 puerique
415 2561 516 2584 amor
539 2549 718 2594 cogitatur
744 2553 784 2582 ut
815 2546 1045 2592 praecedens,
1082 2545 1140 2578 cui
1170 2547 1353 2582 subiicitur
1376 2549 1454 2582 lau-

67 2613 162 2647 datio
195 2618 364 2656 tanquam
396 2622 550 2655 sequens.
582 2610 698 2643 Plaut.
734 2608 827 2641 Rnd.
854 2608 912 2651 Ν,
943 2607 977 2647 8,
1001 2606 1035 2639 6.
1086 2606 1206 2648 Quid?
1229 2609 1326 2651 patri
1349 2609 1455 2642 etiam

68 2675 294 2719 gratulabor,
321 2683 446 2717 quum
481 2673 579 2705 illam
610 2667 825 2702 invenit?
855 2669 959 2702 Poen.
987 2667 1015 2709 I,
1041 2667 1074 2707 2,
1098 2666 1154 2701 82.
1205 2669 1233 2701 Ο
1257 2670 1368 2701 multa
1392 2669 1455 2702 tibi

70 2734 153 2768 dent
177 2735 286 2775 bona,
318 2744 442 2778 quum
475 2733 560 2766 mihi
592 2732 654 2765 hoc
679 2730 902 2764 obtulisti
935 2733 1008 2762 tam
1034 2729 1185 2772 lepidum
1208 2729 1453 2772 spectaculum.

70 2793 155 2828 Ter.
187 2795 314 2828 Heaut.
353 2795 409 2836 Ν,
442 2793 476 2834 8,
512 2794 542 2827 l.
608 2792 719 2825 Multo
749 2790 898 2823 omnium
934 2799 989 2824 me
1021 2800 1110 2822 nunc
1136 2790 1454 2833 fortunatissimum

1066 2859 1174 2904 35*
