1630 3034
485 710 537 757 C.
575 709 888 756 SALLUSTI
924 708 1128 753 CRISPI

303 834 338 890 1
414 792 493 892 U'
554 834 615 891 G
691 833 749 891 U
827 832 886 888 R
965 830 1018 886 Τ
1097 829 1164 887 H
1243 826 1318 884 A.

113 1113 279 1184 Falso
307 1141 504 1199 queritur
535 1140 593 1185 de
623 1148 780 1186 natura
805 1157 884 1186 sua
905 1155 1046 1201 genus
1071 1138 1344 1192 humanum,
1383 1133 1508 1194 quod

114 1236 340 1280 imbecilla
369 1244 504 1297 atque
534 1240 631 1282 aevi
666 1239 811 1283 brevis
847 1238 964 1282 forte
998 1236 1147 1296 potius
1181 1249 1317 1294 quam
1346 1233 1509 1277 virtute

209 1379 238 1413 1.
286 1382 316 1422 ἓ.
339 1379 373 1414 1.
423 1381 525 1416 Falso
550 1383 704 1427 queritur
734 1382 777 1416 de
801 1387 931 1416 natura
956 1393 1020 1416 sua
1045 1391 1158 1426 genus
1184 1377 1396 1421 humanum]
1430 1377 1510 1410 Ho-

115 1450 196 1472 rum
226 1441 418 1474 verborum
450 1443 554 1477 nimis
582 1444 718 1478 subtilis
744 1455 864 1476 censor
882 1442 1011 1477 exstitit
1036 1439 1293 1485 Quinctilianus
1315 1439 1428 1473 Instit.
1458 1449 1512 1472 or.

117 1500 190 1540 IX,
213 1501 254 1542 4,
281 1500 339 1536 77.
362 1512 404 1535 ea
424 1500 614 1546 ἔνρυθμα,
651 1504 674 1539 i.
703 1515 734 1538 e.
761 1504 882 1547 aliquo
904 1503 1064 1548 rhythmi
1093 1513 1222 1547 genere
1249 1500 1513 1544 comprehensa,

118 1560 256 1600 dicens,
282 1572 349 1604 quo
372 1563 485 1605 effici,
508 1570 547 1598 ut
566 1565 678 1600 oratio
697 1576 765 1598 non
781 1564 864 1598 satis
881 1565 1016 1606 soluta,
1040 1565 1101 1598 sed
1118 1567 1301 1608 poetarum
1321 1572 1419 1596 more
1439 1560 1513 1593 vin-

119 1625 177 1655 cta
205 1622 374 1656 videatur.
425 1623 494 1657 Sed
524 1636 631 1667 quum
657 1626 818 1659 Sallustii
845 1626 951 1659 verba
979 1626 1219 1660 tantummodo
1247 1623 1377 1668 insigni
1397 1621 1515 1668 gratia

117 1684 328 1726 procedant,
364 1689 476 1718 certos
502 1697 586 1720 vero
613 1690 647 1720 et
673 1697 695 1719 a
718 1685 829 1729 poetis
856 1691 1039 1729 usurpatos
1064 1696 1228 1720 numeros
1255 1696 1325 1719 non
1348 1685 1516 1726 habeant,

117 1744 375 1787 Quinctiliauus
405 1745 561 1780 diversas
586 1758 642 1779 res
668 1746 868 1780 confudisse
896 1747 1082 1779 censendus
1109 1749 1172 1782 est.
1217 1746 1339 1789 Neque
1359 1756 1439 1778 eum
1459 1747 1515 1777 ta-

117 1817 198 1839 men
227 1806 438 1840 Gerlachius
464 1810 557 1839 recte
584 1807 732 1848 refellit,
766 1807 811 1840 ad
839 1807 942 1840 Catil.
971 1808 1072 1848 xlx,
1097 1805 1133 1840 5.
1164 1807 1371 1841 Commentt.
1396 1818 1431 1850 p.
1456 1804 1514 1839 79.

116 1867 316 1908 remittens,
351 1867 412 1900 ubi
433 1867 609 1901 veteribus
635 1867 863 1911 scriptoribus
890 1868 1064 1901 interdum
1082 1879 1200 1901 versus
1218 1867 1385 1901 excidisse
1402 1869 1517 1900 osten-

119 1928 190 1969 dit;
232 1939 314 1962 nam
332 1928 383 1962 ibi
402 1927 493 1961 dicta
511 1928 582 1960 huc
600 1928 704 1971 plane
728 1939 798 1961 non
816 1928 1007 1971 pertinent,
1042 1928 1110 1961 nisi
1129 1929 1218 1962 sorte
1235 1929 1303 1961 hoc
1321 1927 1517 1973 Iugurthae

118 1989 300 2022 exordium
316 2000 379 2032 pro
396 1999 498 2021 versu
514 1989 636 2022 habet.
667 1990 809 2033 Quanto
824 1989 1027 2032 prudentius
1044 1989 1228 2023 Diomedes
1244 1988 1307 2024 lib.
1324 1989 1370 2022 11.
1390 2001 1423 2033 p.
1434 1987 1517 2022 464.

118 2049 280 2084 Putsch.=
318 2050 525 2084 Sallustium
553 2061 704 2094 quoque,
743 2050 876 2093 iuquit,
916 2050 1034 2084 dicunt
1067 2050 1237 2094 principio
1266 2049 1463 2094 Iugurthae
1493 2060 1517 2083 a

120 2110 279 2153 rhythmo
307 2111 464 2154 coepisse.
517 2110 642 2143 Verum
671 2111 733 2143 hoc
760 2115 871 2144 totum
903 2121 1018 2156 genus
1045 2110 1319 2154 reprehensionis
1351 2109 1517 2143 eiusmodi

122 2175 193 2211 est,
219 2175 280 2210 ut,
302 2172 334 2203 si
359 2171 626 2204 calumniatores
651 2171 734 2204 istos
759 2172 965 2211 audiamus,
990 2171 1036 2204 sit
1054 2170 1369 2211 conticescendum,
1401 2170 1516 2214 quia

121 2230 253 2262 nulla
275 2241 358 2263 non
383 2241 492 2273 pars
519 2231 752 2264 orationis
786 2232 830 2264 in
859 2233 1062 2276 aliquam
1093 2231 1300 2274 rhythmi
1329 2235 1408 2265 aut
1432 2242 1518 2265 me-

122 2291 185 2324 tri
222 2290 418 2333 speciem
448 2296 606 2334 potest
628 2292 866 2336 figurari.
898 2310 944 2317 —
979 2292 1072 2333 Sua,
1099 2292 1191 2334 quod
1219 2291 1256 2326 in
1283 2292 1394 2326 tribus
1417 2292 1517 2328 codd.

122 2351 235 2390 deest,
260 2349 295 2382 in
311 2349 390 2382 aliis
410 2350 527 2384 locum
544 2355 675 2391 mutat,
697 2352 734 2384 in
755 2352 930 2385 nonnullis
951 2352 1058 2385 etiam
1075 2352 1110 2385 in
1128 2353 1183 2386 sui
1212 2353 1438 2397 depravatum
1455 2357 1519 2396 est,

123 2409 333 2444 Gerlachius
351 2421 532 2453 perperam
550 2416 666 2445 censet
682 2412 795 2446 omitti
813 2424 931 2456 posse,
955 2424 1023 2446 non
1048 2413 1195 2448 sentiens
1216 2419 1250 2447 et
1272 2414 1439 2448 orationis
1458 2426 1519 2448 ve-

120 2475 294 2505 nustatem
319 2480 360 2502 eo
385 2470 520 2512 perire,
545 2476 579 2504 et
604 2473 789 2506 obscuram
814 2474 891 2506 fieri
921 2475 1146 2516 sententiam,
1178 2480 1309 2508 natura
1326 2486 1412 2509 voce
1430 2477 1521 2511 nude

122 2531 257 2575 posita3
291 2541 372 2563 nam
392 2541 432 2563 ex
446 2531 562 2564 verbis
579 2543 691 2576 genus
710 2535 900 2567 humanum
922 2534 1066 2569 minime
1091 2535 1318 2580 intelligitur,
1343 2536 1436 2579 quod
1457 2537 1521 2571 ille

123 2592 220 2632 vult,
244 2592 417 2624 hominum
444 2595 607 2624 naturam
634 2592 840 2637 vituperari.

217 2653 412 2693 imbecilla]
446 2651 497 2683 lta
520 2662 639 2684 omnes
659 2655 774 2686 tenent
797 2654 895 2687 codd.
916 2655 1046 2698 pariter
1060 2660 1097 2691 ut
1115 2669 1144 2690 c.
1167 2658 1221 2699 X,
1245 2656 1280 2690 6.
1308 2660 1343 2691 et
1366 2657 1443 2694 Cat.
1460 2654 1521 2700 m,

124 2710 158 2745 4.
171 2736 182 2753 ,
212 2712 274 2745 ubi
297 2711 435 2745 eortius
454 2712 543 2744 falso
563 2713 743 2748 annotavit
762 2726 825 2758 pro
845 2716 1022 2751 imbecillis
1045 2717 1177 2751 dictum
1194 2729 1278 2751 esse.
1326 2718 1524 2753 Ernestium

125 2771 286 2806 similiter
311 2775 518 2807 statuentem
545 2773 758 2810 Goerenzius
786 2776 830 2811 ad
853 2776 926 2814 Cic.
951 2778 994 2812 de
1020 2777 1122 2812 Finn.
1141 2780 1192 2818 V,
1215 2778 1284 2823 24,
1309 2779 1366 2815 77.
1389 2791 1425 2825 p.
1442 2780 1525 2817 621.

202 2843 257 2887 11.
1216 2850 1245 2894 1
