1630 3034
175 185 261 224 ωδ
330 152 338 158 ”
545 177 590 220 e.
623 175 953 219 SALLesTI
984 175 1201 219 cfflsrl

176 295 354 343 insidiis,
378 294 715 338 circumventos.
786 294 854 337 Ae
890 294 1039 351 fuere,
1085 294 1161 352 qui
1197 294 1395 342 dicerem
1431 284 1576 341 manu*

177 391 517 447 vindicandum,
562 405 709 449 neque
746 390 870 451 apud
904 390 1029 434 illum
1064 397 1235 436 tantum
1272 392 1416 436 scelus
1451 393 1565 441 inulss

175 499 271 536 tum
307 488 663 548 relinquendum.
942 460 951 466 N

318 587 456 633 CVII.
514 586 575 629 At
611 584 760 641 Sulla,
806 600 1079 643 quamquam
1125 585 1286 630 eadem
1325 587 1566 632 existuma-

176 688 268 742 bat,
303 692 452 730 tamen
483 686 541 728 ab
576 682 732 727 iniuria
762 681 977 727 Maurum
1012 682 1242 742 prohibet.
1313 684 1430 729 Suos
1458 685 1569 729 hor-

176 789 309 843 tatur,
347 783 411 827 uti
441 782 607 826 fortem
642 779 835 824 animum
872 786 1107 840 gererent3
1151 796 1288 840 saepe
1324 789 1426 826 ante
1458 798 1568 842 pau-

177 893 357 928 ferendam
381 891 663 937 suppliciumque
688 891 730 924 de
754 902 795 925 eo
819 891 1048 932 sumendum3
1084 892 1130 926 cf.
1163 904 1193 926 c.
1219 893 1298 935 XX,
1323 893 1356 929 4.
1381 897 1416 928 et
1441 894 1570 937 XXXI,

177 957 237 993 18.
258 976 303 981 -
333 956 459 1000 Apud
483 956 581 988 illum
604 954 654 988 ita
679 953 810 986 dictum
834 955 904 994 cst,
939 956 976 986 ut
1000 952 1141 987 sceleris
1166 954 1263 987 sedes
1287 955 1483 989 accuratius
1511 956 1569 989 de-

177 1018 344 1063 signetur.
392 1016 484 1050 Nam
510 1016 578 1049 loci
601 1017 793 1059 potestate,
819 1015 908 1056 qu'ae
932 1013 1076 1056 propria
1100 1018 1152 1047 est
1177 1016 1272 1058 apud
1296 1016 1503 1059 particulae,
1526 1017 1572 1051 ad

176 1089 361 1124 personam
386 1078 577 1121 translata,
602 1089 679 1118 res,
704 1087 794 1120 quac
818 1075 860 1109 ad
886 1087 1069 1118 personam
1094 1076 1245 1119 pertinet
1269 1081 1303 1111 et
1327 1077 1362 1111 in
1387 1089 1429 1111 ea
1451 1077 1572 1112 locum

176 1139 277 1185 quasi
297 1138 443 1181 obtinet,
463 1140 582 1183 apud
606 1139 756 1183 aliquem
783 1148 854 1170 esse
879 1136 1017 1177 dicitur,
1042 1138 1134 1180 quod
1159 1138 1333 1186 interdurn
1356 1139 1459 1182 plane
1476 1126 1570 1172 {dem

176 1204 240 1244 est,
265 1204 370 1243 atque
395 1201 441 1233 in
466 1201 580 1245 aliquo
606 1211 701 1240 esse‚·
726 1199 772 1234 cf.
797 1198 917 1232 Hand.
940 1198 982 1231 de
1010 1198 1158 1231 Particc.
1186 1199 1261 1233 Lat.
1288 1200 1364 1233 Vol.
1389 1201 1414 1234 1.
1440 1211 1473 1244 p.
1490 1199 1571 1234 410.

175 1275 248 1307 sqq.
283 1264 316 1304 g.
351 1260 384 1295 S.
415 1260 488 1294 Cic.
518 1262 616 1295 Brut.
653 1272 682 1294 e.
716 1259 772 1301 41,
811 1260 890 1295 152.
941 1261 999 1294 Sic
1032 1260 1122 1293 enim
1156 1261 1325 1304 existimo,
1351 1263 1436 1295 iuris
1460 1262 1571 1297 civilis

176 1335 341 1369 magnum
366 1334 464 1356 usum
491 1327 524 1356 et
549 1322 670 1366 apud
697 1321 995 1363 Scaevolam,
1015 1326 1063 1356 ”et
1097 1323 1215 1366 apud
1248 1324 1419 1357 multos
1446 1325 1571 1367 suisse-

174 1386 302 1420 Noster
334 1385 410 1429 lug.
446 1384 578 1425 XXIV,
611 1383 668 1419 10.
725 1383 763 1416 Si
795 1383 870 1416 ulla
900 1383 1020 1426 apud
1045 1394 1119 1416 vos
1144 1385 1310 1417 memoria
1334 1390 1489 1420 remanet
1512 1387 1572 1420 avi

175 1447 244 1481 mei
280 1445 505 1480 Masinissae.
538 1463 583 1469 —
615 1445 654 1478 ln
687 1443 803 1477 verbis
835 1455 946 1488 neque
975 1445 1085 1478 scelus
1118 1445 1265 1478 inultum
1296 1446 1570 1490 relinquen-

177 1509 301 1551 dum,
335 1507 553 1551 relinquendi
583 1505 678 1540 notio
712 1505 762 1539 ita
796 1509 848 1539 est
879 1505 1124 1548 concipienda:
1161 1505 1302 1540 nonita
1327 1507 1573 1542 discedendum

176 1569 275 1612 quasi
300 1568 346 1602 ab
372 1568 513 1609 scelere,
537 1570 575 1600 ut
601 1565 758 1600 animum
786 1578 854 1601 non
875 1567 919 1601 ad
939 1567 973 1600 id
997 1567 1233 1611 advertamus,
1257 1567 1478 1613 inultumque
1498 1581 1573 1605 esso

175 1629 349 1670 sinamus3
372 1629 416 1662 cf.
442 1627 644 1662 Doederlini
668 1627 864 1672 Synonym.
890 1628 967 1662 Lat.
993 1629 1071 1664 rol.
1094 1631 1155 1664 111.
1180 1642 1214 1674 p.
1243 1629 1325 1665 290.
1350 1632 1383 1673 ς.
1410 1630 1445 1667 7.

270 1689 371 1723 ΟΠΙ.
397 1691 428 1731 §.
454 1689 488 1722 1.
514 1689 760 1732 existumabat]
803 1688 912 1722 Pauci
940 1690 1039 1723 codd.
1066 1691 1196 1725 habent
1220 1692 1454 1733 aestumabat,
1478 1691 1572 1736 quod

176 1750 316 1786 Cortius
351 1754 385 1784 et
419 1749 630 1784 Gerlachius
663 1748 839 1796 immerito
875 1751 1134 1793 praetulerunt3
1166 1762 1200 1784 v.
1226 1752 1271 1785 ad
1296 1751 1397 1786 Catil.
1424 1753 1512 1797 vlu,
1536 1752 1570 1789 2.

177 1815 211 1846 et
235 1812 278 1846 ad
300 1813 379 1856 lug.
405 1811 577 1854 LXXXV,
602 1809 659 1844 14.
684 1829 729 1836 -—
756 1811 819 1843 Ab
844 1811 1030 1844 iniuria
1058 1812 1221 1845 Maurum
1244 1813 1463 1856 prohibet
1487 1813 1512 1847 i.
1539 1825 1570 1848 e.

173 1871 319 1916 impedit
343 1871 528 1916 quominus
551 1873 699 1905 Maurus
721 1871 852 1905 iniuria
876 1873 1066 1916 afficiatur,
1091 1873 1165 1907 sive
1186 1877 1300 1907 tutum
1321 1878 1472 1917 praestat
1488 1885 1570 1908 con-

156 1938 232 1968 'tra
255 1933 434 1969 iniuriam.
460 1933 506 1966 cf.
531 1932 602 1968 Cic.
625 1943 659 1976 p.
684 1932 707 1966 l.
734 1933 827 1967 Man.
854 1944 885 1967 c.
910 1933 944 1968 7.
968 1932 1024 1967 18.
1076 1934 1155 1969 Erit
1180 1934 1410 1969 humanitatis
1432 1939 1570 1969 vestrae

174 2006 345 2041 magnum
379 2006 495 2028 eorum
529 1994 654 2028 civium
686 2005 865 2028 numerum
897 1995 1176 2030 calamitate
1197 1996 1461 2040 prohibere.
1484 1995 1570 2030 ibid.

175 2059 209 2099 §-
234 2057 290 2090 19.
341 2056 371 2089 Α
405 2067 470 2100 quo
502 2056 654 2100 periculo
685 2056 945 2101 prohibete
975 2058 1236 2101 rempublicam.
1266 2057 1365 2091 Caes.
1391 2057 1433 2091 Β.
1461 2057 1504 2091 G.
1530 2057 1570 2098 V,

173 2118 231 2159 21,
257 2117 288 2150 1.
342 2117 608 2151 Trinobantibus
632 2118 675 2151 ab
701 2117 794 2151 omni
819 2117 967 2151 militum
992 2118 1122 2151 iniuria
1149 2117 1426 2162 prohibitis.
1462 2119 1571 2153 Plura

173 2179 255 2213 vide
280 2179 373 2223 apud
398 2178 620 2222 Oudendorp.
644 2178 688 2212 ad
712 2179 768 2219 VI,
799 2179 856 2220 23,
880 2179 914 2214 9.
939 2183 973 2213 et
996 2179 1167 2224 Heusing.
1194 2179 1238 2213 ad
1263 2179 1334 2213 Cic.
1360 2179 1402 2213 de
1428 2179 1500 2214 off.
1524 2179 1568 2222 11,

174 2239 233 2282 12,
257 2241 292 2275 2.
340 2240 482 2273 Constat
506 2243 622 2274 autem
647 2238 706 2272 hic
731 2241 872 2275 tutandi
896 2252 1014 2275 sensus
1038 2251 1101 2282 eo,
1126 2240 1218 2283 quod
1249 2250 1386 2281 nomen,
1412 2238 1570 2274 ablativo

174 2301 340 2346 positum,
363 2301 506 2345 passiva
530 2300 664 2335 ratione
689 2304 845 2344 tenetnr3
873 2313 942 2346 qua
967 2313 1047 2336 cnm
1077 2302 1194 2335 activa
1216 2299 1387 2335 sententia
1412 2310 1570 2334 commu-

175 2365 250 2395 tata
274 2360 448 2404 efficitur,
486 2365 524 2396 ut
554 2362 741 2406 prohibere
772 2363 984 2407 impediendi
1015 2365 1188 2406 potestate
1215 2361 1456 2407 intelligutur,
1489 2360 1570 2395 licet

175 2426 319 2455 externa
346 2423 611 2457 constructionis
640 2423 772 2457 indoles
798 2435 866 2457 non
898 2426 1063 2458 mutetur.
1089 2424 1133 2456 cs.
1167 2424 1243 2468 lug.
1268 2424 1378 2465 XXH,
1404 2423 1439 2457 4.
1462 2423 1567 2466 XLV,

175 2482 209 2516 3.
236 2483 454 2526 Oudendorp.
479 2484 521 2517 nd
547 2484 645 2517 Caes.
667 2484 710 2517 B.
739 2485 782 2520 G.
806 2485 834 2526 1,
862 2484 919 2526 10,
940 2484 974 2519 ⁴.
997 2503 1042 2509 —-
1067 2485 1228 2518 Animum
1252 2495 1426 2529 gerere
1451 2494 1568 2517 exem-

176 2543 243 2587 plis
269 2544 523 2578 iilnstcavimus
548 2544 591 2577 ad
616 2556 646 2579 c,
672 2544 761 2588 LIV,
788 2545 819 2579 l.
835 2567 878 2572 -
906 2547 956 2579 De
979 2545 1185 2588 imperfecto
1210 2550 1373 2590 gererent
1397 2555 1438 2578 ex
1464 2553 1565 2587 prue-

177 2604 266 2639 aenti
290 2609 371 2648 apto
397 2616 429 2638 v.
455 2607 498 2640 ad
524 2606 600 2640 Cat.
625 2606 784 2647 xxxiv,
810 2606 841 2639 l.
866 2607 942 2651 ing.
970 2607 1105 2647 ΧΟΠΙ,
1132 2607 1163 2639 1.
1191 2625 1234 2632 —
1270 2605 1396 2639 Paucis
1418 2604 1567 2639 strenuis

176 2677 244 2700 non
269 2677 342 2700 esse
367 2666 388 2698 i.
414 2678 445 2709 q.
474 2678 496 2699 a
519 2679 622 2711 panc.
647 2672 722 2708 atr„
748 2670 785 2701 ut
809 2667 948 2702 Cortins
971 2668 1141 2711 explicat,
1170 2667 1227 2702 sed
1253 2666 1430 2712 propriam
1455 2664 1567 2699 dativi

177 2731 382 2771 potestatem
407 2731 564 2760 constare
589 2727 658 2760 inm
684 2728 882 2762 monuimus
905 2729 948 2762 ad
975 2741 1003 2762 c.
1039 2729 1168 2769 xml,
1193 2728 1225 2761 3.
1271 2727 1338 2770 Qui
1361 2737 1482 2760 manus
1506 2737 1565 2759 ar-

176 2789 323 2822 maverit
357 2788 378 2823 i.
404 2800 437 2830 q.
470 2788 530 2831 qui
556 2799 656 2823 arma
680 2790 838 2824 manibus
861 2794 1001 2828 tcncat‚·
1038 2790 1084 2822 ct'.
1111 2789 1257 2833 Fragm.
1282 2786 1432 2822 nistorr.
1458 2787 1482 2824 Ι.
1508 2785 1562 2824 19.
