1630 3034
134 179 193 217 9ss
508 170 907 214 c.'SALLUST1
938 170 1161 213 CRISPI

139 290 422 350 largitionem
458 287 675 331 famosam
716 286 1141 346 impudentemque,
1177 287 1377 343 veritus,
1406 288 1528 347 quod
1546 264 1564 272 Ἀ

140 389 184 431 iu
210 387 286 430 tali
321 401 369 428 re
409 384 543 437 solet,
588 399 645 426 ne
682 383 856 442 polluta
891 383 1066 427 licentia
1110 384 1322 428 invidiam
1370 400 1531 429 accen-

142 484 294 539 deret,
331 482 527 525 animum
563 495 589 522 a
621 485 833 524 consueta
867 480 1068 524 lubidine
1105 481 1331 528 continuit.

280 578 401 622 XVI.
473 576 592 621 Vicit
638 582 788 620 tamen
825 577 869 619 in
916 577 1085 621 Senatu
1129 593 1232 637 pars
1277 578 1375 633 illa,
1420 593 1535 636 quae

109 687 253 726 2vero
289 674 483 735 pretium
521 678 596 716 aut
623 674 814 732 gratiam
846 673 1137 717 anteferebat.
1208 674 1451 718 Decretum
1471 675 1536 730 fit,

145 775 208 817 uti
251 772 409 816 decem
458 769 595 829 legati
632 785 847 829 regnum,
887 769 1011 827 quod
1042 770 1241 830 Micipsa
1271 771 1536 825 obtinuerat,

143 872 258 914 inter
304 866 569 927 Iugurtham
614 871 658 910 et
701 865 1011 909 Adherbalem
1068 866 1327 910 dividerent.
1400 867 1537 911 Cuius

145 965 380 1027 legationis
423 963 634 1023 princeps
691 963 773 1005 fuit
818 963 872 1006 L.
915 962 1149 1022 Opimius,
1206 963 1346 1006 homo
1395 963 1539 1006 clarus

143 1128 180 1158 et
207 1123 408 1164 incorrupta
431 1130 506 1153 esse
531 1119 678 1160 debent,
712 1119 757 1152 cf.
783 1118 917 1153 Ludov.
949 1118 1148 1153 Doederlin.
1174 1118 1370 1163 Synonym.
1394 1117 1470 1151 Lat.
1495 1116 1541 1152 T.

144 1183 190 1218 ll.
216 1196 247 1226 p.
275 1182 319 1216 54
337 1193 432 1224 sqq.;
456 1180 597 1213 licentia
621 1183 739 1213 autem
763 1191 872 1224 quum
895 1192 956 1223 per
974 1192 1011 1214 se
1034 1180 1106 1213 iam
1130 1181 1238 1213 bonos
1267 1179 1440 1218 dedeceat,
1465 1178 1541 1221 pol-

146 1243 212 1277 luit
239 1240 369 1286 potius,
404 1251 511 1282 quam
547 1240 726 1283 polluitur.
775 1240 845 1273 Sed
869 1246 991 1274 auctor
1014 1241 1140 1274 latiore
1162 1251 1283 1277 sensu,
1316 1240 1364 1272 ut*
1378 1238 1541 1278 diximus,

146 1303 325 1337 licentiam
359 1301 504 1334 modum
535 1312 675 1334 omnem
707 1312 886 1346 egressam
918 1300 1115 1346 significat,
1146 1302 1283 1345 polluta
1315 1300 1427 1345 igitur
1458 1300 1495 1335 h.
1519 1299 1543 1334 l.

146 1365 238 1399 idem
264 1367 316 1397 est
338 1366 442 1406 atque
459 1361 572 1404 foeda
600 1373 642 1394 ac
666 1362 892 1397 detestabilis.

242 1424 332 1458 XVI.
382 1425 413 1465 §.
446 1421 480 1457 l.
529 1433 618 1466 quae
641 1441 686 1446 —-
713 1424 955 1467 anteferebat]
990 1423 1082 1457 Casu
1115 1423 1173 1456 vel
1205 1433 1323 1456 errore
1347 1421 1483 1455 librarii
1507 1420 1542 1454 in

146 1486 230 1520 Bas.
265 1484 298 1517 1.
332 1486 443 1517 exstat
475 1483 773 1526 anteferebant,
808 1483 898 1516 unde
929 1483 1070 1517 Curtius
1102 1486 1300 1526 contempto
1331 1482 1544 1516 relieuorum

146 1546 246 1580 codd.
274 1554 440 1578 consensu
463 1554 505 1576 ex
530 1543 676 1576 libidine
699 1542 782 1576 fecit
805 1555 858 1587 qa
873 1544 886 1576 i
903 1563 949 1567 —
975 1545 1239 1586 anteferebant,
1272 1543 1316 1577 ad
1341 1543 1545 1577 insolentem

147 1607 185 1640 iu
209 1604 360 1651 pedestri
395 1603 553 1637 oratione
582 1607 793 1638 structuram
822 1605 1039 1647 probandam
1068 1616 1192 1647 parum
1218 1604 1352 1637 idoneis
1377 1604 1545 1648 exemplis

147 1678 244 1701 usus.
267 1665 358 1700 Nam
383 1663 444 1706 qui
467 1664 632 1707 loquendi
657 1676 737 1698 usus
760 1669 812 1699 est
837 1665 981 1707 Latinis,
1011 1669 1049 1699 ut
1075 1665 1251 1698 collectiva
1271 1664 1404 1698 nomini
1426 1666 1545 1708 plura-

147 1727 217 1761 lem
248 1724 447 1770 praedicati
483 1723 653 1768 iungant,
691 1729 724 1759 et
756 1725 884 1759 finibus
915 1725 965 1759 ita
998 1725 1317 1767 circumscribitur,
1349 1730 1387 1759 ut
1411 1725 1546 1760 nonnisi

146 1787 306 1832 pluribus
326 1784 442 1818 verbis
461 1784 650 1819 interiectis
670 1786 817 1829 pluralis
836 1786 1009 1820 inferatur
1033 1788 1098 1831 (cf.
1118 1787 1195 1832 Iug.
1213 1787 1326 1829 xxn,
1352 1786 1384 1820 4.
1405 1788 1545 1829 Zumpt.

149 1849 310 1881 Gramm.
339 1847 415 1879 Lat.
439 1845 472 1889 §.
498 1845 557 1887 69,
581 1845 615 1879 2.
640 1851 709 1880 not.
731 1846 797 1890 1.)‚
822 1858 934 1890 neque
959 1859 1001 1880 ea
1026 1848 1177 1889 licentia,
1203 1849 1387 1881 commoda
1411 1848 1546 1882 ratione

148 1920 217 1942 non
241 1906 428 1947 destituta,
453 1917 494 1938 eo
516 1906 682 1951 progredi
706 1910 838 1949 potest,
871 1911 910 1940 ut
932 1908 1118 1942 relativum
1140 1910 1278 1952 plurale
1302 1910 1400 1942 iusta
1424 1920 1548 1942 nomen

148 1969 340 2016 singularis
362 1969 503 2010 formae
536 1967 703 2001 collocari
728 1972 854 2011 queat,
888 1979 996 2012 quum
1021 1980 1122 2002 aures
1155 1969 1258 2002 nimis
1282 1968 1421 2013 ingrato
1445 1981 1546 2003 sensu

148 2029 248 2064 affici
279 2027 395 2071 quivis
426 2026 563 2061 sentiat.
621 2028 741 2072 Quare
772 2029 840 2062 hoc
873 2029 984 2062 Cortii
1026 2033 1283 2070 commentum,
1323 2028 1548 2064 simillimum

147 2091 244 2131 eius,
269 2089 361 2133 quod
385 2088 429 2121 ad
457 2088 531 2121 Cat.
558 2089 683 2130 xvffl,
708 2089 741 2122 1.
768 2089 1000 2133 explodimus,
1026 2090 1140 2123 coen-,is
1163 2089 1237 2124 eius
1261 2089 1548 2133 admiratoribus,

149 2151 179 2184 si
204 2150 264 2194 qui
289 2149 481 2183 etiamnum
506 2154 605 2191 sunt,
639 2150 881 2193 relinquimus.
909 2169 954 2174 —-
985 2151 1110 2184 l'erum
1136 2149 1159 2184 i.
1184 2162 1216 2193 q.
1244 2154 1401 2194 rectum,
1430 2151 1548 2185 incor-

148 2216 316 2255 ruptum,
340 2211 482 2243 honum.
508 2210 553 2244 cs.
578 2210 671 2244 infra
699 2223 728 2244 c.
756 2212 867 2253 XXX,
891 2211 926 2245 2.
976 2211 1045 2243 Eos
1067 2211 1225 2254 potentia
1250 2211 1376 2245 Scauri
1397 2223 1421 2245 a
1445 2223 1549 2246 vero

150 2272 358 2316 bonoque
382 2271 602 2316 impediebat.
626 2272 771 2317 Fragm.
795 2273 929 2308 llistor.
953 2272 981 2313 I,
1005 2271 1062 2305 ⁶13.
1088 2272 1186 2305 Gerl.
1236 2271 1294 2306 Ea
1314 2272 1449 2316 paucis,
1472 2274 1550 2318 qm·-

152 2333 213 2366 bus
237 2333 367 2376 peritia
392 2337 426 2365 et
459 2344 619 2366 verum
644 2334 825 2378 ingenium
849 2338 922 2375 est,
947 2332 1188 2366 abnuentibus.

246 2395 279 2434 §.
304 2393 338 2428 2.
388 2393 428 2427 L.
455 2394 632 2437 Opimius]
658 2390 720 2427 De'
742 2394 811 2427 hoe
834 2392 1062 2426 celeberrimo
1086 2393 1124 2426 C.
1151 2392 1302 2426 Gracchi
1329 2392 1549 2427 interfectore

155 2465 188 2486 τ.
215 2453 287 2486 Cic.
314 2453 347 2485 in
386 2453 462 2486 Cat.
487 2454 520 2496 1,
547 2453 588 2494 2,
613 2453 646 2486 ⁴.
679 2453 739 2487 ubi
775 2454 868 2498 Aug.
905 2453 1076 2487 Matthiae
1100 2453 1248 2486 contulit
1274 2453 1361 2487 Vell.
1388 2454 1430 2494 ΙΙ,
1455 2454 1488 2487 6.
1513 2453 1549 2489 7.

156 2514 251 2547 I'lut.
276 2523 308 2546 v.
337 2513 375 2546 C.
403 2512 557 2546 Gracchi
582 2525 611 2546 c.
637 2513 682 2547 13
701 2526 773 2557 sqq.
798 2513 944 2557 Appiun.
971 2514 1013 2547 (le
1039 2514 1082 2547 B.
1107 2514 1144 2547 C.
1171 2513 1197 2554 I,
1223 2513 1279 2547 21.
1318 2525 1350 2556 p.
1375 2511 1457 2547 365.
1495 2513 1547 2547 ed.

156 2575 204 2607 II.
229 2574 349 2617 Steph.
376 2573 472 2606 Adde
497 2573 593 2606 Flor.
620 2574 678 2616 III,
711 2573 767 2607 15.
794 2574 866 2608 Cic.
891 2574 1045 2617 Philipp.
1073 2574 1165 2614 vul,
1189 2574 1223 2616 -Ι,
1251 2574 1304 2608 H.
1330 2573 1547 2607 Freinshem.

155 2634 336 2677 Supplem.
373 2633 448 2666 mv.
489 2635 586 2672 bxi,
611 2634 782 2668 20—32.
820 2639 855 2668 et
880 2635 1016 2669 Ernest.
1051 2634 1085 2668 in
1114 2635 1212 2668 Clav.
1248 2635 1321 2667 Cic.
1354 2652 1398 2657 —
1432 2633 1483 2666 De
1508 2633 1548 2668 C.

159 2695 320 2728 (Iram-luo
346 2699 379 2728 et
403 2694 530 2727 Fulvio
556 2695 685 2728 Flacco
710 2702 848 2738 praeter
872 2695 893 2728 l.
923 2695 946 2728 l.
972 2695 1018 2728 cs.
1044 2694 1136 2727 inI'ra
1156 2707 1186 2729 c.
1202 2693 1377 2733 xxxin.
1393 2697 1427 2728 et
1441 2693 1549 2734 xlm,

157 2754 190 2790 1.
215 2777 257 2793 —‚
284 2756 333 2788 Dc·
359 2754 499 2798 propriu
526 2756 639 2788 clarus
662 2754 760 2789 vovis
784 2759 955 2798 potestate
980 2766 1011 2789 v.
1039 2756 1196 2798 Ilerzog.
1220 2755 1263 2790 ad
1288 2753 1390 2789 Cutil.
1417 2753 1547 2795 vina.
