1630 3034
416 145 776 190 IUGURTHA.
842 147 967 193 CAP.
997 148 1134 192 XCV.
1383 152 1467 194 505

14 275 15 282 ¹
85 278 262 308 murum
291 268 484 324 petere,
541 279 687 323 neque
743 279 1014 323 quemquam
1058 265 1254 310 omnium
1296 267 1467 326 praeda

82 360 259 404 morari.
334 360 410 404 Sic
456 360 583 419 forte,
611 367 811 406 correcta
854 360 973 404 Mari
1012 363 1232 407 temeritas
1271 364 1498 423 gloriam7

83 472 138 501 ex
174 457 309 517 culpa
344 457 520 500 invenit.
588 454 595 464 “

216 552 358 597 XCV.
433 552 645 597 Ceterum
680 553 785 597 dum
824 569 876 598 ea
909 570 978 598 res
1015 555 1213 615 geritur,
1250 556 1303 600 L.
1340 556 1466 600 Sulla

81 655 292 708 quaestor
328 665 430 693 cum
475 664 641 709 magno
679 650 876 708 equitatu
910 652 957 695 in
997 658 1140 696 castra
1174 653 1315 707 venit,
1352 668 1463 711 quos

79 747 142 790 uti
179 761 233 790 ex
258 747 389 790 Latio
422 752 467 790 et
497 762 524 789 a
555 746 682 790 sociis
721 753 907 806 cogeret
939 748 1115 792 Romae
1150 749 1328 793 relictus
1357 756 1463 796 erat.

81 843 176 888 Sed
213 842 422 902 quoniam
458 857 540 886 nos
585 840 692 887 tanti
739 844 817 887 viri
860 859 931 888 res
967 844 1216 902 admonuit,
1252 845 1498 891 idoneum2

80 941 224 985 visum
269 947 361 997 est,
405 939 463 984 de
507 944 664 983 natura
715 941 924 999 cultuque
964 942 1057 986 eius
1101 942 1254 1002 paucis
1291 942 1468 995 dicere;

78 1115 160 1138 nem
189 1104 340 1138 caussali
367 1103 547 1149 particula
580 1103 694 1148 priori
725 1104 920 1138 addendam
944 1109 1124 1150 putarent,
1155 1105 1382 1140 nihilominus
1405 1117 1468 1150 pa-

81 1168 199 1199 tronos
222 1164 354 1199 invenit
387 1163 605 1197 Gronovium
640 1164 676 1197 in
700 1164 802 1199 Obss.
821 1166 882 1207 111,
905 1166 939 1200 2.
966 1179 999 1211 p.
1023 1167 1104 1202 338.
1128 1167 1182 1201 ed.
1205 1166 1318 1200 Platn.
1337 1170 1372 1200 et
1394 1168 1469 1201 Du-

78 1225 202 1259 ker-nm
236 1226 280 1260 ad
313 1225 390 1260 IaiV.
424 1225 598 1266 XXXIII,
629 1225 685 1267 14,
709 1225 756 1267 3.,
790 1238 959 1270 perquam
981 1227 1096 1271 inepte
1120 1227 1209 1272 quod
1232 1238 1294 1271 pro
1318 1227 1468 1262 relativo

78 1285 268 1329 habentes,
293 1290 348 1328 et,
384 1290 423 1321 ut
457 1287 526 1320 hoc
549 1287 713 1330 probent,
741 1287 944 1331 planissima
978 1289 1135 1331 exempla
1158 1290 1390 1331 pervertentes
1413 1287 1467 1320 in-

79 1346 304 1381 credibiliter.
351 1348 541 1382 Praeterea
573 1347 607 1381 in
633 1346 742 1380 Paris.
768 1348 809 1381 D.
844 1352 877 1381 et
907 1349 1053 1383 Barber.
1077 1350 1111 1383 2.
1147 1359 1210 1392 pro
1234 1336 1317 1391 Quos
1338 1347 1469 1392 legitur

78 1419 198 1453 quem,
231 1412 271 1443 ut
305 1420 470 1442 numerus
504 1408 643 1442 relativi
676 1420 755 1442 cum
795 1409 966 1444 vocabulo
1000 1411 1174 1455 equitatus
1199 1411 1362 1441 accurate
1386 1419 1468 1441 con-

78 1472 232 1513 grueret.
281 1469 350 1503 Sed
374 1469 464 1503 nihil
489 1469 713 1513 frequentius,
742 1481 848 1514 quam
872 1471 1054 1504 vocabulis
1078 1468 1271 1505 collectivis
1295 1469 1468 1512 pluralem

77 1541 261 1563 numerum
285 1529 432 1569 subiici3
458 1541 491 1563 v.
516 1530 552 1563 iu
576 1530 776 1564 universum
800 1534 920 1565 notata.
944 1530 988 1564 ad
1023 1530 1097 1563 Cat.
1122 1530 1196 1570 HJ,
1222 1528 1255 1561 4.
1281 1530 1410 1571 xxm,
1434 1529 1470 1566 6.

79 1592 131 1624 De
155 1595 296 1625 senatus
319 1591 491 1624 vocabulo
524 1591 674 1626 diximus
699 1592 741 1626 ad
778 1592 857 1637 Iug.
882 1592 956 1634 XV,
981 1591 1013 1625 1.
1053 1594 1088 1624 et
1111 1590 1154 1624 ad
1179 1590 1339 1631 xxvm,
1360 1589 1402 1630 23
1427 1589 1470 1622 de

77 1652 203 1695 populo
228 1652 272 1685 ad
296 1652 373 1696 lug.
399 1652 472 1694 Cll,
498 1651 539 1692 63
564 1652 606 1685 de
629 1653 787 1696 equitatu
811 1664 845 1686 v.
872 1652 914 1687 ad
941 1663 971 1685 c.
999 1651 1088 1692 XCI,
1115 1651 1148 1684 4.
1173 1650 1272 1686 Caes.
1298 1651 1343 1684 Β.
1369 1650 1413 1684 G.
1438 1650 1468 1693 1,

79 1710 136 1753 15,
162 1712 195 1745 1.
243 1712 518 1756 Equitatum
551 1723 685 1745 omnem
718 1713 937 1756 praemittit,
970 1712 1048 1757 qui
1082 1712 1289 1745 videant
1323 1711 1469 1755 quasin

78 1778 198 1817 partes
221 1773 334 1806 hostes
359 1773 426 1806 iter
443 1774 597 1815 faciant.
624 1772 670 1805 cf.
696 1772 820 1806 navis.
849 1776 883 1806 et
914 1771 1138 1815 Oudendorp.
1163 1771 1207 1805 ad
1232 1771 1332 1806 eund.
1357 1771 1400 1804 de
1423 1771 1469 1805 B.

80 1834 118 1867 C.
142 1834 186 1876 ΙΙ,
211 1833 243 1873 6,
267 1833 301 1867 3.
330 1833 460 1867 Duker.
484 1833 529 1866 ad
562 1833 659 1866 Flor·
681 1833 710 1874 I,
734 1833 769 1873 9,
793 1833 828 1869 8.
856 1851 901 1858 —-
925 1833 1017 1867 Socii
1040 1831 1258 1876 intelligendi
1285 1835 1364 1866 sunt
1392 1831 1468 1865 Ita-

81 1895 160 1938 lici,
185 1899 225 1928 ut
246 1894 319 1927 iam
343 1893 541 1927 monuimus
565 1893 607 1926 ad
628 1904 657 1926 c.
682 1893 806 1936 XLIII,
833 1893 866 1929 4.

173 1957 204 1997 §-
228 1954 263 1987 2.
310 1965 371 1987 nos
405 1953 610 1998 admonuit]
647 1953 868 1994 Pronomen,
911 1953 1003 1997 quod
1033 1952 1068 1986 in
1104 1950 1325 1997 paucissimis
1356 1950 1470 1997 iisque

80 2027 148 2050 non
171 2014 309 2049 eximiis
331 2014 430 2048 codd.
453 2014 570 2047 locum
593 2016 727 2056 mutat,
753 2013 788 2046 in
814 2014 946 2047 duobus
972 2018 1089 2047 autem
1115 2013 1228 2053 deest,
1253 2011 1394 2046 Cortius
1418 2016 1471 2046 te-

83 2087 178 2110 mere
210 2075 360 2119 expulit,
395 2074 452 2108 cui
486 2073 696 2107 Gerlachius
734 2073 769 2107 in
803 2075 1013 2108 Commentt.
1038 2086 1074 2118 p.
1099 2072 1178 2108 324.
1203 2072 1410 2114 assentitur,
1434 2073 1470 2106 in

82 2138 136 2172 ed.
171 2137 361 2171 novissima
402 2139 519 2169 tamen
552 2146 710 2169 assensus
745 2134 800 2168 sui
835 2134 975 2169 oblitus.
1030 2135 1168 2169 Nullius
1199 2133 1366 2167 momenti
1393 2122 1472 2168 ¹esse

82 2197 253 2232 Prisciani
276 2196 531 2239 testimonium,
563 2195 624 2240 qui
646 2195 770 2239 xvln,
795 2194 852 2236 25,
878 2195 959 2229 241.
995 2207 1027 2238 p.
1052 2194 1131 2229 223.
1159 2195 1253 2229 hunc
1277 2195 1393 2229 locum
1419 2196 1471 2229 af-

83 2259 177 2300 fert,
214 2263 309 2292 recte
339 2257 476 2292 monuit
518 2255 706 2297 Krehlius‚
746 2267 853 2299 quum
890 2260 1074 2300 appareat,
1114 2255 1237 2298 illum,
1269 2255 1471 2290 memoriter

83 2320 171 2354 haec
202 2319 427 2359 laudantem,
460 2319 564 2362 plura
597 2316 804 2351 confudisse.
829 2336 873 2341 -
916 2317 1079 2350 Idoneum
1112 2317 1230 2351 Faber
1253 2317 1350 2350 haud
1375 2317 1470 2351 malo

84 2380 168 2414 dicit
191 2379 216 2413 i.
240 2391 313 2413 esse
337 2391 370 2423 q.
407 2390 476 2411 non
500 2378 650 2412 alienum
668 2403 678 2419 ,
716 2389 867 2421 quocum
900 2377 1081 2422 congruit,
1119 2377 1210 2421 quod
1239 2377 1471 2412 Doederlinus

83 2439 277 2485 Synonym.
299 2440 378 2473 Lat.
398 2439 477 2472 Vol.
502 2439 560 2472 ul.
586 2451 621 2482 p.
645 2438 724 2472 277.
750 2449 791 2471 ex
815 2439 841 2473 1.
866 2437 967 2472 Hillii
991 2438 1150 2472 Britanni
1173 2438 1368 2483 Synonym.
1392 2439 1469 2474 Lat.

84 2513 119 2545 p.
139 2500 221 2535 415.
259 2499 396 2545 posuit,
430 2501 592 2534 idoneum
616 2499 815 2544 significare
839 2499 873 2532 id
890 2524 900 2540 ,
925 2498 1016 2541 quod
1041 2510 1096 2532 na
1111 2501 1219 2532 turci
1252 2503 1292 2533 et
1314 2510 1396 2544 per
1422 2510 1471 2533 se

85 2562 193 2596 alim·
215 2562 266 2595 rei
293 2562 484 2595 conveniat.
531 2560 706 2604 Quoniam
731 2560 840 2605 igitur
863 2559 1048 2593 Sallustius
1071 2558 1158 2593 dixit
1180 2570 1255 2593 res
1279 2559 1472 2601 admonuit,

66 2622 240 2661 ,narratio
264 2621 307 2655 de
331 2621 433 2655 Sulla
454 2621 514 2654 hic
537 2632 598 2654 suo
623 2621 703 2655 loco
729 2620 887 2655 exhibita
906 2624 1120 2664 apparet.-
1145 2620 1344 2655 Perfectum
1360 2621 1471 2654 visum

88 2688 138 2719 est
160 2683 279 2717 Faber
312 2693 355 2717 ea
377 2681 514 2716 ratione
535 2692 601 2725 pro
624 2680 797 2725 praesenti
826 2680 956 2715 dictum
981 2691 1053 2715 esse
1080 2683 1199 2725 putat,
1227 2692 1316 2726 quae
1340 2680 1473 2716 obtinet

90 2744 125 2777 in
157 2743 336 2789 epistolis,
370 2747 407 2778 ut
440 2743 483 2778 nd
515 2743 657 2778 lectores
686 2744 881 2786 spectetur,
913 2740 1057 2785 quibus,
1089 2752 1196 2786 quum
1230 2741 1320 2776 haec
1341 2738 1472 2786 legant,
