1630 3034
159 161 243 201 466
526 153 569 196 C.
600 151 921 196 SALLUSTI
951 150 1169 197 CRISPI

162 273 432 317 decoravere
471 270 728 330 turpissumi
770 270 875 329 viri,
922 272 1143 316 bonorum
1187 273 1389 332 praemia
1440 288 1539 318 ere-
1578 292 1581 295 ·

95 388 148 430 43
162 377 290 430 ptum
326 374 452 420 eunt3
487 367 548 411 ita
581 367 873 412 iniustissume
907 368 1078 413 luxuria
1116 376 1160 414 et
1195 371 1402 431 ignavia,
1437 386 1543 430 pes-

163 481 316 521 sumae
354 471 492 523 artes,
535 464 641 521 illis,
687 465 763 523 qui
807 466 988 510 coluere
1032 483 1130 523 eas,
1175 466 1284 511 nihil
1331 467 1546 521 officiunt,

96 581 148 622 44·
162 562 437 623 reipublicae
475 536 677 606 innoxiae
712 562 828 606 cladi
864 569 974 610 sunt.
1046 564 1207 619 Nunc,
1244 565 1458 623 quoniam
1492 558 1553 607 i1-‘

163 661 237 716 lis,
273 666 488 717 quantum
523 674 671 703 mores
705 661 816 717 mei,
852 676 942 704 non
975 661 1155 704 illorum
1189 661 1358 722 flagitia
1392 676 1550 722 posce-

99 758 297 815 45bant,
343 756 591 817 respondi,
633 772 779 817 pauca
824 757 882 802 de
935 759 1167 818 republica
1209 759 1380 817 loquar.
1451 758 1552 802 Pri-

164 870 286 898 mum
335 855 533 898 omnium
573 854 630 898 de
676 854 887 898 Numidia
922 856 1093 900 bonum
1136 856 1301 900 habete
1345 856 1554 907 animum,

166 951 387 1007 Quirites3
432 966 537 994 nam
577 966 691 1009 quae
734 951 793 994 ad
828 951 917 995 hoc
965 960 1144 1012 tempus
1181 953 1447 1014 Iugurtham
1482 960 1553 996 tu-

166 1055 257 1092 tata
302 1053 429 1103 sunt,
475 1048 624 1092 omnia
666 1049 936 1106 removistis,
984 1050 1236 1108 avaritiam,
1275 1048 1557 1109 imperitiam,

169 1146 443 1206 superbiam.
495 1146 672 1190 Deinde
709 1147 926 1191 exercitus
961 1147 1023 1191 ibi
1060 1153 1127 1192 est
1161 1148 1364 1192 locorum
1400 1147 1559 1201 sciens,

263 1301 296 1345 §.
320 1298 366 1334 112
385 1319 427 1325 —
446 1297 501 1333 45.
549 1311 618 1333 ποπ
642 1305 692 1335 est
717 1300 793 1345 ita]
818 1301 927 1336 Pauci
952 1300 1048 1334 codd.
1073 1313 1142 1335 non
1165 1301 1215 1335 ita
1239 1307 1301 1344 est,
1326 1301 1369 1335 de
1391 1311 1459 1345 quo
1485 1310 1563 1333 ver-

170 1363 295 1396 borum
318 1361 439 1395 ordine
469 1372 503 1394 v.
540 1361 586 1395 ad
617 1361 722 1396 Catil.
761 1362 828 1403 LI,
852 1363 910 1396 11.
944 1374 979 1406 p.
1003 1361 1087 1396 243.
1119 1383 1165 1388 —
1199 1362 1379 1396 Vocabulo
1407 1361 1564 1406 flagitiis

172 1423 342 1456 Gruterus
373 1421 552 1466 praemisit
589 1423 767 1463 omnibus3
805 1424 898 1467 quod
930 1434 1039 1467 quum
1067 1421 1103 1456 in
1127 1423 1227 1457 nullo
1251 1422 1382 1464 Curtii,
1421 1420 1564 1461 missii,

172 1483 356 1517 Gerlachii
381 1488 443 1517 aut
474 1487 592 1518 nostro
623 1485 699 1518 cod.
724 1483 938 1527 reperiatur,
972 1488 1114 1528 excepto
1139 1485 1213 1518 solo
1239 1484 1342 1518 Bern.
1367 1482 1414 1524 3.,
1438 1481 1565 1516 merito

173 1544 410 1578 obiiciendum
434 1544 513 1578 fuit.
537 1565 581 1570 —
621 1547 788 1589 Ereptum
822 1550 904 1580 eunt
928 1545 1052 1590 explic.
1090 1545 1134 1579 ad
1158 1545 1261 1579 Catil.
1285 1544 1445 1585 xxxvl,
1470 1542 1504 1576 4.
1528 1561 1563 1568 —

177 1605 276 1639 Nihil
309 1604 539 1648 officiunt
574 1606 597 1639 i.
630 1618 661 1640 e.
686 1604 775 1640 nihil
799 1605 998 1641 detrimenti
1024 1606 1193 1649 afferunt3
1224 1607 1269 1640 cf.
1301 1606 1396 1639 Cort.
1421 1605 1467 1639 ad
1490 1604 1566 1639 Cat.

173 1666 316 1707 xxvn,
339 1666 373 1699 4.
400 1665 552 1701 Gronov.
578 1667 622 1701 ad
646 1667 722 1701 Liv.
746 1667 862 1700 Praef.
889 1669 920 1710 ᾗ.
948 1668 981 1701 3.
1005 1667 1051 1702 id.
1076 1669 1121 1712 11,
1148 1669 1182 1711 2,
1208 1668 1241 1702 2.
1270 1686 1314 1692 -
1339 1667 1408 1700 Pro
1431 1666 1566 1703 habete.

175 1728 266 1771 quod
292 1726 369 1760 Vat.
394 1726 435 1760 A.
461 1731 495 1761 et
527 1728 632 1772 longe
655 1726 800 1771 plurimi
826 1726 907 1760 libri
940 1732 1099 1770 tuentur,
1131 1729 1268 1762 Coi-tius
1302 1738 1343 1760 ex
1366 1725 1508 1760 Fabric.
1533 1724 1567 1757 1.

175 1793 210 1823 et
234 1788 268 1822 2.
293 1787 432 1831 scripsit
457 1789 633 1831 habetote,
660 1788 955 1832 quemadmodum
980 1793 1032 1823 est
1054 1789 1162 1825 etiam
1187 1789 1222 1822 in
1246 1787 1366 1822 Leidd.
1391 1786 1431 1820 A.
1457 1786 1494 1821 C.
1521 1786 1565 1819 Κ.

177 1850 219 1884 Ν.
244 1849 355 1883 Vatic.
380 1849 414 1883 3.
441 1849 473 1882 5.
499 1849 592 1882 Med.
618 1849 651 1883 5.
686 1850 805 1883 Venet.
837 1848 871 1882 2.
901 1849 935 1883 3.
975 1849 1009 1883 4.
1045 1853 1080 1884 et
1115 1850 1220 1884 Misn.
1267 1847 1361 1893 Quin
1383 1852 1570 1890 utrumque

177 1909 247 1944 dici
280 1910 410 1954 possit,
444 1921 514 1943 non
553 1913 604 1942 est
641 1909 807 1949 dubium,
841 1910 958 1944 forma
993 1910 1118 1945 habete
1150 1911 1194 1945 ad
1228 1920 1391 1955 praesens
1420 1912 1570 1951 tempus.

179 1972 340 2006 habetote
364 1971 481 2014 magis
506 1971 546 2004 ad
575 1971 730 2005 futurum
756 1973 943 2014 spectante.
990 1971 1093 2014 Quod
1118 1971 1327 2006 Gerlachius
1350 1973 1468 2004 autem
1491 1979 1572 2001 cen-

179 2036 230 2066 set
254 2033 415 2066 habetote
439 2031 589 2076 „magis
622 2033 714 2067 truci
754 2033 860 2067 Marii
892 2032 1034 2078 ingenio
1069 2032 1310 2074 convenire‚“
1344 2030 1378 2065 id
1402 2029 1571 2074 puerilem

180 2093 325 2127 Latinae
350 2092 491 2138 linguae
514 2093 695 2127 scientiam
728 2093 837 2138 sapit,
870 2094 1040 2138 siquidem
1065 2094 1163 2138 pueri
1186 2095 1347 2127 habetote
1369 2091 1573 2124 convertunt

180 2156 236 2188 ihr
261 2155 383 2188 sollt
409 2154 532 2189 haben.
557 2174 600 2179 —
631 2155 761 2188 Tutata
787 2155 892 2199 longe
917 2154 1062 2198 plurimi
1086 2154 1278 2197 optimique
1301 2150 1385 2185 libri
1409 2155 1570 2190 tuentum

182 2215 285 2259 pauci
309 2216 439 2249 habent
462 2221 561 2256 tuta‚·
585 2227 618 2249 v.
646 2215 689 2249 ad
714 2227 743 2249 c.
769 2215 843 2257 Lu,
867 2215 900 2249 4.
925 2218 960 2249 et
985 2216 1138 2257 mcxlv,
1163 2215 1195 2250 3.
1220 2234 1265 2240 —
1288 2213 1358 2247 Pro
1381 2212 1572 2263 mehercule

182 2278 276 2310 solus
301 2277 378 2311 Vat.
405 2277 444 2311 A.
468 2277 576 2312 habet
599 2277 830 2321 mehercules,
855 2276 897 2310 de
921 2286 991 2320 qua
1015 2276 1130 2310 forma
1153 2287 1186 2310 v,
1211 2275 1256 2310 ad
1277 2275 1352 2309 Cat.
1376 2272 1518 2314 XXXV,
1536 2271 1570 2305 2.

184 2344 218 2372 et
246 2338 318 2381 lali,
341 2337 400 2372 35.

276 2401 308 2441 §.
333 2398 378 2432 46
397 2417 440 2423 -
476 2397 532 2433 48.
580 2399 735 2432 avaritia
759 2403 822 2432 aut
845 2398 1039 2432 temeritate
1064 2397 1209 2441 ducum]
1235 2394 1374 2430 Bestiae
1395 2393 1574 2429 nimirum.

186 2469 214 2490 c.
240 2459 380 2499 XXlX.‚
406 2459 544 2501 Albini,
568 2471 597 2494 c.
624 2460 795 2500 xxxvl„
819 2459 913 2501 Auli,
937 2470 968 2492 c.
993 2459 1167 2492 XXXVll.
1216 2457 1286 2492 Nec
1310 2455 1467 2495 dubium,
1491 2453 1573 2497 quin

186 2520 418 2553 temeritatem
450 2520 556 2554 etiam
592 2520 627 2553 in
652 2521 836 2554 Metellum
864 2520 1049 2555 contulerit
1076 2520 1231 2561 Marius,
1269 2529 1376 2563 quam
1399 2520 1473 2551 tum
1497 2514 1575 2548 eliis

187 2581 310 2620 rebus,
350 2584 425 2614 tum
457 2581 635 2614 obsidione
667 2582 797 2615 Zamae
829 2584 863 2615 et
896 2579 1091 2615 miserabili
1125 2580 1188 2614 illo
1213 2578 1378 2624 praesidii
1409 2575 1574 2621 vagensis

188 2640 280 2673 exitu
314 2641 407 2683 plebi
445 2642 558 2685 potnit
589 2642 816 2686 persuadere3
851 2642 896 2675 cf.
929 2654 961 2676 e.
995 2641 1115 2676 m‘ln.
1146 2642 1232 2675 Lxl.
1257 2639 1375 2674 nxvl.
1401 2637 1570 2671 Com-.—

192 2703 251 2735 Est
283 2706 358 2744 post
391 2704 515 2736 attrita
548 2715 613 2736 non
638 2703 768 2747 legitur
797 2703 832 2737 in
858 2703 977 2737 Guelf.
1002 2703 1034 2737 l.
1060 2701 1177 2735 Berol.
1201 2700 1234 2734 2.
1260 2699 1352 2733 Med.
1377 2697 1410 2732 4.
1435 2698 1517 2731 Ven-
1539 2697 1571 2731 4.

188 2769 220 2794 et
256 2762 403 2796 Goerlit.
452 2763 590 2798 Cottius
623 2763 770 2805 abiecit,
811 2764 978 2807 probante
1007 2761 1197 2797 Gerlachio
1232 2760 1267 2795 in
1305 2757 1574 2795 Commentariis
