1630 3034
169 196 252 235 188
529 187 1180 232 C.SALLUST1CRISPI

103 306 328 352 19indicio
360 289 500 365 ipsius
531 304 801 366 Iugurthae,
847 306 924 364 qui
960 306 1001 350 si
1030 306 1262 351 dediticius
1300 312 1390 363 est,
1436 323 1548 367 pro-

166 405 286 448 fecto
329 403 453 447 iussis
498 386 656 446 vostris
692 401 907 446 obediens
941 403 1048 457 erit3
1096 404 1163 447 sin
1197 419 1253 448 ea
1295 405 1550 461 contemnit,

166 501 332 545 scilicet
371 499 687 544 existumabitis
732 499 872 557 qualis
915 500 989 543 illa
1033 515 1124 560 pax
1167 505 1243 544 aut
1279 500 1446 546 deditio
1482 501 1550 557 sit,

166 613 221 642 ex
247 613 336 656 qua
371 596 428 640 ad
457 595 719 656 Iugurtham
750 597 967 640 scelerum
1001 598 1255 657 impunitas,
1287 597 1345 641 ad
1380 612 1550 657 paucos

165 694 360 756 potentis
404 709 638 738 maxumae
684 693 884 750 divitiae,
940 695 985 738 in
1029 695 1354 755 rempublicam
1390 694 1553 738 damna

164 852 308 896 reipubl.
339 850 599 896 proderent.
647 850 745 884 Caes.
771 851 814 885 Β.
840 851 880 886 C.
905 852 940 893 1,
964 851 1031 895 30,
1065 852 1099 887 5.
1137 852 1303 896 Queritur
1330 852 1367 885 in
1392 852 1554 885 concione

165 925 237 947 sese
258 913 517 956 proiectum
542 922 584 944 ac
605 911 782 954 proditum
807 924 830 945 a
856 913 916 946 Cn.
945 913 1114 957 Pompeio.
1151 913 1298 954 Liv.11,
1322 911 1385 953 54,
1411 910 1445 945 8.
1483 912 1554 944 De-

165 979 332 1007 sertam
357 985 398 1006 ac
418 972 660 1016 proditam
684 984 842 1006 caussam
865 974 1038 1016 publicam
1063 975 1171 1018 queri.
1214 973 1302 1007 Aliis
1325 977 1442 1006 tamen
1467 971 1554 1005 locis

163 1034 285 1068 Livius
309 1033 400 1067 istud
423 1032 609 1066 discrimen
632 1044 700 1066 nnn
725 1040 887 1069 accurate
909 1046 1066 1068 servasse
1088 1035 1236 1078 videtur,
1263 1034 1360 1067 velut
1382 1034 1424 1075 n,
1442 1032 1501 1076 57,
1518 1032 1553 1066 4.

165 1096 425 1140 Rempublz‘cam
446 1094 577 1138 prodi
599 1105 678 1138 per
701 1100 861 1128 metum
885 1107 926 1128 ac
951 1096 1074 1131 deseri.
1098 1096 1170 1138 IX,
1194 1095 1239 1138 4,
1261 1095 1317 1128 12.
1356 1094 1554 1127 produn-

164 1163 238 1191 tur
262 1168 304 1191 ea
327 1157 444 1190 omnia
470 1156 582 1189 deleto
606 1156 668 1189 hoc
694 1156 864 1197 exercitu,
888 1168 956 1189 ‘non
983 1162 1242 1190 servantur.
1268 1155 1404 1197 XXVI,
1429 1153 1494 1196 36,
1517 1152 1553 1187 9.

166 1218 311 1251 Publica
341 1217 574 1261 prodendo
605 1217 928 1261 tuassncquicquam
961 1229 1128 1253 serves.
1173 1217 1217 1251 cf.
1250 1215 1358 1250 etiam
1395 1215 1553 1248 Gronov·

165 1278 265 1312 Obss.
285 1278 351 1320 lv,
375 1277 431 1311 20.
455 1288 489 1320 p.
507 1277 588 1311 ⁴63.
612 1277 665 1310 ed.
690 1277 785 1322 Lips.
811 1297 858 1302 —
894 1279 973 1311 Non
991 1298 1038 1304 ·—-
1058 1290 1168 1323 neque
1191 1277 1314 1321 explic.
1335 1276 1378 1310 ad
1396 1273 1499 1310 catil.
1523 1287 1553 1308 c.

164 1340 245 1383 Lu,
269 1339 302 1375 6.
329 1358 370 1364 —
403 1339 488 1379 Vos,
513 1339 604 1381 quod
629 1338 855 1382 oppositionis
878 1338 969 1372 ratio
992 1340 1157 1383 postulat,
1183 1338 1321 1372 Cottius
1347 1335 1556 1370 auctoritate

163 1402 266 1435 unius
289 1402 391 1434 Rem.
420 1401 452 1434 1.
483 1399 635 1441 delevit,
668 1411 860 1443 pronomen
893 1404 928 1433 et
961 1411 1023 1443 per
1054 1411 1091 1433 se
1124 1400 1169 1433 ab
1193 1399 1231 1432 h.
1256 1399 1279 1431 l.
1304 1397 1458 1431 alienum
1481 1407 1556 1430 esse

165 1462 344 1503 iudicans,
369 1466 403 1494 ct
427 1460 456 1494 si
481 1461 515 1494 id
542 1462 712 1505 requiras,
740 1461 856 1504 potius
879 1461 973 1494 vobis
998 1461 1166 1494 Sallustio
1191 1459 1412 1494 scribendum
1437 1457 1556 1500 fuisse,

163 1529 203 1558 ut
226 1533 348 1556 revera
373 1525 484 1556 exstat
508 1521 544 1555 in
569 1522 680 1556 Vatic.
696 1522 747 1556 A.
774 1523 856 1556 Ven.
881 1522 916 1555 3.
941 1526 974 1555 ct
998 1521 1110 1556 Paris.
1143 1533 1173 1554 z.
1199 1532 1245 1554 m.
1271 1531 1322 1564 pr.
1358 1519 1477 1562 Neque
1501 1522 1555 1552 ta-
1581 1529 1584 1532 ⁴

164 1596 245 1619 men
270 1595 347 1617 cum
378 1583 566 1616 Gerlachio
587 1584 809 1617 statuendum
834 1588 903 1624 est,
930 1595 990 1616 vos
1014 1593 1035 1615 a
1060 1581 1184 1615 scribis
1207 1581 1242 1614 in
1265 1581 1360 1614 vobis
1384 1585 1557 1613 mutatum

164 1657 258 1686 esse,
293 1644 376 1688 quia
405 1644 448 1677 iis
471 1644 672 1676 insolentius
698 1645 812 1678 visum
838 1645 902 1683 sit3
936 1644 996 1677 sed
1020 1647 1113 1685 patet
1136 1643 1226 1676 falsa
1250 1653 1309 1675 ens
1334 1639 1556 1674 construendi

163 1707 298 1741 ratione
325 1706 485 1748 deceptos
512 1716 632 1738 veram
657 1705 864 1748 scripturam
890 1704 1109 1747 depravasse.
1159 1703 1297 1747 Quippe
1321 1706 1486 1744 putarunt
1502 1701 1555 1734 illi

163 1767 342 1811 utriusque
365 1765 515 1799 membri
541 1777 731 1809 pronomen
756 1766 800 1799 ab
826 1766 1010 1810 indignum
1034 1765 1207 1798 vocabulo
1234 1766 1354 1806 aptum
1378 1774 1463 1804 esse,
1488 1774 1557 1796 non

163 1828 312 1863 assecuti
335 1828 404 1860 inis
428 1827 472 1860 ad
496 1827 660 1861 accidisse
685 1826 868 1870 pertinere.
893 1845 935 1851 -—
965 1827 1025 1859 Est
1049 1825 1215 1858 omissum
1233 1824 1267 1857 in
1283 1824 1409 1859 Reuss.
1426 1822 1553 1857 Sen.2.

165 1889 283 1924 Guelf.
302 1889 335 1922 4.
353 1892 387 1921 et
401 1888 457 1921 10.
482 1899 570 1931 quos
594 1888 701 1921 libros
719 1887 857 1921 Cortius
881 1891 1018 1920 secutus
1042 1890 1105 1919 est.
1129 1904 1175 1910 —-
1201 1885 1331 1918 Indicio
1354 1885 1426 1919 alio
1451 1885 1557 1919 modo

164 1950 289 1995 pendet
311 1960 331 1983 a
356 1949 463 1983 verbo
486 1949 734 1982 vindicandum
759 1960 864 1992 quam
888 1947 1161 1993 quaestionibus;
1187 1946 1242 1979 his
1267 1945 1358 1979 enim
1377 1945 1557 1990 significa-

164 2016 221 2046 tur
255 2011 332 2054 ipsa
367 2009 566 2044 vindicandi
599 2010 710 2051 ratio,
744 2011 871 2044 indicio
905 2014 1025 2043 autem
1058 2008 1118 2041 via
1149 2013 1184 2041 et
1207 2008 1332 2040 modus
1356 2007 1557 2041 windicandi

163 2073 378 2118 designatur.
418 2071 549 2105 Sensus
573 2076 624 2105 est
648 2071 776 2116 igitur:
803 2071 1046 2104 vindicandum
1071 2073 1121 2102 est
1144 2069 1178 2102 in
1203 2079 1262 2102 eos
1286 2068 1558 2112 quaestionibus,

165 2138 198 2168 et
221 2133 359 2177 quidem
384 2131 434 2166 ita
461 2133 649 2175 habendis,
675 2137 712 2166 ut
736 2132 844 2176 ipsius
867 2132 962 2177 regis
988 2130 1155 2165 indicium
1181 2134 1214 2163 et
1238 2129 1409 2163 consessio
1433 2140 1557 2163 verum

165 2195 322 2240 aperiat,
357 2198 392 2227 et
423 2206 527 2237 quium
561 2194 614 2228 illi
647 2205 757 2238 poena
781 2193 880 2237 digni
907 2193 975 2226 sint
999 2193 1174 2231 ostendam
1209 2191 1253 2224 cr.
1279 2191 1433 2233 xxxn,
1458 2190 1491 2224 1.
1524 2193 1560 2224 et

168 2256 339 2300 xxxm,
366 2254 400 2290 -1,
435 2256 480 2288 Et
505 2266 568 2298 pro
592 2260 624 2289 ct
649 2255 785 2299 quidem
809 2253 961 2298 positum
984 2253 1202 2286 illustramus
1225 2252 1443 2292 ad'xxxm
1467 2251 1502 2285 2.

260 2319 292 2359 §.
318 2317 374 2352 19.
422 2315 620 2359 dediticius]
651 2317 703 2349 lta
728 2319 842 2349 tenent
866 2315 972 2349 Fabr.
999 2314 1031 2347 l.
1063 2313 1144 2347 Sen.
1169 2313 1200 2346 l.
1237 2313 1319 2347 Bas.
1351 2313 1378 2346 Ι.
1411 2313 1498 2347 Tur.
1524 2312 1556 2345 1.

169 2369 245 2411 Vin.
273 2379 302 2411 l.
338 2378 458 2411 Gueu.
483 2377 516 2410 1.
540 2376 574 2410 2.
610 2377 722 2410 Mai-k.
748 2378 792 2412 Γ.
832 2375 928 2409 [aeid.
954 2375 991 2408 C.
1021 2376 1093 2408 Eri.
1118 2379 1153 2408 et
1176 2374 1267 2419 Tcg.
1301 2384 1448 2416 eamque
1471 2371 1558 2406 scri-

169 2444 307 2484 pturam
333 2439 541 2473 confirmant
565 2436 673 2471 etium
699 2437 724 2471 ii
749 2437 848 2473 codd.
874 2437 908 2470 in
933 2434 1058 2480 quibus
1083 2440 1135 2469 est
1160 2436 1335 2476 dedicius,
1360 2435 1434 2468 sive
1459 2434 1558 2467 dedi-

171 2501 251 2542 cius,
278 2503 315 2533 ut
341 2500 383 2533 Β.
407 2499 511 2533 Publ.
537 2499 676 2532 Pembr.
700 2498 812 2532 Murk.
841 2502 883 2532 A.
914 2497 1011 2532 heia.
1038 2497 1075 2530 L.
1104 2497 1152 2530 Μ.
1179 2496 1318 2530 Fabi-ic.
1345 2495 1380 2529 2.
1416 2494 1558 2529 Eccard.

170 2564 208 2594 et
240 2560 388 2594 Goerlit.
422 2559 562 2593 Relicui
597 2559 734 2593 deditus
776 2559 926 2600 habent,
964 2559 1009 2591 nb
1050 2557 1192 2591 editorr.
1225 2557 1348 2590 merito
1382 2555 1559 2589 reiectum.

171 2621 261 2655 Nam
287 2620 468 2664 participio
502 2621 639 2653 deditus
674 2620 914 2654 tautummodo
949 2618 1114 2662 temporis
1149 2622 1308 2662 respectu
1343 2615 1560 2660 significatur

175 2682 204 2716 is
228 2681 287 2725 qui
314 2681 347 2714 in
372 2681 583 2714 deditionem
613 2682 728 2720 wuit3
763 2680 974 2714 adicem-nm
999 2680 1183 2713 dediticius
1208 2683 1362 2721 respectu
1387 2681 1498 2710 status
1526 2680 1560 2709 et

176 2742 387 2776 condicionis
410 2754 490 2775 eum
515 2742 676 2786 designat
691 2768 698 2782 ‚
723 2742 781 2785 qui
808 2742 855 2775 itu
880 2754 916 2774 sc
941 2740 1033 2785 gerit
1057 2742 1173 2784 itaquo
1196 2739 1321 2783 agitat.
1346 2742 1383 2771 ut
1407 2738 1561 2771 deditum

177 2803 293 2844 decet,
326 2803 417 2847 quod
454 2802 549 2837 vidos
583 2802 683 2836 unice
716 2802 798 2836 huic
823 2803 900 2836 lon-‚o
926 2802 1122 2836 convenire.
1158 2802 1204 2837 cf.
1229 2801 1303 2835 Liv.
1329 2801 1411 2840 vn,
1433 2799 1500 2841 31,
1526 2799 1558 2832 «Ι.
