1630 3034
192 156 277 198 496
567 151 614 193 C.
644 150 972 194 SALLUSTI
1001 150 1215 195 CRISPI

154 268 241 316 4di
269 266 466 311 animum
502 268 648 312 vortit.
718 267 780 311 Et
813 267 930 311 forte
965 268 1009 310 in
1046 282 1101 311 eo
1137 267 1240 311 loco
1279 268 1463 328 grandis
1498 269 1588 312 ilex.

187 365 414 409 coaluerat
453 365 568 409 inter
604 380 734 421 saxa,
786 365 989 424 paullum
1024 364 1165 408 modo
1204 379 1374 424 prona,
1423 365 1586 410 deinde

188 463 305 506 flexa
332 468 467 521 atque
498 469 628 506 aucta
663 462 707 505 in
736 461 1028 519 altitudinem,
1065 476 1156 520 quo
1194 467 1353 505 cuneta
1383 461 1583 522 giguen-

188 627 364 662 editorum
388 638 508 661 errore
532 627 592 660 diu
616 627 798 670 expulsam
813 653 822 668 ‚
846 626 882 660 in
907 639 976 671 qua
999 638 1119 661 omnes
1147 625 1245 660 codd.
1271 623 1490 668 conspirant,
1519 623 1587 661 nisi

187 690 280 733 ‹luiod
304 689 340 722 in
364 699 449 722 voce
469 689 592 733 cupido
626 694 660 722 et
690 689 726 722 in
759 692 934 732 postremo
969 689 1144 722 vocabulo
1176 687 1316 721 variant
1350 685 1585 730 aliquantum.

186 751 278 784 Vera
301 749 405 783 lectio
437 750 592 783 animum
627 750 778 784 vertit
811 754 924 784 exstat
947 750 982 783 in
1008 749 1170 784 omnibus
1193 748 1291 783 codd.
1319 746 1439 789 Rivii,
1463 746 1585 782 melio-

186 810 284 845 ribus
307 810 471 854 Gmteri,
506 811 668 856 pluribus
701 810 834 845 TVassii
850 836 859 854 ,
898 812 980 845 Bas.
1007 810 1041 844 1.
1065 811 1175 846 Fabr.
1199 810 1232 843 1.
1258 810 1361 843 Rem.
1388 808 1422 841 1.
1448 808 1480 842 2.
1506 808 1587 842 Seu.

186 873 221 908 1.
246 872 280 905 2.
304 872 430 906 Reuss.
456 872 533 908 rin.
555 872 590 907 2.
622 872 720 906 vrat.
743 873 777 906 2.
802 872 838 907 3.
875 873 994 906 Gueu.
1024 861 1059 905 2.
1084 872 1117 905 4.
1141 871 1175 905 7.
1202 871 1258 905 11.
1290 869 1384 914 Teg.
1417 869 1531 904 Paris.
1554 881 1584 903 ο.

187 944 218 966 x.
246 945 276 966 z.
301 936 336 966 et
370 932 518 968 Goerlit.
565 932 641 966 Non
675 932 761 966 satis
792 938 957 967 accurate
991 937 1109 967 tamen
1142 930 1352 965 Gerlachius
1378 931 1586 965 commentt.

186 1006 221 1039 p.
247 993 328 1027 32⁶2.
352 993 452 1027 verbi
477 993 685 1027 sententiam
709 993 759 1027 ita
785 993 1035 1038 interpretatur
1052 1006 1062 1026 =
1095 992 1221 1035 cupido
1244 991 1403 1025 animum
1428 991 1503 1025 eius
1523 992 1587 1025 im-

184 1055 315 1100 plevit,
340 1054 392 1088 ita
416 1060 456 1089 ut
478 1059 570 1089 totus
604 1055 643 1089 in
667 1055 732 1088 hac
765 1066 803 1089 re
828 1060 927 1089 esset.
974 1053 1102 1088 Sensus
1125 1052 1240 1097 potius
1266 1056 1335 1086 est:
1362 1052 1488 1096 cupido
1512 1064 1587 1087 mu-

186 1117 278 1152 tavit
309 1115 383 1149 eius
415 1116 591 1157 animum,
626 1115 677 1149 ita
717 1119 756 1151 ut
786 1116 892 1160 primi
925 1115 1057 1149 consilii
1089 1114 1316 1148 cochlearum
1354 1114 1588 1159 legendarum

184 1189 324 1223 prorsus
357 1178 502 1218 oblitus,
531 1189 644 1210 novae
675 1177 728 1211 rei
764 1177 938 1219 studeret,
971 1181 1005 1211 et
1030 1175 1168 1209 facinus
1195 1174 1401 1208 incredibile
1424 1175 1531 1209 simul
1553 1179 1588 1210 et

185 1238 397 1274 admirabile
421 1239 523 1273 edere
547 1240 696 1274 arderet.
744 1238 862 1282 Quam
885 1237 1093 1273 sententiam
1116 1235 1201 1270 huic
1231 1236 1310 1270 loco
1335 1236 1481 1282 egregie
1504 1248 1587 1271 con-

184 1300 383 1335 venientem
416 1312 524 1344 quum
558 1301 660 1335 multi
693 1300 831 1334 librarii
861 1311 930 1334 non
963 1301 1245 1343 assequerentur,
1278 1297 1341 1332 alii
1376 1299 1588 1343 scripserunt

186 1363 341 1397 animum
375 1363 554 1405 advertit,
586 1361 649 1395 alii
673 1361 951 1402 animadvertit,
977 1361 1041 1394 alii
1066 1361 1221 1394 animum
1246 1361 1428 1403 accendit,
1462 1359 1527 1394 alii
1550 1372 1585 1394 a.

128 1435 134 1442 ·
183 1424 357 1466 intendit,
391 1423 454 1458 alii
479 1436 515 1458 a.
540 1423 711 1465 attendit,
737 1422 801 1457 alii
825 1434 860 1456 a.
885 1422 1045 1465 invadit,
1078 1422 1140 1456 alii
1166 1433 1200 1455 a.
1228 1421 1377 1463 invasit,
1402 1421 1464 1456 alii
1489 1421 1585 1457 deni·

183 1496 252 1529 que
276 1497 310 1518 a.
336 1485 437 1529 cepit.
485 1484 674 1518 Praeterea
708 1495 766 1518 sex
799 1483 901 1517 codd.
933 1495 996 1527 pro
1033 1484 1156 1528 cupido
1180 1482 1312 1517 habent
1345 1483 1516 1527 cupidus,
1542 1493 1585 1518 ae

183 1532 329 1580 totidem
354 1546 428 1579 fere
452 1546 589 1590 cupali,-
613 1546 673 1580 sed
696 1546 786 1580 haec
810 1544 931 1579 omnia
954 1548 1032 1579 sunt
1056 1545 1250 1589 eiusmodi,
1274 1547 1313 1577 ut
1335 1543 1441 1578 facile
1464 1543 1586 1579 videas

185 1607 230 1641 ab
257 1605 520 1650 interpolatrice
551 1617 660 1640 manu
687 1617 761 1640 esse
785 1606 967 1649 profecta,
1001 1617 1114 1651 neque
1140 1607 1214 1640 ullo
1238 1605 1343 1639 modo
1367 1605 1585 1641 labefactare

183 1671 246 1702 aut
269 1667 305 1701 in
329 1666 562 1710 suspicionem
586 1678 715 1702 vocare
737 1671 912 1710 receptam
937 1654 1167 1710 scripturam,
1202 1677 1308 1710 quam
1332 1666 1478 1710 cupidus
1502 1677 1585 1701 cou-

181 1728 303 1763 firmat
338 1727 456 1773 potius
493 1728 590 1762 haud
631 1727 865 1762 mediocriter.
913 1727 1152 1761 Nihilominus
1191 1728 1341 1761 editores
1381 1727 1515 1762 ineerta
1548 1730 1584 1762 et

182 1800 273 1823 vana
305 1789 409 1823 certis
441 1789 691 1833 praetulerunt.
746 1789 838 1823 Nam
871 1800 979 1832 quum
1012 1787 1149 1822 Gellius
1170 1789 1233 1830 lx,
1263 1788 1320 1822 12.
1370 1789 1581 1824 Sallustium

182 1850 314 1885 alicubi
339 1849 469 1884 dixisse
491 1850 624 1884 referat
647 1861 742 1884 more
765 1851 940 1884 humanae
963 1848 1134 1894 cupidinis
1157 1849 1289 1894 ignara
1314 1849 1471 1893 visendi,
1508 1851 1581 1886 No-

183 1911 262 1946 nius
286 1915 404 1945 autem
428 1911 473 1953 11,
497 1909 577 1945 465.
605 1923 647 1945 ex
671 1911 883 1956 lugurthino
908 1911 1001 1944 bello
1036 1910 1157 1944 laudet
1181 1922 1298 1945 amore
1322 1911 1498 1946 humanae
1521 1925 1581 1946 cu-

183 1973 344 2018 piditatis
376 1973 510 2018 ignara
542 1972 694 2014 visendi,
729 1971 902 2014 editores,
934 1970 1038 2006 Nonii
1073 1971 1190 2006 verbis
1224 1972 1379 2016 primum
1403 1973 1449 2007 ad
1473 1973 1580 2008 Gellii

184 2034 370 2076 correctis,
394 2037 583 2077 utrumque
606 2035 701 2067 hunc
723 2037 881 2068 nostrum
906 2033 1024 2067 locum
1052 2032 1244 2077 respexisse
1267 2037 1447 2078 putarunt,
1471 2035 1581 2070 nihil-

183 2108 252 2141 que
274 2095 450 2140 antiquius
473 2095 683 2138 habuerunt,
704 2106 811 2138 quam
837 2098 875 2129 ut
895 2094 1004 2128 eiecta
1028 2094 1127 2128 codd.
1149 2095 1322 2139 scriptura
1347 2095 1456 2131 Gellii
1472 2097 1582 2132 verba

183 2157 220 2191 in
255 2160 387 2191 textum
418 2156 601 2191 inferrent.
649 2156 719 2190 Sed
756 2167 864 2200 quum
894 2155 953 2189 vix
977 2166 1048 2189 una
1073 2155 1192 2190 littera
1216 2168 1298 2190 cum
1322 2157 1470 2203 vulgata
1494 2169 1579 2192 con-

183 2218 335 2263 spirent,
359 2229 470 2262 neque
496 2217 647 2263 intelligi
671 2222 796 2261 queat,
829 2229 911 2259 eur,
952 2215 983 2250 si
1005 2215 1125 2260 spuria
1148 2220 1237 2250 esset
1262 2219 1362 2253 codd.
1386 2219 1507 2262 lectio,
1536 2231 1580 2254 ue

183 2279 330 2314 minima
354 2279 494 2323 quidem
519 2279 750 2324 discrepantia
774 2279 810 2313 in
835 2279 987 2323 quinque
1015 2277 1086 2311 illis
1110 2277 1226 2311 verbis
1250 2285 1438 2324 appareat,
1470 2292 1579 2325 quum

182 2341 301 2372 tamen
334 2337 403 2371 duo
437 2341 615 2380 postrema
650 2341 823 2375 vocabula
853 2344 1030 2384 tantopere
1066 2337 1204 2373 variata
1238 2338 1325 2381 sint,
1355 2340 1391 2375 in
1414 2345 1578 2386 promptu

183 2402 257 2440 est,
282 2398 370 2432 salso
393 2398 546 2432 Nonium
572 2400 660 2433 hacc
684 2411 726 2433 ex
752 2401 924 2446 Iugurtha
949 2400 1130 2441 laudasse,
1168 2411 1258 2444 quae
1293 2401 1387 2435 liaud
1411 2401 1517 2436 dubie
1541 2401 1577 2436 in

182 2459 350 2493 Historiis
376 2459 505 2503 scripta
541 2464 658 2498 erant,
684 2464 719 2495 et
753 2461 976 2509 Fragmentis
1005 2461 1265 2495 annumeranda
1293 2468 1380 2497 sunt.
1429 2463 1577 2498 Perver-

182 2520 255 2554 sius
286 2525 404 2554 tamen
438 2531 543 2564 quam
576 2520 790 2563 antiquiores
825 2521 975 2555 editores
1018 2522 1095 2567 egit
1130 2521 1291 2564 Cottius,
1341 2535 1383 2557 ex
1414 2524 1577 2558 codicum

182 2581 353 2624 scriptura
380 2586 413 2615 et
438 2581 761 2617 Grammaticorum
785 2582 899 2616 verbis
924 2582 1022 2625 quasi
1047 2595 1108 2627 per
1131 2587 1288 2618 saturam
1311 2585 1464 2619 constans
1481 2585 1576 2620 hane

184 2643 416 2686 scripturam:
453 2656 544 2677 more
579 2644 724 2678 humani
761 2645 896 2690 ingenii
935 2645 1059 2689 cupido
1095 2646 1225 2690 ignara
1260 2644 1398 2678 visundi
1426 2644 1573 2678 invadit.

184 2703 286 2747 Quae
319 2704 480 2738 Sallustii
513 2717 588 2739 esse
621 2706 738 2740 credat
770 2706 830 2749 qui
855 2706 958 2747 velit3
999 2706 1195 2741 refellendis
1219 2710 1312 2740 certe
1339 2715 1482 2749 operam
1506 2716 1573 2738 non

185 2774 448 2808 consumemus,
484 2766 613 2811 quippe
645 2778 736 2811 quae
760 2779 802 2801 ne
825 2767 979 2812 speciem
1009 2767 1150 2813 quidem
1175 2779 1240 2802 non
1265 2767 1380 2801 dicam
1403 2764 1572 2806 veritatis,

1624 2847 1630 2867 s
