1630 3034
646 18 657 36 N

428 149 797 195 IUGURTHA.
855 149 984 194 cAP.
1011 114 1168 194 x'm.
1400 154 1487 196 265
1552 149 1555 151 ’

108 262 276 328 primos
323 273 439 322 erat;
481 268 525 312 in
568 273 814 328 postremo·
845 266 896 314 C.
941 265 1114 310 Marius
1161 267 1335 327 legatus
1383 284 1486 312 cum

111 364 328 422 equitibus
359 365 567 418 curabat3
601 366 646 408 in
676 370 914 421 utrumque,
937 363 1050 408 latus
1081 364 1327 408 auxiliarios
1363 365 1488 423 equi-

109 466 176 504 tes
211 461 394 505 tribunis
424 461 652 521 legionum
675 467 720 504 et
752 460 990 520 praefectis
1029 459 1279 504 cohortium
1312 461 1488 521 disper-

109 557 281 614 tiverat,
316 558 377 601 uti
412 573 513 601 cum
548 557 617 601 his
651 557 860 617 permixti
894 557 1060 612 velites,
1092 572 1374 616 quacumque
1410 574 1489 603 ac-

113 653 325 697 cederent
372 654 592 712 equitatus
629 652 843 707 hostium‚
880 653 1202 712 propulsarent.
1289 657 1406 699 Nam
1439 655 1521 699 in8

109 749 327 811 Iugurtha
371 756 515 794 tantus
562 749 689 794 dolus
734 755 947 808 tantaque
991 749 1150 810 peritia
1194 751 1398 795 locorum
1444 758 1489 796 et

85 915 87 917 ’
109 916 304 959 damnavit,
330 916 500 952 Gronovii
517 917 717 952 coniectura
738 915 775 950 in
797 919 936 951 textum.
954 916 1076 952 ascita.
1122 916 1220 952 Novo
1244 918 1347 952 modo
1371 919 1490 953 Faber

109 979 293 1023 vulgatam
318 977 478 1022 expedire
500 977 650 1019 studuit,
682 977 779 1011 cuius
812 978 988 1012 annotatio
1021 979 1110 1011 haec
1142 982 1208 1012 est:
1241 991 1303 1022 „er
1332 980 1490 1025 glaubte,

110 1039 160 1072 sie
183 1039 355 1081 (namlich
379 1038 437 1072 die
460 1038 609 1072 Zeichen
632 1039 692 1072 der
715 1039 1158 1083 Unterwerfung)pr1zften
1181 1040 1237 1073 die
1261 1040 1493 1084 Gelegenheit:

110 1111 155 1133 zu
177 1099 491 1145 Nachstdlungen,
523 1100 555 1136 d.
578 1100 616 1132 h.
654 1099 705 1132 sie
735 1100 857 1133 sollten
891 1100 980 1133 dazu
1016 1099 1156 1141 dienen,
1188 1112 1231 1134 zu
1262 1100 1408 1145 wigen,
1444 1101 1490 1134 ob

113 1159 345 1204 Gelegenheit
376 1172 419 1193 zu
451 1160 749 1202 Nachstellungen
783 1161 924 1194 wilre.“
969 1161 1069 1204 Quae
1091 1161 1204 1194 fateor
1226 1172 1283 1205 me
1298 1172 1367 1194 non
1390 1160 1495 1194 intel-

92 1219 233 1264 ‘ligere.
267 1220 450 1253 Consimili
483 1221 587 1253 modo
611 1219 804 1266 Sellingius
841 1219 877 1252 in
912 1219 1020 1253 Lectt.
1043 1220 1129 1254 Sall.
1158 1232 1191 1264 p.
1214 1221 1284 1262 26„
1309 1224 1349 1255 ut
1370 1207 1493 1264 probet

111 1281 218 1325 signa
251 1280 444 1314 subiectum
476 1291 551 1313 esse
582 1285 720 1314 tentare
751 1280 871 1321 verbi,
911 1284 1028 1314 monet
1061 1292 1163 1324 saepe
1205 1281 1247 1314 de
1278 1282 1378 1314 rebus
1411 1280 1492 1323 diei,

111 1340 204 1384 quod
227 1340 368 1384 proprie
390 1341 564 1374 hominnm
588 1341 649 1383 sit,
682 1341 819 1374 collatis
845 1339 1066 1374 alienissimis
1091 1352 1112 1374 a
1134 1345 1251 1375 nostro
1275 1341 1352 1374 loco
1376 1353 1494 1375 exem-

111 1400 180 1444 plis
197 1412 228 1434 c.
252 1400 378 1443 XLIX,
403 1401 436 1434 5.
463 1402 553 1444 Lm,
579 1400 612 1434 6.
638 1406 670 1436 et
694 1401 727 1436 S.
753 1403 873 1443 LXVI,
899 1402 952 1441 2.;
977 1412 1041 1433 nec
1066 1400 1181 1434 minus
1205 1402 1293 1435 falsa
1315 1401 1493 1446 germani-

112 1471 154 1495 ca
175 1460 248 1494 eius
273 1460 530 1504 interpretatio:
571 1474 637 1505 „er
670 1463 816 1507 glaubte
839 1464 922 1505 jene
948 1462 1097 1495 Zeichen
1131 1462 1403 1506 beabsichtigten
1425 1473 1494 1496 nur

112 1521 190 1555 eine
224 1521 474 1567 Gelegenheit‚
507 1522 569 1556 ilm
604 1534 646 1556 zu
679 1522 911 1555 iil)erfallen.“
957 1522 1048 1555 Nam
1073 1533 1181 1564 quum
1208 1522 1270 1556 illa
1302 1522 1402 1567 signa
1424 1535 1494 1557 nou

110 1580 207 1624 ipsae
230 1588 340 1615 essent
363 1582 520 1624 insidiae,
545 1583 602 1616 sed
626 1583 742 1627 potius
765 1584 806 1616 ad
831 1583 1002 1628 tegendas
1026 1587 1059 1616 et
1083 1582 1246 1616 celandas
1269 1582 1411 1616 insidias
1434 1594 1494 1617 cs-

112 1647 186 1675 sent
206 1641 389 1685 simulata‚
421 1655 484 1687 per
507 1655 543 1676 se
569 1648 661 1686 patet
685 1645 794 1677 locum
817 1643 876 1676 hic
899 1655 967 1677 non
992 1655 1066 1676 esse
1097 1643 1324 1684 occasionem,
1356 1643 1414 1676 sed
1437 1654 1495 1676 re-

110 1703 271 1748 gionem,
305 1714 416 1746 neque
448 1709 583 1738 tentare
612 1704 730 1737 valere
761 1703 852 1737 idem
886 1704 977 1747 quod
1000 1715 1167 1748 quaerere
1186 1705 1243 1737 vel
1263 1709 1402 1748 petere,
1434 1704 1494 1737 sed

110 1763 288 1806 infestare.
336 1763 464 1798 Sensus
488 1769 538 1799 est
563 1765 692 1810 igitur:
724 1765 889 1798 credebat
915 1764 977 1799 illa
994 1764 1183 1802 ‚deditionis
1204 1764 1306 1809 signa
1329 1764 1495 1799 simulata.

112 1835 206 1865 esse,
231 1827 265 1857 et
288 1824 433 1858 insidias
455 1825 492 1858 in
515 1826 584 1858 illis
607 1825 808 1870 regionibus
829 1829 997 1867 structas,
1021 1825 1147 1868 quibus
1170 1825 1370 1868 imprudens
1393 1824 1495 1859 inva-

112 1884 284 1920 deretur..
309 1885 471 1918 ceterum
502 1895 571 1918 non
603 1885 746 1919 dubium
783 1889 851 1927 est,
884 1885 968 1928 quin
990 1886 1192 1929 depravatio
1225 1886 1304 1919 inde
1337 1890 1413 1920 orta
1438 1885 1494 1927 sit,

112 1945 203 1989 quod
228 1943 365 1978 scribae
387 1944 458 1978 iam
487 1950 624 1978 mature
658 1957 802 1989 pravam
837 1946 1040 1980 sententiam
1065 1950 1313 1990 conceperunt,
1347 1947 1389 1979 de
1416 1946 1494 1980 Me-

113 2007 214 2046 tello,
239 2005 297 2048 qui
323 2006 472 2039 hostibus
495 2005 636 2039 insidias
660 2010 824 2046 strueret,
849 2018 1041 2040 sermonem
1066 2018 1150 2039 esse.

206 2066 239 2106 §.
264 2065 299 2098 7.
315 2070 349 2098 et
367 2065 400 2098 8.
451 2067 546 2109 apud
567 2067 695 2110 primos
721 2066 816 2109 erat]
853 2067 891 2099 In
919 2066 1013 2099 Leid.
1038 2067 1081 2099 K.
1106 2066 1246 2100 Martia.
1280 2070 1314 2101 et
1337 2067 1441 2100 Bern.
1460 2066 1494 2100 1.

114 2137 178 2170 pro
203 2131 277 2159 crat
302 2126 430 2169 legitur
454 2127 593 2168 adesse,
617 2138 678 2170 per
702 2137 738 2159 se
761 2126 854 2159 haud
879 2127 991 2168 mule,
1025 2131 1060 2159 et
1084 2126 1152 2167 ita,
1177 2130 1215 2159 ut
1250 2127 1364 2170 potius
1399 2129 1496 2170 putes

115 2187 248 2221 scribas
271 2186 513 2229 imperfectum
545 2197 607 2228 pro
640 2186 812 2220 infinitivo
837 2187 1012 2228 intulisse,
1044 2199 1147 2229 quam
1173 2190 1311 2227 contra3
1340 2188 1398 2221 sed
1423 2192 1497 2221 tam

115 2257 306 2290 paucorum
330 2246 426 2278 codd.
454 2246 538 2279 fides
561 2258 622 2279 nos
646 2259 712 2279 non
737 2251 864 2280 movet.
886 2266 926 2272 -
957 2248 995 2280 In
1017 2253 1190 2292 postremo
1214 2267 1259 2272 —-
1283 2259 1375 2280 cum
1402 2247 1497 2291 equi-

114 2309 205 2343 tibus
229 2307 401 2351 quomodo
429 2306 691 2351 intelligendum
715 2308 776 2347 sit,
803 2307 930 2340 dictum
956 2309 998 2340 ud
1024 2320 1053 2341 c.
1075 2309 1197 2348 XLIX,
1215 2309 1246 2341 1.
1272 2327 1312 2331 —
1343 2308 1498 2343 Curabat

114 2368 237 2413 explic.
262 2368 306 2401 ad
331 2369 405 2402 Cat.
432 2367 521 2409 Hx,
545 2367 578 2401 3.
607 2388 647 2393 -
673 2369 863 2411 Praefectis
888 2368 1144 2402 cohortium
1170 2369 1285 2401 Faber
1309 2379 1495 2412 perperam

115 2428 283 2473 intelligit
314 2428 356 2461 de
386 2428 588 2462 cohortibus
611 2429 805 2462 auxiliariis
831 2430 1015 2468 sociorum
1049 2429 1092 2461 de
1116 2440 1184 2471 quo
1208 2441 1324 2462 errore
1347 2440 1382 2463 v.
1406 2441 1497 2473 quae
1544 2415 1546 2418 .

115 2490 309 2524 notavimus
326 2489 368 2523 ad
394 2500 422 2521 c·
449 2490 570 2530 XCIX,
596 2489 629 2524 1.
644 2509 686 2514 —-
701 2490 911 2533 Quocunque
935 2489 1162 2523 certissimam
1188 2489 1298 2523 Cottii
1321 2490 1495 2524 coniectu-

115 2561 191 2585 ram
230 2562 298 2584 non
334 2549 568 2583 dubitavimus
599 2551 755 2594 recipere
790 2562 853 2593 pro
887 2550 1034 2593 vulgata
1072 2550 1245 2593 scriptura
1276 2561 1494 2595 quocunque,

117 2621 221 2654 quam
257 2622 375 2644 omnes
405 2611 503 2644 codd.
539 2616 689 2645 tuentur.
737 2612 845 2644 Recte
878 2610 970 2644 enim
1004 2609 1094 2643 vidit
1119 2610 1256 2644 Cottius
1281 2610 1388 2643 verba
1412 2622 1496 2654 quo-

118 2681 248 2715 cunque
272 2672 492 2712 accederent,
531 2670 554 2707 i.
578 2682 608 2704 e.
636 2672 672 2704 in
710 2682 941 2716 quemcunque
973 2671 1081 2703 locum
1113 2672 1281 2712 venirent,
1306 2681 1372 2703 non
1396 2680 1497 2713 posse

118 2720 186 2764 nisi
208 2730 251 2764 de
272 2730 454 2774 velitibus,
477 2734 538 2766 aut
560 2731 595 2765 in
621 2730 819 2766 universum
847 2731 890 2765 de
913 2730 1065 2766 exercitu
1089 2731 1225 2766 Metelli
1248 2729 1421 2775 intelligi,
1446 2729 1496 2764 ita
