1630 3034
401 111 573 152 RERUM
602 111 664 151 AC
696 110 966 152 VERBORUM
1310 106 1366 148 79

0 222 107 254 Tamen
125 222 278 254 omissum
294 227 369 266 post
385 232 579 264 quamquam,
599 223 665 255 licet
681 227 760 262 etc„
778 221 802 255 1.
822 222 877 262 33,
894 221 927 257 2.
977 219 1032 260 39,
1047 222 1078 253 5.

0 277 106 309 Tamen
123 278 264 311 relatum
281 279 322 310 ad
336 279 490 311 omissum
508 281 640 319 quidem,
660 276 701 311 C.
721 278 775 318 61,
794 278 825 310 3.

0 333 105 365 Tamen
121 334 187 366 vim
205 334 357 376 apodosis
375 340 488 375 auget,
506 334 530 366 Ι.
549 334 601 374 10,
618 334 649 367 7.
698 334 753 373 83,
773 333 804 365 1.

0 387 104 421 Tamen
119 389 258 422 relatum
275 390 315 422 ad
333 390 531 423 sententiam
549 390 750 431 cogitatione
766 388 991 431 supplendam,
1016 387 1041 421 Ι.
1061 388 1114 427 54,
1131 388 1164 422 2.

0 444 107 476 Tamen
122 445 262 487 positum
275 446 331 478 ubi
350 457 411 478 non
429 446 615 489 praecessit
631 446 830 477 concedendi
847 444 1025 488 particula,
1059 441 1085 477 1.
1104 444 1158 483 55,
1179 443 1208 476 1.
1258 444 1313 483 63,
1331 445 1363 476 4.

0 499 125 532 Tametsi
138 511 209 533 cum
227 502 407 534 indicativo
425 502 644 541 conIunctum,
663 499 702 534 C.
721 501 754 540 3,
771 501 803 535 2.
852 501 876 534 Ι.
896 500 951 540 26,
970 500 1002 534 2.

0 556 123 588 Tametsi
138 557 172 588 in
189 557 281 589 codd.
299 562 459 589 mutatum
478 558 509 589 in
527 562 625 590 tamen
642 559 706 596 etsi,
720 557 744 590 Ι.
765 557 819 596 13,
838 556 869 590 3.
920 556 974 596 31,
991 555 1047 590 21.
1097 556 1152 595 34,
1171 555 1201 588 1.

0 610 123 643 Tametsi
138 613 322 655 particulae
340 614 470 656 propria
484 615 547 653 vis,
573 611 598 646 l.
620 613 673 653 16,
691 613 721 646 3.
751 603 753 608 ’

0 666 208 699 Tantummodo
225 668 392 701 diversum
416 679 436 701 a
454 674 565 701 tantum
582 671 683 708 modo,
700 668 724 702 Ι.
746 667 800 708 53,
818 668 849 701 3.

0 722 104 755 Tantus
120 723 262 756 relatum
278 724 319 756 ad
337 726 522 767 sequentIa,
548 726 572 759 Ι.
591 727 646 764 45,
674 724 704 757 1.

0 778 173 819 Tarditates,
190 780 330 823 pluralis
348 782 473 813 numeri
491 782 555 820 vis,
576 781 611 814 C.
631 782 686 821 15,
704 781 736 813 4.

2 834 109 876 Teyere
126 835 244 876 aliquid
260 837 296 867 ab
315 837 419 877 aliqua
435 847 479 876 re,
497 836 521 869 Ι.
543 837 619 877 101,
638 838 670 869 4.

0 889 114 923 Temere
129 891 222 923 vario
237 901 338 923 sensu
355 893 488 932 dictum,
507 892 531 924 Ι.
552 894 606 931 54,
622 892 653 925 6.
703 889 757 931 71,
779 891 810 923 4.
862 890 937 928 105,
953 890 983 923 3.

0 945 170 987 Temperare
186 947 259 979 sine
277 958 357 979 casu
375 958 547 991 personae,
576 947 611 980 C.
636 947 689 987 11,
707 947 738 980 8.
789 947 813 980 Ι.
831 947 887 987 85,
906 947 938 980 9.

0 1001 164 1043 Tempestas
181 1003 202 1035 i.
223 1012 253 1044 q.
274 1003 456 1042 calamitas,
484 1000 523 1036 C.
542 1003 598 1043 20,
616 1003 647 1035 8.

0 1057 164 1099 Tempestas
181 1059 202 1090 i.
224 1068 255 1100 q.
271 1063 410 1101 tempus,
435 1059 460 1098 Ι,
481 1058 535 1099 73,
555 1059 586 1091 7.

0 1112 28 1145 [ιι
45 1117 216 1154 tempestate
232 1124 295 1156 quo
312 1124 414 1146 sensu
432 1115 572 1155 dicatur,
599 1112 638 1147 C.
657 1114 712 1154 48,
728 1115 759 1147 5.
808 1114 833 1147 Ι.
853 1113 907 1153 78,
921 1114 953 1147 2.

0 1169 145 1211 Templum
161 1180 227 1202 vox
243 1171 405 1202 interdum
422 1171 594 1210 omittitur,
621 1170 656 1203 C.
676 1170 731 1211 49,
751 1171 781 1202 5.

0 1225 120 1267 Tempus
139 1226 161 1259 i.
177 1236 206 1268 q.
227 1227 420 1269 periculum,
440 1224 479 1259 C.
500 1226 555 1266 20,
571 1227 602 1259 3.

0 1281 167 1322 Tempusstc
184 1283 246 1314 dies
263 1283 460 1315 coniunctim
477 1284 584 1325 posita
602 1293 664 1325 quo
682 1282 847 1322 differant,
873 1281 908 1314 C.
929 1281 983 1321 51,
1000 1281 1055 1315 25.
1104 1281 1128 1315 Ι.
1150 1281 1225 1321 106,
1243 1282 1276 1315 2.

0 1337 122 1378 Tempus
141 1340 336 1380 praegnanti
350 1335 458 1371 ‘sensu
482 1340 504 1372 i.
525 1349 555 1381 q.
574 1343 700 1382 tempus
718 1339 840 1371 iustum
853 1363 861 1378 ,
895 1338 1093 1371 commodum
1105 1363 1112 1376 ,
1139 1338 1366 1370 constitutum.

82 1390 109 1426 Ι.
129 1392 183 1433 79,
203 1393 234 1427 7.
283 1394 337 1434 89,
357 1395 388 1427 3.

0 1447 28 1480 [ιι
46 1452 176 1490 tempore
193 1451 295 1490 aliquo
325 1451 453 1493 quando
472 1455 564 1482 recte
583 1449 726 1489 dicatur,
754 1449 790 1482 C.
810 1449 865 1489 48,
884 1450 914 1482 5.

0 1503 138 1546 Tempore
154 1506 231 1537 etin
251 1510 381 1547 tempore
398 1507 418 1538 i.
439 1516 468 1548 q.
483 1511 622 1545 mature,
638 1503 663 1538 Ι.
684 1506 738 1544 56,
756 1505 788 1539 2.

0 1558 121 1601 Tempus
132 1558 264 1604 (verbi)
275 1563 365 1594 aliud
376 1572 417 1594 ex
427 1563 642 1604 sequentibus
653 1563 693 1594 ad
704 1561 935 1594 antecedentia
945 1562 1188 1600 assumendum,
1208 1558 1248 1593 C.
1267 1559 1322 1599 47,
1334 1560 1366 1592 2.

0 1613 141 1656 Tempora
160 1614 292 1660 (verbi)
310 1619 444 1651 diversa
461 1628 561 1661 saepe
575 1629 595 1651 a
611 1618 758 1650 librariis
777 1622 974 1659 exaequata,
993 1615 1017 1650 Ι.
1039 1618 1092 1653 58,
1112 1618 1143 1649 5.

0 1669 123 1702 Tendere
140 1671 162 1703 i.
182 1681 212 1714 q.
233 1675 442 1713 contendere,
462 1671 501 1706 C.
522 1674 576 1713 60,
594 1674 626 1705 4.

0 1725 106 1759 Tenere
122 1728 274 1761 absolute
288 1730 422 1770 dictum,
448 1730 473 1763 I.
495 1729 549 1769 17,
569 1728 600 1761 7.

0 1781 120 1815 Tentare
138 1784 160 1815 i.
175 1793 205 1826 q.
225 1785 266 1816 ad
282 1786 499 1828 proditionem
517 1785 658 1825 illicere,
677 1784 702 1816 1.
721 1783 776 1823 47,
795 1784 826 1817 2.

0 1837 121 1870 Tentare
139 1840 274 1880 aliquam
289 1852 351 1873 rem
365 1842 387 1874 i.
408 1852 437 1883 q.
459 1841 605 1879 efficere,
624 1840 771 1878 studere,
790 1839 813 1871 Ι.
835 1839 890 1877 50,
910 1839 940 1871 1.

0 1893 118 1925 Tentari
134 1896 239 1934 aliqua
256 1907 300 1935 re,
319 1897 339 1927 i.
361 1906 390 1938 q.
412 1897 444 1927 in
461 1896 643 1938 periculum
661 1895 793 1933 adduci,
819 1894 842 1926 Ι.
863 1894 918 1934 90,
938 1894 967 1927 1.

0 1948 102 1981 Terere
118 1942 246 1991 tempus,
265 1951 348 1982 bono
366 1956 399 1983 et
415 1952 499 1983 malo
516 1961 617 1983 sensu
635 1952 767 1989 dictum,
795 1947 834 1982 C.
854 1951 886 1989 4,
906 1951 938 1983 1.

0 2004 154 2037 Terrarum
170 2006 334 2039 vocabula
349 2007 496 2047 genitivo
514 2008 620 2049 posita
637 2007 664 2038 si
680 2006 852 2048 quaeritur
867 2008 929 2047 ubi,
947 2007 970 2040 Ι.
991 2007 1046 2046 33,
1065 2007 1095 2040 4.

0 2059 153 2092 Terrarum
170 2063 300 2094 nomina
317 2073 373 2104 pro
389 2064 523 2103 populis,
549 2063 572 2094 Ι,
594 2062 648 2101 89,
669 2061 700 2094 7.

0 2115 156 2148 Terracina
172 2128 254 2150 vera
271 2118 409 2150 nominis
428 2117 543 2157 forma,
568 2128 631 2150 non
653 2117 826 2157 Tarracina,
847 2116 882 2150 C.
902 2117 957 2156 46,
976 2119 1008 2151 4.

0 2170 122 2203 Testudo
141 2173 174 2204 in
198 2173 316 2206 militia
334 2173 423 2215 quid,
449 2173 473 2206 I.
491 2173 545 2210 94,
565 2173 596 2206 3.

0 2226 175 2259 Tetrarchae
190 2229 324 2270 regibus
343 2229 518 2262 inferiores
536 2238 635 2271 saepe
653 2228 750 2260 simul
767 2237 838 2261 cum
856 2229 899 2261 iis
921 2230 1139 2267 nominantur,
1159 2229 1193 2261 C.
1214 2228 1270 2269 20,
1288 2229 1320 2262 7.

0 2281 120 2315 Theraei
136 2284 357 2324 scribendum,
377 2296 439 2317 non
459 2285 572 2323 Ther-ei,
590 2284 613 2316 Ι.
632 2284 685 2323 19,
704 2284 736 2316 3.

0 2337 94 2385 Timor
106 2340 264 2380 quomodo
282 2340 413 2373 differat
426 2351 444 2372 a
462 2345 550 2378 metu,
568 2339 591 2372 I.
612 2339 666 2378 70,
685 2341 716 2372 5.

0 2392 98 2425 Timor
113 2395 222 2427 activo
240 2400 274 2427 et
290 2397 423 2437 passivo
442 2405 554 2433 sensu,
572 2395 596 2427 Ι.
616 2395 672 2433 42,
692 2396 723 2427 4.

0 2449 96 2481 Timor
113 2451 205 2482 animi
222 2452 379 2493 quomodo
399 2451 531 2488 dictum,
559 2450 594 2482 C.
615 2450 669 2489 58,
707 2473 716 2482 .

0 2504 144 2537 Tisidium
168 2506 314 2546 ignotum
330 2506 461 2539 Africae
479 2506 641 2548 oppidum,
667 2505 690 2538 1.
707 2505 761 2539 62.
780 2507 813 2539 8.

0 2560 121 2599 Tmesis,
147 2557 187 2593 C.
208 2562 239 2599 5,
257 2562 290 2593 4.

0 2615 102 2656 Toyati
121 2616 141 2647 i.
162 2625 192 2658 q.
213 2616 303 2648 cives
320 2616 464 2656 Romani,
490 2616 512 2648 1.
530 2615 585 2655 21,
602 2615 634 2649 2.
