1630 3034
399 133 760 233 memmi.
821 163 952 207 GAP.
983 162 1193 212 XXVIII.
1416 169 1496 209 161

106 280 151 325 in
188 279 344 325 diebus
379 281 609 340 proxumis
647 279 806 324 decem
837 279 964 324 Italia
1010 279 1294 324 decederent.
1371 280 1530 326 Con-3

107 378 174 421 sul
197 377 403 421 Numidis
441 392 495 421 ex
531 377 670 421 senati
706 377 887 420 decreto
922 378 1120 421 nunciari
1156 377 1301 431 iubet3
1329 377 1388 421 ita
1424 379 1495 422 in-

106 474 234 518 fectis
271 474 404 517 rebus
443 473 504 516 illi
541 472 725 517 domum
762 473 1009 520 discedunt.
1083 474 1266 517 Interim
1297 473 1529 533 Calpur-4

105 571 202 614 nius
257 576 421 630 parato
478 570 673 613 exercitu
730 571 854 629 legat
907 570 989 614 sibi
1050 569 1251 614 homines
1312 571 1500 629 nobilis,

104 667 330 721 factiosos,
367 680 558 724 quorum
591 666 852 710 auctoritate
888 682 1004 724 quae
1041 667 1298 725 deliquisset
1329 667 1499 711 munita

104 764 204 808 fore
241 763 473 823 sperabat3
508 763 551 806 in
584 763 680 821 quis
715 763 797 807 fuit
830 763 1049 820 Scaurus,
1087 763 1209 807 cuius
1248 761 1306 806 de
1341 769 1499 806 natura

104 866 149 904 et
174 859 330 904 habitu
357 873 493 918 supra
528 860 884 907 memoravimus,
956 862 1073 904 Nam
1110 861 1154 903 in
1192 860 1374 903 consule
1409 861 1528 903 no-5

106 962 197 1000 stro
239 957 407 1000 multae
441 956 681 1015 bonaeque
718 964 831 1001 artes
869 958 1003 1000 animi
1039 963 1083 1000 et
1122 956 1320 1015 corporis
1355 962 1495 1013 erant,

101 1117 168 1160 lv,
193 1116 260 1159 58,
289 1117 323 1151 4.
356 1137 395 1143 -
427 1117 606 1152 Proxumis
633 1117 809 1153 immerito
835 1118 1057 1164 impugnavit
1085 1117 1241 1160 Certim,
1274 1116 1344 1151 levi
1372 1128 1498 1152 caussa

102 1182 303 1222 permotus,
355 1178 446 1222 quod
481 1178 516 1212 in
554 1180 660 1214 Fabr.
703 1179 735 1215 1.
775 1179 846 1213 alia
889 1191 997 1214 manu
1039 1179 1312 1223 superscriptum
1350 1179 1493 1223 legitur.

102 1240 212 1272 Recte
246 1238 334 1272 vidit
370 1239 578 1273 Gerlachius
616 1240 683 1273 hoc
720 1241 928 1274 vocabulum
956 1241 1076 1274 valere
1115 1241 1158 1274 ad
1190 1240 1413 1273 severitatem
1439 1250 1493 1272 se-

101 1299 355 1333 natusconsulti
375 1299 654 1344 significandam.
704 1301 864 1334 Ceterum
894 1303 929 1335 in
956 1301 1112 1335 ablativo
1144 1299 1309 1343 temporis
1335 1299 1493 1333 additum

100 1370 202 1393 sensu
224 1370 291 1392 non
313 1359 428 1394 differt
449 1362 493 1394 ab
516 1362 609 1396 intra
634 1373 662 1394 c.
686 1373 776 1404 acc.,
801 1367 840 1395 ut
858 1362 930 1395 iam
947 1359 1146 1392 monuimus
1168 1359 1209 1392 ad
1231 1359 1307 1392 Cat·
1338 1360 1493 1397 ΧῘᾸῙΠ,

99 1417 134 1453 5.
170 1420 218 1455 cf.
246 1421 323 1464 lug.
351 1421 484 1462 xcvi,
516 1421 550 1455 1.
585 1423 847 1456 sollertissumus
875 1424 913 1456 in
940 1421 1100 1464 paucis
1130 1421 1493 1464 tempestatibus

93 1482 214 1524 factus
233 1485 304 1522 est,
329 1481 388 1514 ubi
406 1493 438 1514 v.
463 1482 576 1525 plura.
596 1482 678 1516 Ter.
696 1484 801 1516 Andr.
822 1484 858 1523 1,
884 1480 994 1523 1‚77.
1021 1481 1106 1514 Fere
1127 1481 1172 1513 in
1193 1481 1266 1514 die
1282 1481 1332 1514 bu
1347 1492 1364 1514 s
1382 1492 1492 1525 pau-

100 1542 185 1582 cis,
232 1542 352 1585 quibus
379 1543 466 1576 haec
497 1548 577 1576 acta
611 1549 711 1584 sunt,
746 1544 884 1587 Chrysis
910 1543 1025 1576 vicina
1053 1542 1141 1575 haec
1169 1543 1324 1575 moritur.
1349 1541 1493 1576 Sueton-

99 1602 224 1635 Claud.
243 1613 274 1635 c.
296 1601 362 1646 12,
384 1603 443 1636 fin.
468 1603 514 1636 in
538 1604 667 1638 brevi
687 1605 845 1647 spatio
865 1607 1003 1636 tantum
1025 1602 1152 1635 amm-is
1169 1603 1319 1647 collegit.
1346 1602 1393 1636 id.
1411 1603 1491 1636 Ner.

98 1674 127 1697 c.
145 1661 212 1704 30,
237 1662 283 1696 in.
304 1663 442 1707 Vespas.
466 1675 495 1697 c.
513 1663 558 1706 4,
584 1663 630 1698 in.
652 1664 741 1697 Plin.
774 1664 820 1697 11.
846 1663 886 1697 N.
921 1664 992 1704 lx,
1015 1663 1071 1697 51.
1101 1668 1236 1696 ceterae
1260 1663 1418 1706 feminae
1448 1664 1492 1696 iu

99 1723 256 1757 triduo
275 1725 468 1758 excludunt.
495 1724 568 1758 Cic.
588 1725 676 1768 Epp.
701 1724 745 1758 ad
770 1724 906 1758 Famm.
930 1724 1004 1767 XV,
1029 1724 1092 1765 16,
1118 1722 1151 1757 5.
1177 1725 1221 1757 in
1255 1724 1334 1756 hoc
1366 1734 1490 1756 anno.

96 1784 220 1818 Paullo
241 1785 495 1820 accuratiorem
515 1790 549 1819 et
574 1785 755 1818 certiorem
774 1784 851 1818 fieri
884 1785 919 1818 in
944 1785 1062 1819 addito
1087 1783 1253 1827 temporis
1277 1794 1491 1824 mensuram,

96 1844 154 1878 cui
180 1845 288 1886 etiam
316 1846 412 1879 solus
439 1847 614 1881 ablativus
642 1844 804 1887 inservit,
827 1856 930 1878 nemo
944 1856 1012 1879 non
1033 1844 1177 1878 videbit.
1199 1863 1242 1870 —·
1268 1845 1488 1886 Decederent,

96 1917 160 1950 pro
180 1917 248 1949 quo
268 1905 302 1939 in
322 1907 441 1950 paucis
459 1908 557 1941 codd.
576 1911 627 1941 est
647 1905 882 1945 discederent,
907 1905 1159 1948 explicavimus
1180 1904 1223 1938 ad
1246 1916 1275 1938 c.
1293 1905 1381 1947 XX,
1409 1904 1441 1937 1.

190 1968 223 2008 §.
248 1965 282 2000 4.
330 1968 444 2012 legat]
478 1968 665 2001 Habebant
692 1965 795 1998 duces
830 1965 905 1998 sive
943 1965 1171 2009 imperatores
1205 1964 1384 1998 adiunctos
1422 1962 1489 1996 sibi

97 2023 191 2058 viros
221 2025 370 2060 militiae
403 2038 552 2072 gnaros,
585 2037 732 2071 quorum
761 2036 886 2059 munus
907 2027 1103 2067 consulere,
1140 2024 1405 2063 administrare,
1429 2035 1490 2056 cu-

98 2095 178 2118 rare
199 2089 254 2127 et,
281 2097 349 2119 uno
367 2088 498 2128 verbo,
524 2087 694 2121 vicariam
710 2097 852 2129 operam
869 2086 1073 2128 imperatori
1094 2087 1188 2121 dare.
1243 2084 1272 2119 li
1293 2084 1407 2128 legati
1435 2083 1488 2116 di-

98 2146 276 2179 cebantur.
324 2147 551 2190 Quamquam
573 2152 691 2180 autem
712 2145 779 2190 ipsi
805 2145 910 2179 duces
932 2147 1122 2191 eligerent,
1157 2151 1274 2179 tamen
1303 2143 1489 2177 consilinm

97 2216 348 2249 consensusque
368 2206 553 2240 intervenit
569 2211 717 2249 patrum.
735 2218 770 2240 v,
789 2207 882 2250 Lips.
901 2207 943 2240 dc
962 2206 1070 2240 Milit.
1091 2207 1141 2247 11,
1159 2206 1214 2240 11.
1245 2206 1412 2238 Ruran'r.
1445 2204 1491 2238 cf.

97 2265 203 2300 etiam
228 2266 377 2300 Nitschii
404 2266 541 2310 Antiqq.
573 2268 714 2302 Romm.
745 2268 822 2301 vol.
855 2268 896 2301 11.
929 2280 961 2310 p.
984 2267 1089 2301 1443.
1119 2267 1170 2301 ed.
1191 2267 1250 2300 ΙΙΙ.
1270 2266 1422 2310 Herzog.
1445 2265 1490 2299 ad

98 2325 196 2359 Caes.
215 2326 257 2360 B.
279 2326 324 2360 G.
345 2327 380 2369 1,
405 2326 473 2368 52,
499 2327 531 2360 1.
551 2333 586 2361 et
608 2327 779 2372 imprimis
804 2328 967 2361 Creuzeri
990 2327 1127 2370 Antiqq.
1157 2327 1262 2360 Rom.
1290 2327 1321 2368 ἓ.
1349 2325 1425 2359 181.
1454 2325 1490 2360 2.

97 2397 132 2429 p.
162 2385 231 2420 272
256 2397 306 2429 sq.
339 2387 479 2432 Legare
512 2391 563 2421 est
595 2388 705 2432 igitur
726 2391 862 2434 legatos
886 2389 952 2422 sibi
979 2389 1155 2422 asciscere.
1172 2388 1219 2420 cl'.
1239 2387 1311 2422 Cic.
1331 2388 1420 2430 Epp.
1444 2386 1488 2420 ad

96 2445 234 2481 Famm.
272 2447 338 2488 Π,
363 2447 405 2491 6,
430 2448 487 2481 20.
516 2450 645 2482 Caesar
682 2451 836 2484 Cassium
867 2451 931 2482 sibi
958 2449 1160 2493 legavit.
1194 2448 1282 2490 Epp.
1312 2447 1356 2480 ad
1383 2447 1486 2480 Attio.

98 2508 173 2548 XV,
198 2508 253 2541 11.
283 2508 463 2541 Dolabella
489 2520 543 2542 me
568 2510 632 2542 sibi
657 2511 845 2555 legavit.
872 2521 903 2552 p.
927 2509 949 2542 l.
977 2510 1072 2544 Man.
1098 2520 1128 2542 c.
1152 2507 1208 2550 19,
1233 2508 1290 2541 57.
1317 2520 1382 2552 quo
1402 2507 1489 2540 mihi

97 2568 278 2612 indignius
302 2569 440 2601 videtur
464 2569 693 2604 obtrectatum
722 2582 792 2604 esse
820 2570 986 2612 Gabinio,
1013 2581 1056 2603 ne
1081 2571 1322 2613 legaretur
1348 2570 1389 2601 A.
1415 2568 1487 2601 Ga-

97 2628 209 2661 binius
237 2628 398 2672 Pompeio
425 2633 597 2674 expetenti
622 2644 664 2665 uc
685 2631 886 2676 postulanti.
915 2630 1002 2665 vell.
1025 2631 1078 2672 11,
1103 2629 1160 2664 32.
1195 2629 1376 2673 Pompeius
1397 2629 1487 2662 mul-

96 2689 142 2722 tis
167 2694 201 2722 et
222 2690 419 2733 praeclaris
443 2692 525 2724 viris
561 2693 607 2725 in
641 2692 685 2726 id
716 2693 881 2725 bellum
915 2691 1163 2734 assumptis
1197 2690 1291 2724 brevi
1316 2695 1488 2723 terrarum

96 2749 211 2783 orbem
229 2750 409 2791 liberavit,
434 2751 456 2784 i.
476 2763 506 2785 e.
525 2764 611 2796 quos
628 2753 695 2787 sibi
713 2754 903 2799 legaverat.
952 2751 1062 2785 Nihili
1079 2755 1131 2784 est
1151 2750 1260 2795 igitur
1277 2750 1368 2794 quod
1388 2747 1491 2783 multi

167 2821 221 2865 Il.
294 2836 295 2840 ¹
1145 2821 1205 2865 ll
