1630 3034
506 190 870 234 IUGURTHA.
933 188 1070 233 CAP.
1099 188 1152 232 Π.
1499 195 1528 234 9

274 309 331 354 11.
401 291 518 353 Nam
555 307 618 352 uti
661 322 803 367 genus
845 304 1077 350 hominum
1116 307 1417 367 compositum
1462 281 1529 351 est

139 422 193 453 ex
248 420 444 467 corpore
499 413 544 450 et
597 404 767 460 anima,
821 403 883 450 ita
936 419 1008 449 res
1059 410 1244 449 cunctae
1294 404 1529 463 studiaque

232 661 277 696 Π.
325 663 359 704 §-
381 661 415 696 1.
462 671 573 706 genus
596 659 793 705 hominum]
817 660 870 695 Ita
891 662 986 695 recte
1007 660 1153 705 plurimi
1177 660 1277 697 codd.
1309 661 1378 695 Sed
1399 662 1478 695 Bas.
1495 661 1531 696 1.

140 732 189 759 m.
212 733 248 766 p.
272 722 380 756 Fabr.
404 722 437 755 1.
473 721 591 755 Guelf.
616 722 650 756 9.
674 722 761 756 Tur.
786 722 818 757 1.
843 722 949 755 Ber-n.
973 721 1005 754 1.
1037 721 1129 767 Teg.
1153 722 1249 756 Leid.
1275 723 1318 756 Κ.
1343 722 1532 756 Einsiedel.

139 794 252 829 genus
286 783 475 816 humanum
505 782 658 823 hahent,
690 782 783 826 quod
806 793 907 816 sensu
934 783 1096 825 paullum
1119 782 1301 826 discrepat.
1347 783 1438 817 Nam
1469 795 1533 828 ge-

140 855 206 877 nus
239 844 416 877 hominum
448 843 624 888 significat
657 843 714 884 id,
753 854 822 886 quo
854 842 1038 876 hominum
1067 843 1209 886 propria
1240 849 1367 878 natura
1389 848 1535 886 constat,

140 915 253 949 genus
275 905 464 937 humanum
489 915 608 937 omnes
631 903 790 937 homines
814 903 850 937 in
873 915 980 937 unum
1005 903 1103 947 quasi
1127 904 1397 946 comprehendit.
1445 904 1536 937 lllud

139 964 226 998 huic
249 965 328 998 loco
352 964 453 998 unice
476 964 653 1005 convenit3
679 976 787 1007 quare
810 975 935 1007 parum
959 963 1116 997 veritatis
1139 964 1246 997 habet
1265 964 1448 998 Gerlachii
1471 965 1533 997 ob-

140 1025 306 1067 servatio,
330 1025 688 1069 circumscriptionem
712 1025 884 1068 poeticam
903 1036 987 1058 esse.
1009 1043 1055 1049 —
1080 1024 1308 1068 Compositum
1329 1031 1378 1058 est
1401 1036 1441 1058 ex
1461 1037 1537 1058 cor-

141 1097 226 1132 pore
256 1091 291 1121 et
325 1086 458 1121 anima.
503 1087 609 1119 Hunc
642 1086 830 1119 verborum
862 1085 1043 1125 ordinem,
1075 1085 1135 1128 qui
1166 1089 1247 1118 ante
1273 1085 1432 1118 Cortium
1458 1085 1538 1118 vul-

143 1151 248 1193 gatus
280 1147 371 1188 fuit,
406 1146 616 1180 Gerlachius
648 1147 693 1180 ob
726 1146 957 1190 plurimorum
981 1145 1079 1181 codd.
1104 1156 1308 1178 consensum
1333 1145 1458 1179 merito
1483 1156 1540 1178 re-

145 1207 253 1241 duxit.
278 1206 370 1241 »Sed
403 1218 473 1240 non
503 1206 618 1239 minus
651 1206 848 1240 defenditur
879 1205 1096 1249 sequentium
1125 1206 1374 1240 sententiarum
1406 1206 1538 1249 ordine,

145 1266 207 1310 qui
237 1277 298 1309 per
331 1269 443 1300 totum
472 1271 576 1310 caput
600 1267 832 1310 aequabiliter
862 1267 912 1301 ita
935 1267 1113 1301 institutus
1136 1270 1205 1308 est,
1237 1271 1294 1308 ut,
1329 1278 1437 1311 quum
1461 1268 1539 1300 luce

145 1327 275 1361 clarius
297 1327 354 1369 sit,
381 1338 461 1361 eum
487 1327 532 1360 ab
556 1327 655 1361 initio
681 1328 803 1372 capitis
826 1328 987 1372 pendere,
1011 1327 1165 1361 dubitari
1187 1332 1333 1370 nequeat
1361 1328 1443 1371 quin
1466 1327 1538 1361 iam

147 1388 262 1432 primo
296 1388 375 1422 loco
407 1398 527 1431 corpus
559 1388 786 1431 praecesserit
818 1389 983 1421 animam.
1038 1389 1084 1421 cf.
1125 1388 1256 1421 similes
1289 1388 1539 1421 sententiarum

149 1446 461 1489 conformationes,
499 1449 606 1482 Catil.
630 1450 658 1490 1,
683 1449 717 1482 2.
759 1449 847 1482 Veli.
872 1450 916 1488 ΙΙ,
941 1447 999 1489 49,
1024 1448 1058 1481 3.
1106 1448 1175 1482 Sed
1198 1449 1305 1482 Fabr.
1331 1449 1364 1482 1.
1406 1451 1476 1483 lnc.
1504 1450 1539 1486 1.

148 1506 257 1541 Acad.
279 1507 404 1541 Heuss.
430 1508 509 1542 Sen.
533 1509 567 1542 2.
600 1510 727 1543 Franc.
753 1510 870 1543 Guelf.
893 1509 927 1542 2.
953 1509 986 1542 4.
1012 1507 1046 1542 7.
1079 1507 1166 1541 Tur.
1193 1508 1224 1543 1.
1255 1509 1353 1543 Leid.
1380 1510 1421 1545 A.
1453 1512 1539 1546 Ven.

147 1568 182 1602 2.
206 1567 239 1601 3.
273 1567 447 1602 inversum
471 1573 587 1604 tenent
610 1570 786 1613 ordinem,
812 1570 953 1610 Cor-tio,
977 1569 1111 1602 scilicet
1133 1569 1178 1602 ob
1201 1569 1433 1614 elegantiam,
1458 1583 1541 1616 pro-

148 1628 290 1669 batum3
323 1629 416 1671 quod
441 1630 508 1663 viri
532 1630 722 1675 iudicium,
755 1631 893 1675 quidvis
915 1630 1030 1674 Potius
1053 1630 1297 1674 intelligentis,
1329 1642 1434 1674 quam
1458 1631 1541 1675 quid

149 1689 290 1734 elegans
313 1694 400 1724 esset
423 1694 457 1725 et
480 1697 679 1732 venustum,
706 1691 880 1725 neminem
904 1692 1052 1725 debebat
1075 1702 1098 1724 a
1121 1695 1218 1725 recto
1243 1691 1426 1726 abducere.
1472 1693 1543 1726 Pa-

149 1752 199 1784 tet
229 1749 322 1783 enim
354 1751 488 1786 scribas
516 1753 689 1798 religione
722 1757 836 1787 motos
867 1752 976 1785 verba
998 1752 1268 1794 transposuisse,
1300 1763 1344 1785 ne
1367 1752 1484 1786 animo
1504 1753 1543 1787 iu

148 1809 319 1844 divisione
348 1813 517 1846 secundus
539 1814 637 1847 locus
661 1818 761 1849 esset.
809 1814 972 1848 Ceterum
997 1817 1046 1846 est
1071 1812 1210 1845 Cottius
1234 1812 1380 1853 delevit,
1417 1812 1543 1846 Gerla-

150 1870 250 1904 chius
282 1875 360 1915 post
383 1874 502 1907 am'ma
526 1875 730 1917 collocavit,
768 1868 830 1908 ub'i
852 1872 997 1919 plurimi
1031 1872 1130 1907 codd.
1155 1872 1298 1906 habent.
1345 1872 1414 1906 Sed
1439 1873 1545 1906 istum

150 1931 268 1964 locum
292 1932 391 1966 exilis
415 1934 559 1975 vocula,
584 1944 606 1967 a
627 1934 812 1978 participio
835 1946 899 1968 suo
923 1944 1029 1978 supra
1052 1933 1195 1966 modum
1220 1937 1374 1974 remota,
1398 1934 1546 1977 pessime

151 1992 304 2033 obtinet3
339 2004 448 2036 quare
478 2005 546 2026 non
575 1994 736 2028 dubitavi
761 1998 840 2038 post
862 1995 1083 2039 compositum
1107 1994 1306 2034 retrahere,
1339 1994 1389 2027 uti
1416 1993 1547 2038 legitur

152 2051 189 2086 in
213 2052 311 2086 Leid.
334 2054 373 2089 C.
399 2055 442 2087 D.
467 2054 518 2088 M.
543 2058 576 2088 et
599 2055 695 2088 haud
720 2055 825 2088 dubie
850 2055 956 2088 etiam
981 2055 1017 2088 in
1041 2054 1203 2089 Guelm.
1225 2054 1351 2087 Franc.
1368 2058 1402 2086 et
1417 2054 1547 2087 Yenfl.

155 2113 264 2147 Valde
284 2117 338 2147 est
359 2113 451 2147 enim
474 2115 672 2158 probabile,
697 2119 839 2159 propter
861 2114 1074 2148 vicinitatem
1101 2127 1141 2148 ca:
1164 2114 1261 2148 vocis
1285 2114 1466 2147 evanuisse
1485 2119 1548 2156 est,

154 2176 195 2206 ut
216 2184 340 2207 revera
363 2174 458 2206 deest
480 2175 516 2206 in
540 2175 617 2207 Vat.
642 2175 700 2216 6.‚
726 2187 768 2209 ac
791 2179 911 2218 postea
930 2186 952 2208 a
975 2175 1098 2208 scribis
1122 2174 1158 2208 in
1181 2175 1250 2208 fine
1271 2174 1419 2216 protasis
1442 2174 1552 2207 fuisse

157 2232 328 2268 additum.
374 2234 505 2266 Parum
530 2234 715 2277 prudenter
738 2234 848 2278 igitur
872 2234 1081 2268 Gerlachius
1106 2234 1142 2267 in
1173 2234 1380 2268 Commentt.
1405 2246 1441 2278 p.
1467 2234 1549 2268 215.

157 2294 260 2338 plane
283 2293 319 2327 id
344 2294 464 2327 abesse
486 2294 582 2334 vult3
606 2295 666 2327 sed
690 2300 832 2338 postea,
856 2301 895 2329 ut
914 2301 965 2329 est
988 2295 1054 2328 sibi
1079 2306 1206 2339 parum
1229 2299 1409 2334 constans,
1435 2295 1471 2328 in
1496 2295 1551 2331 ed.

159 2354 245 2387 min.
268 2354 423 2388 retinuit.
447 2373 490 2379 —
518 2355 645 2388 Anima
668 2355 854 2390 Sallustius
878 2357 1001 2389 eodem
1024 2367 1126 2390 sensu
1150 2361 1254 2399 atque
1273 2357 1409 2389 animus
1425 2355 1552 2389 dixisse

158 2415 271 2449 videri
305 2415 438 2458 possit,
476 2414 593 2458 itaque
617 2416 756 2449 Cortius
788 2416 1019 2459 pronunciat,
1051 2416 1244 2460 repetitque
1267 2416 1434 2461 bangius.
1483 2416 1553 2450 Sed

160 2477 297 2509 animus
321 2475 492 2509 latissimo
516 2487 616 2509 sensu
640 2487 708 2510 non
732 2477 848 2510 solum
871 2476 1040 2509 sentiendi
1063 2476 1317 2520 appetendique
1336 2478 1552 2520 facultatem,

161 2540 200 2571 ut
222 2537 379 2581 Herzog.
405 2536 528 2570 statuit
551 2537 595 2570 ad
620 2537 718 2571 Caes.
741 2537 785 2572 B.
813 2539 859 2572 G.
881 2538 910 2579 1,
938 2537 1010 2576 10„
1044 2537 1103 2570 sed
1138 2536 1247 2570 etiam
1279 2538 1457 2583 cogitandi
1480 2537 1554 2570 vim

161 2596 431 2640 complectitur,
462 2597 581 2630 anima‘
604 2608 688 2630 vero
714 2596 736 2630 i.
759 2609 789 2631 e.
821 2600 926 2643 ψυχῇ
957 2596 1174 2641 significatur
1196 2597 1252 2640 id,
1287 2599 1378 2642 quod
1402 2602 1554 2631 mentem

162 2660 199 2690 et
232 2667 359 2700 corpus
391 2656 561 2698 continet,
593 2660 633 2690 nt
655 2656 776 2691 vivere
800 2668 841 2691 ac
864 2658 984 2702 vigere
1004 2658 1130 2702 possit3
1162 2670 1273 2702 neque
1303 2658 1399 2693 aliud
1423 2658 1555 2692 Nonius

163 2716 303 2750 videtur
326 2717 501 2758 voluisse,
526 2717 586 2761 qui
611 2718 651 2760 V,
676 2717 734 2752 20.
770 2719 940 2760 animo,
964 2718 1093 2762 inquit,
1118 2720 1292 2763 sapimus,
1324 2719 1478 2752 anima
1502 2720 1555 2752 υἰ-

165 2776 288 2811 vimus.
335 2777 442 2810 Haud
475 2789 556 2812 raro
591 2782 710 2813 autem
743 2780 882 2821 anima,
918 2779 953 2814 in
986 2791 1056 2824 qua
1079 2779 1188 2815 animi
1212 2780 1306 2815 vires
1328 2778 1465 2821 insunt,
1500 2791 1556 2814 ur>-
