1630 3034
338 153 691 197 IUGURTHA.
743 154 869 197 CAP.
901 155 1054 198 CXIV.
1301 163 1384 206 607

15 272 155 317 Gallis
207 287 291 332 pro
349 272 512 331 salute,
569 287 658 316 non
702 287 787 331 pro
838 272 983 332 gloria
1030 277 1211 319 certare.
1291 274 1421 320 Sada

9 374 249 429 postquam
293 369 459 412 bellum
495 369 540 412 in
574 369 782 412 Numidia
819 370 1095 425 confectum,
1143 377 1188 414 et
1220 370 1383 431 Iugur-

9 465 133 508 tham
181 465 375 508 vinctum
421 465 583 508 adduci
626 465 819 509 Romam
848 467 1098 510 nunciatum
1144 473 1239 524 est,
1275 467 1381 512 Ma—

6 561 95 605 rius
141 562 296 605 consul
343 562 503 606 absens
557 562 716 620 factus,
765 568 809 607 et
848 564 888 614 ej
933 563 1112 606 decreta
1150 565 1381 623 provincia

5 671 160 715 epitheto
184 671 277 706 vocis
299 673 448 706 Romam·
465 672 587 706 haberi
607 671 748 716 possint,
773 673 830 705 sed
855 678 986 717 tempus
1010 673 1198 719 designent,
1222 686 1289 708 non
1312 675 1384 710 dif-

3 732 95 766 nuile
119 736 170 767 cst
192 733 235 766 atl
260 733 467 775 videndum,
500 733 607 767 aliam
640 732 866 776 praecessisse
900 734 1058 776 temporis
1081 735 1381 779 significationem,

1 792 52 827 ita
76 798 114 826 ut
139 798 284 836 utraque
307 793 478 837 pertineat
500 793 542 827 ad
568 793 675 826 verba
700 793 850 826 Romani
879 795 926 827 sic
950 795 1112 828 habuere·
1159 795 1250 837 Quid
1274 807 1381 839 quae-

0 853 73 887 ris?
105 853 291 888 Sallustius
326 854 480 898 scripsit:
516 855 671 898 ibique
702 858 735 887 et
768 853 848 887 inde
879 866 984 899 usque
1008 856 1055 887 ad
1079 859 1231 888 nostram
1255 867 1378 890 memo-

0 915 90 947 riam
114 918 200 956 etc.‚
226 912 249 948 i.
276 926 307 947 e.
336 919 370 948 et
394 921 484 956 tum,
516 913 578 948 ubi
601 910 795 958 periculum
819 915 988 959 urgebat,
1022 919 1057 948 et
1077 926 1140 958 per
1163 921 1272 950 totum
1295 919 1379 951 reli-

0 986 97 1008 cuum
121 979 266 1019 tempus‚
290 986 379 1018 quae
399 975 547 1009 mutatio
565 975 900 1008 commendationem
925 980 1101 1008 externam
1126 987 1262 1020 quoque
1285 977 1377 1011 hanc

0 1034 122 1076 habet,
153 1036 244 1078 quod
276 1034 312 1068 in
343 1036 461 1069 Berol.
487 1036 521 1069 2.
553 1041 615 1079 p'ro
644 1037 761 1080 illique
784 1039 893 1070 exstat
916 1037 1040 1080 illoque
1063 1037 1226 1080 tempore,
1251 1038 1376 1081 quibus

0 1095 112 1129 verbis
137 1099 232 1139 patet
253 1106 321 1129 non
344 1097 484 1141 illique,
516 1097 575 1130 sed
607 1098 720 1142 ibique
748 1096 927 1141 explicari.
973 1095 1065 1130 Satis
1089 1089 1287 1140 frequenter
1312 1110 1375 1133 au-

0 1159 67 1190 tem
90 1157 139 1190 ibi
163 1156 331 1200 temporis
353 1161 525 1201 potestate
549 1159 643 1192 valet
668 1163 764 1198 tum,·
788 1157 832 1191 cf.
857 1154 1109 1189 Drakenborch
1132 1158 1175 1191 ad
1200 1158 1275 1194 Liv.
1302 1161 1374 1201 Vll,

0 1216 63 1258 23,
86 1216 120 1254 4.
143 1217 187 1251 ml
211 1217 263 1260 11,
288 1217 329 1260 5,
357 1219 388 1252 1.
413 1218 473 1261 qui
497 1219 592 1252 locus
615 1230 656 1253 eo
681 1229 817 1262 quoque
840 1215 1003 1250 notabilis
1030 1220 1104 1258 est,
1129 1218 1221 1260 quod
1245 1220 1375 1262 pariter

0 1278 48 1312 illi
77 1282 112 1312 et
145 1278 193 1312 ibi
224 1289 324 1312 voces
358 1280 523 1314 confusae
552 1283 649 1322 sunt3
681 1280 808 1313 Duker.
841 1275 886 1310 ad
917 1275 993 1309 Liv.
1024 1276 1068 1316 11,
1101 1276 1157 1320 35,
1188 1278 1219 1311 2.
1247 1281 1374 1313 Ruhn-

0 1338 71 1371 ken.
95 1338 139 1372 ad
162 1337 246 1373 Ter.
271 1339 376 1373 Andr.
403 1341 431 1382 1,
455 1340 488 1383 1,
508 1339 565 1376 79.
589 1360 632 1365 -
659 1340 715 1374 Sic
740 1340 910 1379 habuere,
937 1337 959 1370 i.
992 1347 1022 1369 e.
1048 1335 1083 1369 in
1108 1348 1150 1372 ea
1173 1338 1272 1372 fuere
1295 1351 1374 1373 sen-

0 1399 119 1441 tentia,
149 1400 200 1433 sic
232 1406 427 1443 seneen-unm
473 1402 519 1435 cf.
552 1402 636 1436 Cato
668 1402 710 1434 de
740 1402 785 1435 R.
819 1401 866 1433 R.
901 1398 1011 1441 praef.
1079 1398 1232 1432 Maiores
1262 1401 1372 1434 nostra·

0 1460 56 1493 iic
90 1460 372 1503 habuerunt,
404 1467 438 1496 et
472 1462 524 1496 ita
556 1463 593 1496 in
627 1463 759 1507 legibus
780 1462 986 1506 posuerunt,
1013 1461 1131 1502 furem
1162 1459 1259 1504 dupli
1283 1472 1369 1494 con-

0 1521 170 1562 iemmzri,
203 1524 462 1565 foeneratorem
510 1521 706 1567 quadrupli.
770 1521 842 1555 Cic.
887 1522 973 1564 Epp.
1015 1520 1059 1553 ad
1098 1520 1236 1556 Famm.
1278 1522 1370 1563 XVI,

0 1581 24 1624 Ι,
59 1581 94 1617 8.
142 1583 212 1616 sic
246 1583 433 1624 habeto,
464 1583 512 1616 mi
550 1584 642 1624 Tiro,
674 1583 841 1616 neminem
875 1593 946 1615 esse
980 1581 1038 1624 qui
1070 1591 1124 1614 me
1156 1587 1261 1624 amet,
1286 1583 1369 1627 quin

0 1643 80 1676 &dem
104 1647 138 1676 te
162 1648 265 1676 amet.
291 1643 338 1676 ib.
363 1644 406 1685 ll,
432 1644 488 1685 10,
512 1644 544 1676 2.
569 1663 614 1669 -
639 1644 752 1678 Prona
775 1643 798 1676 i.
823 1654 852 1676 e.
872 1642 1022 1686 sacilia;
1046 1652 1078 1673 v.
1102 1641 1146 1674 ad
1169 1653 1199 1675 c.
1225 1643 1366 1684 LXXX,

0 1702 23 1736 l.
49 1721 90 1728 —
125 1703 196 1736 Pro
229 1709 382 1745 certare,
418 1705 508 1748 quod
532 1705 637 1750 longe
660 1704 803 1748 plurimi
829 1702 1020 1747 optimique
1045 1701 1142 1735 codd.
1167 1705 1305 1746 tenent,
1330 1703 1366 1737 in

0 1761 111 1796 :eteris
142 1767 194 1797 est
226 1765 369 1806 certari,
403 1769 440 1798 ut
464 1765 569 1799 etiam
594 1766 779 1800 Diomedes
804 1765 866 1799 lib.
890 1764 915 1797 l.
940 1775 973 1807 p.
1000 1762 1080 1795 394.
1105 1762 1247 1795 Puta—h.
1270 1763 1366 1796 hunc

2 1835 103 1857 ocum
129 1825 271 1859 laudans
295 1826 410 1859 refert.
458 1826 561 1869 Quod
591 1837 800 1870 quamquam
838 1824 1092 1869 quodammodo
1125 1822 1210 1856 ferri
1239 1827 1364 1867 potest,

4 1896 104 1919 amen
127 1887 300 1930 generalis
323 1887 490 1920 sententia
515 1888 627 1921 miuus
651 1892 734 1930 apta
757 1891 826 1928 est,
858 1885 918 1919 ubi
943 1888 1035 1929 patet
1060 1884 1238 1917 Romanos
1262 1885 1304 1918 de
1326 1895 1364 1919 se

0 1945 66 1978 *olis
90 1946 197 1989 loqui.
245 1947 362 1989 Quare
384 1947 587 1980 Diomedem
613 1950 697 1991 puto
720 1947 776 1979 vel
806 1946 930 1980 vitioso
961 1943 1149 1986 exemplari
1182 1944 1362 1987 deceptum

0 2005 112 2047 'ui-sse,
146 2006 201 2038 vel
233 2008 437 2041 memoriter
468 2008 557 2041 haec
589 2007 697 2040 rerba
729 2007 929 2040 laudantem
961 2004 1107 2038 invitum
1133 2014 1173 2037 ea
1197 2007 1363 2047 mutasse,

0 2065 77 2107 [uod
102 2076 142 2098 co
169 2066 385 2109 probabilius
410 2072 472 2111 est,
496 2080 601 2112 quum
627 2067 733 2101 etiam
759 2068 801 2100 tle
825 2067 946 2107 salute,
973 2066 1015 2098 de
1038 2064 1152 2109 gloria
1176 2064 1363 2109 scripserit,

0 2136 55 2157 uon
77 2136 138 2169 pro
163 2127 285 2169 salute,
307 2140 370 2172 pro
394 2129 530 2173 gloria,
556 2133 593 2162 ut
617 2139 733 2161 omncs
757 2127 852 2161 codd.
878 2127 951 2159 sine
974 2126 1046 2158 ulla
1072 2125 1238 2159 varietate
1261 2125 1362 2159 exhi-

0 2190 76 2220 neat.
125 2188 196 2220 Cur
219 2190 354 2222 scribac
379 2195 493 2222 autcm
521 2193 651 2222 certare
675 2189 710 2222 in
735 2189 862 2222 certari
886 2190 1076 2226 mutarent,
1102 2185 1175 2219 eius
1200 2186 1249 2219 rei
1274 2187 1363 2220 haec

0 2257 106 2280 :aussa
132 2248 216 2290 suit,
250 2249 341 2292 quod
367 2249 557 2284 subiectum
583 2250 698 2283 deesse
722 2250 908 2293 putabant,
944 2247 1132 2281 nescientes
1156 2257 1196 2279 ex
1221 2257 1359 2290 pracce-

0 2308 85 2342 lente
112 2310 316 2352 pronomine
349 2323 432 2344 suae
468 2310 572 2343 facile
602 2322 638 2344 se
665 2309 836 2353 supplcri3
870 2320 903 2344 v.
931 2308 973 2341 ad
1000 2320 1029 2341 c.
1055 2305 1214 2350 LXXVl‚
1240 2307 1273 2340 l·
1299 2307 1359 2341 ubi

0 2368 105 2401 rodem
130 2370 232 2411 plane
255 2371 358 2404 modo
383 2375 561 2414 peccatum
585 2374 646 2403 cst.
713 2370 764 2403 Ad
788 2368 990 2404 sententiam
1016 2368 1125 2409 ipsam
1150 2367 1194 2400 cf.
1221 2367 1293 2401 Cic.
1317 2368 1360 2402 de

0 2428 57 2464 ΠΥ.
89 2429 115 2471 1,
151 2430 206 2470 12,
236 2429 294 2463 38.
344 2431 427 2463 Cum
461 2429 603 2463 Cimbris
637 2430 773 2472 bellum,
805 2435 843 2464 ut
876 2440 951 2462 cum
980 2428 1135 2469 inimicis,
1159 2431 1358 2473 gerebatur,

0 2494 62 2523 :ter
89 2496 224 2531 esset,
249 2502 317 2524 non
340 2495 416 2523 uter
440 2490 704 2533 imperaret.
753 2490 873 2533 Neque
896 2490 937 2523 ud
964 2489 1070 2522 alium
1094 2499 1167 2520 rem
1191 2492 1356 2532 spectant,

0 2560 72 2593 [uae
95 2550 280 2584 Sallustius
305 2550 379 2584 Cat.
405 2550 496 2591 Llll‚
521 2547 554 2583 3.
580 2551 620 2583 (le
644 2551 827 2584 Gallorum
851 2549 980 2585 virtute
1002 2547 1178 2583 iudicavit.

74 2612 108 2653 ἓ.
133 2611 166 2644 3.
191 2615 227 2644 et
251 2611 283 2644 4.
308 2611 422 2644 consul
446 2611 565 2644 absens
581 2606 736 2655 sactus]
771 2612 808 2644 ld
832 2611 1007 2644 insolitum
1032 2608 1116 2651 suit,
1148 2612 1181 2642 ct
1212 2607 1357 2653 insignis

1 2670 114 2704 aroris
134 2682 174 2705 ac
197 2670 344 2705 fiduciae
366 2671 402 2704 in
425 2671 538 2705 Mario
562 2670 693 2714 positae
717 2671 980 2711 documentum3
1013 2668 1162 2703 absentis
1196 2669 1286 2702 enim
1321 2670 1371 2715 in,

0 2731 134 2765 omitiis
157 2732 248 2766 ratio
272 2742 339 2766 non
363 2732 575 2772 habebatur,
600 2732 643 2765 cl'.
669 2732 765 2765 Caes.
793 2732 836 2767 Β.
860 2733 896 2767 C.
921 2733 956 2773 1,
980 2730 1022 2773 9,
1050 2730 1082 2766 2.
1109 2733 1143 2763 ct
1167 2729 1210 2763 de
1232 2730 1355 2763 eadem
