1630 3034
491 151 848 223 IUGURTHA.
915 154 1043 198 CAP.
1075 155 1188 200 LXI.
1433 161 1518 202 325

135 276 275 327 tuere,
309 269 442 330 pauci
469 269 656 330 integri,
684 284 848 330 magna
881 285 986 330 pars
1023 272 1214 316 confecti
1249 272 1514 333 volneribus,

134 367 314 414 abeunt.
385 366 589 426 Denique
625 367 846 428 utrimque
881 368 1102 428 proelium
1139 384 1228 413 nox
1262 369 1451 416 diremit.
1526 373 1551 412 8

268 463 388 509 LXI.
459 463 671 508 Metellus
716 469 956 525 postquam
1010 464 1132 509 videt
1185 465 1348 510 frustra
1390 467 1515 512 ince-

131 566 281 621 ptum,
326 575 473 618 neque
519 559 736 620 oppidum
780 560 904 621 capi,
947 566 1096 620 nequ‘e
1130 561 1396 623 Iugurtham
1434 564 1515 609 nisi

129 673 187 703 ex
216 656 380 702 insidiis
422 661 500 720 aut
534 671 614 700 suo
651 657 753 701 loco
783 672 986 718 pugnam
1021 658 1196 716 facere,
1233 665 1278 703 et
1311 659 1399 703 iam
1434 675 1514 704 ae-

131 804 163 836 p.
197 792 331 829 Cluent.
363 805 394 828 c.
418 793 484 836 13,
511 792 567 828 38.
617 793 686 836 Qui
717 804 821 838 quum
855 805 986 829 unum
1017 794 1089 829 iam
1121 799 1164 829 et
1195 795 1390 830 alterum
1424 795 1516 829 diem

128 854 397 890 desideraretur.
420 854 509 898 Epp.
529 853 573 887 ad
595 852 702 888 Attio.
726 854 825 896 XlV,
848 853 908 890 18.
956 856 1137 891 Adductus
1159 867 1235 891 sum
1259 856 1330 890 tais
1353 861 1388 891 et
1410 856 1516 890 unis

129 919 173 949 et
207 916 382 950 alteris
407 915 544 950 litteris.
569 915 691 949 Horat.
719 914 795 952 Sat.
818 914 847 958 1,
871 915 905 959 6,
931 915 1009 951 101.
1056 917 1242 951 Ducendus
1266 921 1300 951 et
1323 928 1436 950 unus
1460 917 1516 952 Et

129 987 238 1010 comes
262 977 306 1010 al
320 982 408 1018 ter,
422 976 483 1018 ,uti
506 977 598 1010 solus
620 986 665 1009 ne
687 986 788 1010 rusve
809 986 1000 1022 peregreve
1025 979 1176 1013 Exirem.
1223 979 1276 1012 De
1300 977 1427 1021 plurali
1450 989 1515 1011 nu-

127 1047 225 1070 mero
247 1048 339 1070 unae
361 1036 459 1071 vocis
482 1047 516 1071 v,
542 1037 586 1070 ad
604 1037 681 1070 Cat.
704 1036 772 1080 VI,
798 1036 832 1072 2.
859 1054 902 1062 —
936 1038 1071 1082 Afflicti
1101 1050 1168 1073 non
1202 1041 1274 1080 est,
1308 1041 1346 1072 ut
1378 1038 1515 1073 Cottius

127 1096 398 1141 intorpretatur,
421 1097 459 1131 in
480 1101 612 1132 terram
632 1097 806 1142 prolapsi,
832 1097 892 1131 sed
915 1099 1031 1142 potius
1054 1099 1090 1132 oi
1114 1099 1238 1132 deiecti
1262 1104 1296 1133 et
1319 1100 1426 1144 gravi
1449 1101 1515 1133 im-

125 1164 209 1204 petu
227 1159 397 1204 prostrati
421 1169 462 1192 ac
486 1157 629 1199 contusi,
652 1168 721 1201 quo
744 1169 846 1191 sensu
869 1158 938 1192 hoc
961 1159 1171 1193 vocabulum
1194 1159 1391 1202 frequenter
1414 1171 1516 1194 usui·-

126 1221 203 1264 pari
227 1220 344 1255 docuit
364 1220 423 1254 Fr.
448 1217 646 1253 Gronon‘us
668 1218 705 1252 in
729 1217 829 1252 Obss.
854 1218 913 1261 lv,
936 1218 969 1252 8.
996 1231 1029 1263 p.
1051 1218 1131 1255 598.
1157 1219 1210 1254 ed.
1235 1219 1333 1264 Lips.
1357 1221 1403 1258 οἳ.
1423 1221 1516 1256 infra

127 1293 156 1315 c.
182 1281 239 1322 cl,
262 1280 319 1314 ll.
345 1280 418 1316 Cic.
443 1279 478 1313 in
501 1280 573 1314 Pis.
609 1291 638 1312 c.
662 1278 720 1320 38,
743 1277 801 1312 93.
840 1279 916 1314 Liv.
944 1279 1050 1321 XXI,
1075 1278 1133 1322 58,
1157 1279 1190 1314 3.
1215 1279 1332 1314 Tacit.
1356 1281 1446 1316 Ann.
1469 1280 1514 1324 ll,

126 1341 184 1383 17,
209 1341 242 1375 4.
269 1341 403 1375 Seneca
437 1340 479 1374 de
502 1340 560 1374 Ira
584 1339 619 1382 l,
644 1338 702 1373 16.
742 1339 903 1375 Lambin.
928 1343 963 1374 et
985 1340 1100 1373 Bentl.
1125 1339 1169 1373 ad
1193 1340 1282 1373 Hor.
1306 1339 1380 1374 Sat.
1408 1340 1453 1382 11,
1480 1340 1514 1381 2,

125 1401 182 1436 79.
205 1421 252 1428 -
274 1402 345 1436 Pro
369 1401 473 1435 ceteri
496 1411 581 1434 cave
604 1400 725 1434 credas
756 1406 946 1436 ceterorum
977 1400 1086 1435 fuisse
1119 1400 1323 1442 dicendum,
1356 1400 1439 1444 quia
1461 1412 1514 1435 se—

128 1462 248 1507 quitur
268 1462 430 1507 pauci—
446 1472 582 1506 magna
602 1472 710 1505 pars,·
733 1472 814 1495 nam
838 1472 975 1496 summa
998 1461 1187 1496 sententiae
1210 1472 1279 1495 non
1304 1461 1339 1495 in
1360 1462 1514 1506 partium

125 1522 399 1568 significatione,
423 1521 483 1556 sed
509 1521 544 1555 iu
570 1524 640 1555 toto
665 1520 774 1565 inest,
798 1533 906 1567 quare
929 1521 1170 1567 praedicatum
1194 1521 1237 1555 ad
1261 1522 1330 1556 hoc
1354 1521 1516 1565 pertinet,

125 1584 182 1618 cui
205 1588 323 1628 partes
345 1582 444 1627 quasi
468 1593 530 1626 per
555 1582 762 1627 epexegesin
785 1584 840 1618 vel
864 1582 1116 1628 oppositionem
1139 1582 1277 1617 additae
1307 1586 1397 1618 sunt.
1420 1583 1517 1617 Ean-

123 1646 203 1679 dem
226 1656 303 1679 rem
326 1644 398 1678 iam
423 1643 602 1688 tetigimus
624 1643 669 1677 ad
702 1655 733 1678 c.
757 1645 853 1687 XIX,
878 1645 911 1678 1.
945 1645 991 1678 cf.
1016 1644 1096 1678 XIV
1111 1669 1121 1687 ‚
1146 1643 1203 1678 15.
1252 1644 1400 1688 Affinis,
1426 1645 1516 1678 ami-

123 1718 200 1748 cos,
221 1706 430 1750 propinquos
453 1710 583 1738 ceteros
605 1707 699 1739 meos
722 1705 863 1739 alium
896 1706 998 1739 alia
1032 1706 1148 1739 clades
1175 1706 1354 1749 oppressit.
1391 1706 1514 1748 XLVI,

123 1767 158 1801 4.
190 1766 347 1812 Legatos
371 1765 513 1800 alium
537 1766 591 1799 ab
617 1765 711 1799 alio
735 1766 888 1800 divorsos
911 1765 1135 1811 aggreditur.
1160 1765 1263 1800 Catil.
1288 1767 1332 1806 11,
1356 1765 1391 1802 l.
1437 1766 1513 1800 Re-

121 1839 186 1874 ges
209 1827 338 1862 divorsi
358 1838 467 1872 pars
490 1827 691 1872 ingenium,
715 1827 803 1861 alii
827 1838 948 1872 corpus
971 1827 1184 1862 exercebant.
1207 1826 1298 1869 LXI,
1323 1825 1357 1860 8.
1407 1826 1513 1861 Multi

122 1889 297 1923 volventes
329 1888 470 1922 hostilia
503 1888 681 1922 cadavera
716 1888 863 1922 amicum
896 1887 1003 1930 alii,
1031 1898 1142 1932 pars
1167 1887 1334 1932 hospitem
1358 1887 1511 1921 invenie-

123 1950 218 1984 bant.
266 1949 386 1993 Quare
409 1959 491 1981 cum
515 1948 550 1983 in
582 1948 639 1983 his
663 1948 853 1982 sententiae
874 1947 966 1982 ratio
999 1946 1218 1992 genitivum,
1252 1959 1355 1991 quem
1380 1947 1512 1989 dicunt,

120 2008 327 2053 partitivum
350 2019 418 2042 non
443 2009 621 2052 patiatur,
643 2020 713 2042 uon
736 2008 993 2042 assentiendum
1017 2011 1068 2042 est
1090 2007 1229 2049 Fabro,
1252 2007 1313 2052 qui
1336 2007 1381 2042 ad
1405 2007 1511 2043 Catil.

120 2070 164 2111 11,
188 2069 221 2101 1.
246 2068 499 2102 nominativum
525 2070 570 2104 ad
604 2069 840 2103 Graecismum
872 2068 993 2102 refert.
1019 2088 1066 2093 —
1101 2069 1284 2112 Quoquo
1317 2068 1439 2109 modo,
1473 2071 1512 2102 ut

122 2129 260 2163 Cortius
292 2134 327 2164 et
359 2129 567 2164 Gerlachius
600 2130 840 2173 scripserunt,
880 2139 948 2163 non
990 2129 1103 2162 solum
1144 2128 1378 2173 plurimorum
1411 2129 1510 2163 codd.
1576 2144 1580 2145 ⁷

121 2189 328 2224 auctoritate
360 2194 592 2233 sustentatur,
623 2190 682 2224 sed
715 2201 838 2223 verum
869 2200 943 2223 esse
977 2188 1085 2222 etiam
1121 2200 1163 2223 ex
1197 2200 1238 2222 eo
1273 2188 1511 2234 cognoscitur,

120 2250 213 2294 quod
237 2250 273 2283 in
295 2250 372 2284 vin.
396 2249 429 2283 1.
455 2250 572 2284 Guelf.
596 2250 631 2284 7.
666 2254 701 2285 et
724 2249 861 2284 vratisl.
885 2249 920 2284 3.
955 2261 1037 2294 quo
1061 2250 1184 2291 modo,
1218 2249 1254 2283 in
1278 2250 1399 2286 Guelt'.
1422 2249 1456 2285 4.
1474 2254 1509 2285 et

119 2310 177 2344 10.
201 2322 377 2355 quoque
400 2311 502 2344 modo
524 2310 692 2354 scriptum
717 2315 789 2353 est,
812 2309 966 2345 librariis
989 2310 1118 2354 partim
1142 2310 1379 2355 geminatione
1401 2323 1509 2345 vocu-

119 2370 198 2411 lae,
229 2369 357 2414 partim
389 2371 593 2414 compendio
627 2371 800 2406 scribendi
834 2371 998 2415 deceptis.
1045 2372 1147 2415 Quod
1170 2371 1206 2405 in
1230 2372 1406 2415 prioribus
1429 2372 1506 2406 edd.

118 2431 286 2476 vulgatur
307 2443 372 2476 quo
395 2433 500 2477 quis
514 2443 598 2477 que
620 2434 739 2476 modo,
777 2443 990 2477 quamquam
1014 2432 1100 2465 ferri
1121 2435 1256 2477 potest,
1290 2431 1416 2467 idonea
1438 2432 1507 2466 fide

119 2494 227 2526 caret.
249 2511 295 2517 —
323 2492 396 2526 Pro
430 2493 577 2537 denique
607 2493 712 2528 multi
741 2493 840 2528 codd.
873 2493 1006 2527 habent
1027 2493 1174 2533 deinde,
1207 2493 1299 2536 quod
1323 2492 1407 2526 huic
1430 2493 1508 2527 loco

118 2551 215 2586 haud
248 2562 424 2596 quaquam
455 2555 757 2589 accommodatum
791 2565 866 2588 esse
896 2553 1010 2597 quivis
1041 2552 1147 2587 facile
1178 2552 1374 2599 intelliget,
1398 2564 1506 2597 quum

118 2611 176 2647 his
197 2613 313 2648 verbis
337 2626 476 2660 pugnae
506 2614 730 2660 descriptioni
753 2615 833 2649 finis
853 2613 1064 2658 imponatur.

211 2674 302 2709 Lxl.
325 2677 359 2718 §-
384 2676 416 2709 1.
464 2675 627 2709 Metellus
647 2679 830 2720 postquam
863 2675 960 2710 videt
983 2675 1076 2717 etc.]
1113 2673 1334 2708 Incommode
1358 2673 1394 2708 in
1427 2673 1504 2708 edd.

122 2744 260 2769 comma
292 2737 372 2779 post
402 2735 563 2771 Metellus
596 2735 746 2780 positum
769 2739 844 2778 est,
879 2746 948 2779 quo
978 2736 1216 2770 membrorum
1251 2734 1385 2779 periodi
1415 2733 1504 2770 ratio
