1630 3034
153 182 212 221 94
521 174 566 216 C.
601 172 924 215 SALLUSTI
954 170 1172 215 CRISH

121 293 337 340 2Deinde
393 291 569 349 utrique
617 291 739 333 curia
781 289 1086 350 egrediuntur.
1170 290 1360 335 Senatus
1404 293 1549 336 stat-im

159 389 416 434 consulitur.
499 387 717 432 Fautores
767 387 1022 446 legatorum
1042 420 1055 443 ‚
1105 393 1342 447 praeterea
1386 402 1550 448 magna

159 503 267 548 pars
304 485 450 546 gratia
480 484 751 544 depravata,
787 483 1059 527 Adherbalis
1097 483 1217 527 dicta
1253 490 1552 542 contemnere,

160 582 409 643 Iugurthae
449 583 657 625 virtutem
704 580 918 625 extollere
953 579 1184 633 laudibus3
1221 581 1396 640 gratia‚·
1425 596 1552 638 voce,

161 680 356 738 denique
394 678 597 722 omnibus
644 677 792 722 modis
836 692 922 736 pro
960 677 1104 720 alieno
1139 677 1308 721 scelere
1343 684 1388 721 et
1422 678 1554 738 flagi-

127 779 257 835 3tio‚
294 793 373 821 sua
422 776 549 834 quasi
596 789 683 834 pro
724 775 894 836 gloria,
939 774 1207 818 nitebantur.
1286 775 1349 819 At
1402 781 1557 819 contra

253 940 285 980 ς.
310 937 345 971 2.
394 947 533 981 magna
551 947 637 980 pars
668 936 793 981 gratia
818 935 1030 979 depravata]
1056 933 1142 966 Ante
1166 933 1361 967 Gruterum
1383 935 1559 979 vulgaba-

160 1004 220 1034 tm·
244 1011 260 1032 s
275 1003 448 1032 cuatus
477 1008 614 1042 magna
644 1008 730 1041 pars
754 1000 822 1030 etc.
870 996 963 1028 Eum
995 995 1030 1028 in
1065 995 1269 1038 expellendo
1291 1000 1433 1028 senatus
1455 1006 1558 1029 voca-

161 1061 250 1094 bulo
282 1063 376 1093 recte
409 1058 548 1092 eortius
579 1058 711 1101 aliique
743 1056 854 1090 secuti
876 1060 977 1097 sunt,
1003 1067 1110 1099 quum
1137 1055 1228 1089 absit
1251 1066 1272 1088 a
1304 1056 1430 1090 Nazar.
1455 1057 1558 1090 Rem.

161 1122 197 1155 1.
223 1121 322 1155 Leid.
346 1122 388 1154 A.
417 1120 462 1153 B.
493 1120 534 1153 C.
561 1120 606 1153 Κ.
638 1119 680 1153 Ν.
713 1118 857 1153 Balliol.
882 1118 926 1151 Β.
952 1116 1054 1151 Publ.
1092 1115 1256 1150 Aroudel.
1282 1117 1372 1160 Reg.
1398 1117 1509 1151 Laud.
1527 1118 1560 1151 1.

162 1182 196 1216 2.
220 1182 257 1216 3.
280 1181 401 1215 Berol.
422 1181 456 1214 2.
481 1180 594 1213 Paris.
616 1181 652 1213 b.
675 1191 704 1213 c.
727 1179 861 1212 dnobus
886 1177 996 1211 Cortii
1016 1176 1115 1209 codd.
1140 1177 1328 1210 Praeterea
1349 1177 1469 1211 varius
1488 1178 1563 1212 eius

163 1243 281 1284 locus,
310 1241 439 1285 qnippe
463 1240 497 1273 in
522 1241 628 1273 Fabr.
655 1241 688 1273 1.
722 1239 841 1273 Struv.
868 1238 963 1272 Leid.
988 1239 1032 1272 D.
1058 1239 1106 1271 H.
1130 1238 1181 1273 M.
1215 1242 1292 1281 post
1314 1249 1398 1282 pars
1420 1239 1562 1283 legitur,

162 1303 313 1337 ostendit
337 1302 577 1346 explicationis
610 1312 733 1336 caussa
756 1299 874 1333 versui
897 1299 1187 1342 superscriptum,
1219 1309 1325 1342 qnam
1357 1309 1433 1331 rem
1456 1303 1564 1332 testa-

163 1370 221 1398 tur
253 1364 365 1398 Paris.
390 1375 434 1404 z.‚
471 1361 507 1395 in
540 1362 615 1405 ipsa
649 1361 803 1395 auctoris
835 1361 947 1393 verba
978 1359 1170 1403 irrepsisse.
1219 1359 1320 1402 Quae
1349 1370 1565 1402 quamquam

163 1424 363 1458 certissima
384 1428 483 1467 sunt,
506 1423 558 1456 ita
583 1427 702 1456 tamen
730 1422 880 1455 fluctuat
905 1421 1088 1455 Gerlachii
1112 1421 1154 1453 de
1175 1421 1244 1453 hoc
1267 1420 1442 1454 vocabulo
1468 1420 1564 1454 iudi-

163 1486 272 1526 cium,
296 1489 347 1528 ut,
368 1485 491 1529 probet
523 1495 643 1524 necne,
676 1493 820 1526 prorsus
850 1481 995 1515 nesciat.
1021 1501 1069 1507 —
1092 1482 1163 1515 Pro
1198 1481 1394 1525 depravata
1428 1480 1567 1513 Curtius

163 1558 206 1580 ex
231 1557 300 1580 uno
325 1545 400 1578 cod.
433 1545 540 1577 Fabr.
565 1544 602 1577 2.
638 1542 778 1586 scripsit
812 1543 1023 1585 depravati,
1049 1552 1245 1585 provocans
1269 1540 1314 1574 ad
1338 1552 1370 1574 c.
1394 1541 1487 1583 xlv,
1510 1539 1566 1574 15.

162 1617 276 1651 pars
308 1606 345 1639 in
368 1617 502 1639 crucem
526 1605 633 1645 acti,
654 1613 740 1648 pars
765 1602 882 1635 bestiis
906 1602 1086 1636 obiecti
1120 1608 1246 1643 sunt,
1271 1601 1371 1635 etad
1395 1600 1566 1642 LXVIA.

163 1679 278 1713 pars
310 1666 466 1701 edocti
491 1666 534 1698 ab
559 1665 760 1703 nobilitate,
784 1662 907 1703 Lx‘ffl,
929 1661 964 1695 2.
998 1674 1134 1707 magna
1178 1673 1290 1706 pars
1323 1662 1568 1696 volnerati

166 1733 230 1762 aut
253 1727 417 1768 occisi,
440 1727 566 1770 quibus
582 1725 669 1759 locis
689 1723 770 1758 addi
791 1726 935 1767 possunt
956 1734 1046 1766 quae
1069 1723 1224 1767 plurima
1248 1721 1404 1756 eiusdem
1430 1722 1569 1767 generis

165 1788 341 1833 congessit
360 1787 624 1821 Drakenborch.
643 1786 687 1819 ad
709 1784 785 1818 Liv.
797 1783 941 1824 xxvn,
954 1784 987 1824 1,
1002 1783 1058 1818 12.
1084 1784 1205 1828 Quare
1221 1783 1324 1816 facile
1345 1782 1569 1816 concedimus

165 1849 372 1883 Sallustium
397 1849 447 1881 ita
465 1848 618 1881 scribere
641 1846 816 1891 potuisse3
839 1844 898 1877 sed
926 1855 1034 1887 quum
1058 1845 1208 1889 vulgata
1231 1844 1341 1887 proba
1366 1843 1435 1885 sit,
1461 1854 1570 1877 uuum

167 1911 297 1944 librum
321 1909 419 1953 sequi
442 1908 668 1942 temerarium
687 1908 788 1949 foret.
824 1907 941 1940 Minus
961 1905 1056 1939 valet
1080 1903 1265 1938 Gerlachii
1287 1903 1390 1947 ratio,
1410 1906 1571 1947 fautores

167 1983 236 2005 non
255 1971 326 2004 dici
347 1971 557 2015 depravatos
565 1982 578 2010 ‚-
602 1981 665 2013 per
682 1980 720 2004 se
740 1968 831 2002 enim
851 1966 940 2000 nihil
955 1967 1083 2014 obstat,
1112 1963 1300 2007 quominus
1320 1963 1427 1997 etiam
1446 1964 1570 2007 depra-
1614 1964 1617 1968 ’

167 2033 245 2067 vati
261 2032 305 2066 ad
325 2035 502 2066 senatores
521 2031 707 2071 referatur,
733 2041 843 2074 quum
863 2041 905 2063 ex
926 2026 1045 2061 verbis
1068 2030 1209 2059 senatus
1232 2024 1350 2058 statim
1372 2024 1571 2066 consulitur,

169 2098 203 2128 et
223 2094 378 2127 fautores
401 2096 435 2126 ct
454 2090 571 2135 gratia
587 2091 796 2134 depravatos
819 2091 855 2124 in
881 2094 1006 2124 senatu
1026 2086 1131 2120 fuisse
1149 2088 1334 2129 pateat.——
1349 2084 1572 2119 Contemnere

170 2155 208 2187 Ιι.
233 2154 257 2187 1.
281 2164 350 2186 non
375 2153 416 2186 (le
441 2163 543 2186 sensu
568 2147 788 2195 contemptus
812 2149 1079 2195 intelligendum
1103 2150 1167 2188 est,
1191 2145 1251 2179 sed
1275 2144 1453 2190 significat
1475 2156 1570 2179 oer—

172 2215 244 2248 bis
275 2213 529 2247 declarare
562 2224 667 2258 quam
699 2213 788 2246 vilia
822 2210 1036 2245 Adherbalis·
1064 2208 1161 2241 dicta
1195 2207 1386 2247 haberent,
1419 2205 1455 2240 id
1479 2206 1571 2249 quod

172 2278 268 2319 patet
301 2286 341 2308 ex
370 2273 529 2317 opposito
562 2274 724 2307 extollere
759 2272 934 2305 laudibus.
989 2271 1077 2313 Apte
1108 2269 1228 2302 Faber
1253 2267 1401 2301 contulit
1431 2266 1505 2301 Cic.
1537 2279 1572 2311 p.

172 2337 269 2370 Mur.
286 2335 320 2379 7,
339 2333 397 2369 15.
435 2333 771 2378 contempsisti
796 2333 836 2366 L.
868 2332 1037 2365 Murenae
1061 2341 1194 2376 genus,
1218 2329 1439 2364 extulisti
1464 2333 1572 2362 tuum.

175 2397 223 2431 id.
247 2398 291 2431 de
315 2397 414 2431 Orat.
437 2396 499 2436 111,
523 2394 580 2436 16,
607 2394 665 2427 59.
715 2394 852 2427 Inventi
875 2398 965 2433 sunt,
991 2391 1050 2436 qui
1075 2391 1164 2424 hauc
1190 2389 1329 2423 dicendi
1354 2389 1574 2422 exercitatio-

176 2469 255 2491 nem
281 2457 506 2501 exagitarent
532 2460 635 2500 atque
659 2452 1154 2487 contemnerent.——-Pro
1173 2452 1373 2485 nitebantur
1395 2449 1431 2482 in
1452 2447 1571 2482 Guelf.

177 2520 234 2553 11.
262 2530 302 2551 ex
328 2515 594 2559 interpolatione
626 2514 796 2557 scriptum
819 2517 871 2546 est
902 2513 992 2553 niti,
1027 2512 1162 2546 scilicet
1194 2517 1232 2544 ut
1254 2514 1429 2545 structum
1451 2508 1573 2542 eadem

178 2582 360 2618 manerem
394 2577 454 2610 sed
486 2587 519 2608 v.
546 2576 590 2610 ad
625 2576 702 2609 Cat.
726 2574 825 2616 ΧΠ,
849 2573 883 2606 2.
917 2584 952 2616 p.
977 2572 1035 2607 79.
1060 2574 1136 2618 lug.
1161 2573 1283 2614 XXX,
1308 2571 1344 2605 3.
1370 2570 1514 2611 Xxxll,
1537 2567 1573 2602 3.

181 2640 306 2681 mnu,
330 2637 364 2671 4.

273 2701 307 2741 §.
332 2698 412 2732 3——
431 2695 464 2730 5.
514 2700 551 2729 at
584 2695 726 2738 contra]
763 2694 840 2726 nm
872 2692 1062 2737 particulas
1095 2691 1298 2725 coniunctas
1328 2690 1400 2724 iam
1422 2688 1574 2733 legimu-

181 2758 257 2794 cat.
284 2770 313 2791 c.
339 2757 424 2798 xn,
449 2757 482 2790 5.
533 2757 662 2789 Contra
685 2759 802 2789 mitem
825 2752 1021 2788 accuratius
1045 2751 1229 2796 designare
1261 2749 1334 2784 vim
1359 2755 1396 2783 at
1422 2748 1573 2792 particu—
