1630 3034
480 171 821 213 CATILINA.
888 170 1022 212 CAP.
1044 170 1191 212 XLIV.
1439 174 1524 218 2⁰3

147 287 483 334 Crotoniensem
517 287 666 345 mittit,
698 287 762 330 uti
796 286 1072 346 Allobroges
1110 287 1232 346 prius
1266 301 1401 345 quam
1436 287 1524 332 ‹lo-

146 396 270 439 mum
305 384 546 440 pergerent
581 392 682 423 cum
721 377 942 432 Catilina,
973 378 1077 422 data
1114 386 1158 422 et
1192 384 1380 437 accepta
1414 379 1520 435 fide,

145 472 404 517 societatem
451 470 774 514 confirmarent.
843 470 946 528 Ipse
980 469 1216 514 Volturcio
1263 471 1428 514 litteras
1462 468 1563 515 ad4

146 561 382 607 Catilinam
417 560 508 616 dat,
543 576 730 619 quarum
756 561 1012 620 exemplum
1046 559 1162 603 infra
1197 561 1410 620 scriptum
1446 568 1522 607 est.

145 654 288 710 „Quis
325 653 421 710 sim,
457 667 513 696 ex
547 667 601 696 eo
638 667 773 711 quem
809 651 867 696 ad
902 657 947 696 te
981 652 1079 695 misi
1106 667 1364 712 cognosces.
1426 653 1524 698 Fac
1545 653 1573 696 5

143 744 318 805 cogites
341 744 386 788 in
408 750 572 802 quanta
608 744 855 789 calamitate
890 744 959 801 sis,
986 749 1030 788 et
1050 743 1298 791 memineris
1319 748 1364 788 te
1381 743 1525 788 virum

141 910 200 952 36,
223 910 282 945 99.
314 912 430 956 quita
452 911 525 952 vir,
551 915 586 945 et
608 916 758 956 quantus
776 911 933 956 fuisses?
965 910 1042 949 Liv.
1063 912 1092 953 1,
1120 911 1178 954 41,
1200 911 1234 947 3.
1266 912 1327 957 qni
1356 912 1423 954 sis,
1455 923 1525 946 mm

141 970 233 1003 unde
255 974 359 1003 natus
381 969 448 1009 sis,
473 972 617 1011 reputa,
640 969 701 1003 ubi
724 970 818 1005 male
842 970 977 1013 aliquot
999 969 1098 1004 codd.
1123 971 1197 1015 quis
1219 970 1278 1003 sis.
1324 968 1436 1004 Aliter
1453 973 1525 1003 sta-

140 1027 309 1060 tuendum
331 1026 469 1060 videtur
493 1025 536 1058 de
558 1024 652 1059 Livii
675 1027 751 1060 loco
773 1027 799 1068 1,
822 1027 856 1070 7,
875 1027 909 1062 9.
942 1028 1097 1072 rogitat,
1129 1028 1188 1072 qui
1210 1028 1265 1061 vir
1295 1026 1410 1061 esset?
1439 1037 1523 1060 nam

139 1095 230 1128 quae
262 1087 452 1128 sequuntur
484 1083 594 1116 verba
628 1084 687 1119 ubi
719 1096 841 1118 nomen
871 1089 1076 1130 patremque
1116 1097 1158 1119 ac
1195 1085 1350 1130 patriam
1392 1085 1524 1128 accepit

140 1142 303 1176 evincunt
325 1152 448 1175 verum
473 1151 548 1174 esse
582 1142 657 1184 quis
680 1142 753 1185 vir,
793 1142 886 1185 quod
909 1142 1009 1178 voss.
1030 1143 1063 1176 1.
1090 1146 1124 1176 et
1146 1142 1240 1176 Leid.
1260 1141 1294 1178 2.
1318 1145 1420 1175 tenet.
1465 1142 1521 1177 Ct‘.

141 1198 216 1232 Cic.
241 1199 283 1232 de
306 1198 403 1232 Orat.
423 1199 485 1239 111,
505 1197 564 1238 34,
582 1198 661 1232 137.
695 1200 769 1243 quis
794 1200 923 1233 doctior
946 1200 1015 1233 illis
1038 1200 1248 1243 temporibus
1265 1199 1381 1242 fuisse
1406 1199 1520 1234 tradi-

140 1261 217 1298 tur,
243 1268 345 1300 quam
371 1255 601 1290 Pisistratus?
633 1255 718 1290 ibid.
744 1259 775 1299 §.
797 1257 876 1292 139.
909 1258 985 1303 quis
1008 1258 1152 1291 Diouem
1183 1256 1346 1290 doctrinis
1370 1256 1524 1293 omnibus

141 1313 332 1357 expolivit?
355 1325 421 1346 uon
447 1313 574 1347 Plato?
606 1313 682 1347 Non
707 1319 758 1348 est
781 1314 891 1359 igitur
914 1314 1081 1356 dubium,
1106 1313 1189 1357 quin
1211 1317 1328 1347 nostro
1349 1313 1427 1347 loco
1460 1323 1526 1357 pa·-

139 1371 225 1405 ritcr
248 1376 286 1405 ut
307 1371 399 1416 apud
423 1370 495 1404 Cic.
519 1370 556 1404 in
578 1370 679 1404 Catil.
700 1371 760 1413 111,
782 1371 816 1413 5,
833 1372 888 1406 12.
920 1371 1141 1406 scribendum
1170 1370 1217 1404 sit
1238 1370 1313 1414 quis
1336 1371 1424 1409 sim5
1455 1381 1525 1404 nou

142 1428 236 1461 enim
259 1429 370 1462 alium
393 1428 500 1461 finem
525 1427 635 1461 verba
657 1427 807 1469 habent,
830 1439 939 1471 quam
962 1432 1001 1463 ut
1031 1440 1154 1463 nomen
1178 1431 1330 1473 tegatur.
1361 1428 1417 1463 Cf.
1440 1429 1524 1462 lah-

139 1472 255 1533 nium‘
274 1486 319 1519 aa
340 1486 428 1520 Hor.
453 1486 528 1520 Sat.
551 1485 580 1525 1,
599 1483 634 1525 4,
656 1484 714 1518 41.
749 1489 783 1519 et
818 1486 863 1518 aa
886 1486 986 1531 virg.
1015 1485 1213 1529 E01.1‚13.
1262 1486 1395 1522 Eodem
1418 1485 1524 1519 modo

139 1536 236 1585 apud¹
255 1542 425 1586 Nepotem
447 1542 620 1577 Themist.
645 1541 723 1585 c.8,
741 1541 775 1575 6.
801 1541 1045 1587 corrigendum
1069 1546 1143 1576 est:
1169 1543 1305 1577 domino
1330 1543 1433 1576 navis
1449 1543 1525 1587 quis

127 1600 186 1643 ‘sit
208 1601 335 1644 aperit5
357 1612 475 1634 sensus
498 1605 550 1634 est
573 1599 678 1642 enim,
701 1599 815 1644 aperit
838 1612 875 1634 se
898 1612 972 1634 esse
998 1601 1282 1642 Themistoclem3
1306 1611 1417 1644 neque
1432 1601 1526 1633 Her-

141 1656 264 1703 ‘zogins
287 1659 330 1693 ad
354 1659 452 1693 Caes.
478 1659 520 1693 B.
547 1659 591 1692 G.
623 1658 666 1699 11,
683 1657 717 1699 4,
738 1658 772 1691 1.
804 1657 964 1695 dubitare
995 1658 1160 1701 debebat,
1195 1669 1284 1703 quae
1307 1668 1329 1692 a
1359 1658 1419 1701 qm·
1440 1669 1525 1701 pro-

122 1707 299 1759 nomine,
332 1727 377 1750 an
409 1727 432 1749 a
463 1717 538 1760 quis
574 1715 770 1749 ducendum
804 1720 911 1758 esset,
944 1727 1052 1760 quum
1087 1717 1130 1750 de
1159 1716 1296 1750 nomine
1328 1715 1525 1750 civitatium

140 1773 262 1817 quaeri
284 1777 376 1807 recte
398 1773 561 1817 vidisset,
588 1772 626 1807 in
649 1773 773 1807 ceteris
805 1777 922 1807 tamen
944 1784 1069 1817 parum
1102 1777 1266 1808 accurate
1289 1773 1332 1809 de
1353 1773 1410 1807 his
1440 1785 1524 1817 pro-

138 1830 337 1864 nominibus
360 1831 589 1875 praecipiens.
637 1831 760 1866 Obiter
781 1831 972 1865 notandum
996 1834 1068 1873 est,
1093 1831 1295 1875 Zumptium
1328 1841 1440 1874 aeque
1468 1835 1524 1866 at-

138 1898 207 1931 que
228 1888 555 1922 Drakenborcliium
579 1889 623 1922 ad
646 1888 721 1923 Liv.
744 1888 802 1930 VI,
824 1888 882 1929 32,
902 1886 936 1922 5.
960 1888 1213 1932 interrogativa
1235 1888 1441 1933 pronomina
1464 1889 1524 1934 qui

139 1948 174 1978 et
204 1946 279 1990 quis
310 1945 458 1980 mirifice
487 1946 685 1979 confudisse
719 1957 800 1979 cum
832 1945 1019 1980 indefinitis
1050 1945 1205 1979 eiusdem
1247 1946 1407 1989 formae,
1434 1957 1524 1990 quae

139 2002 279 2046 quidem
300 2003 378 2047 ipsa
399 2004 488 2038 inter
512 2015 549 2037 se
571 2003 623 2037 ita
645 2003 829 2045 differunt,
846 2007 884 2037 ut
908 2004 983 2047 quis
1006 2003 1237 2045 substantive,
1267 2004 1327 2048 qui
1349 2004 1522 2038 adiective

139 2059 304 2104 ponatur,
321 2061 367 2095 cf.
389 2061 654 2096 Drakenborch.
678 2061 723 2094 ad
745 2061 822 2095 Liv.
833 2062 894 2102 111,
914 2060 1031 2102 10,7.‚
1052 2072 1264 2105 quamquam
1288 2060 1392 2095 multi
1414 2061 1520 2095 etiam

139 2115 220 2152 sunt
257 2117 347 2159 loci,
383 2119 445 2152 ubi
469 2119 528 2163 qui
557 2118 809 2151 substantivam
844 2122 1051 2161 potestatem
1082 2119 1210 2158 habet,
1243 2129 1277 2152 v.
1303 2118 1381 2153 Car.
1403 2118 1520 2152 Beier.

140 2176 185 2209 ad
209 2175 280 2209 Cic.
301 2176 373 2210 Off.
390 2176 418 2218 1,
433 2175 468 2217 7,
491 2175 548 2209 21.
583 2179 617 2209 et
641 2176 755 2209 Benu.
781 2177 826 2208 ad
850 2177 938 2210 Hor.
961 2176 1034 2210 Sat.
1059 2177 1087 2216 Ι,
1107 2175 1142 2216 6,
1164 2175 1221 2210 79.
1271 2175 1360 2209 Cum
1384 2177 1444 2220 qni
1465 2176 1520 2210 iu-

140 2233 239 2267 flnito
263 2238 378 2267 autem
403 2232 555 2267 conferri
578 2236 689 2275 potest
713 2233 840 2276 aliqui,
873 2233 915 2266 de
946 2244 1015 2276 quo
1045 2244 1080 2266 v.
1107 2233 1273 2265 Goerenz.
1310 2233 1355 2266 ad
1389 2233 1520 2268 Acadd.

140 2291 185 2332 11,
200 2289 258 2333 26,
275 2291 332 2325 86.
358 2294 392 2325 et
414 2290 528 2323 Beier.
555 2290 597 2323 ad
623 2290 695 2324 Oss'.
723 2291 751 2332 1,
772 2290 829 2332 31,
853 2291 888 2329 1,
911 2293 944 2323 et
968 2290 1013 2322 ad
1035 2289 1095 2330 111,
1126 2289 1157 2330 7,
1189 2290 1221 2323 1.
1271 2289 1455 2332 Ceterum,
1482 2294 1521 2324 ut

142 2351 360 2381 revertamur
381 2347 424 2381 ad
451 2347 607 2381 Sallustii
632 2347 768 2388 locum,
791 2352 883 2380 recte
905 2346 1073 2380 iudicavit
1096 2346 1265 2379 Matthias
1289 2346 1333 2379 ad
1358 2346 1427 2380 Cic.
1449 2347 1519 2380 Ca-

142 2404 193 2439 til.
212 2405 273 2445 111,
294 2404 328 2448 5,
350 2405 406 2438 12.
431 2403 588 2437 inutilem
612 2403 848 2447 quaestionem
873 2415 966 2444 esse,
992 2408 1108 2437 utrum
1131 2402 1292 2437 Sallustii
1315 2414 1358 2437 an
1382 2403 1522 2438 Cicero-

141 2462 195 2495 nis
220 2462 369 2506 epistola
400 2461 517 2495 verior
549 2462 614 2503 sit,
647 2461 810 2506 quoniam
843 2466 975 2495 veteres
999 2467 1034 2495 et
1057 2466 1213 2495 oratores
1248 2465 1282 2495 ot
1304 2461 1462 2497 historici
1485 2461 1521 2496 in

141 2520 289 2562 talibus,
313 2520 356 2553 de
378 2519 494 2553 vorbis
516 2519 631 2553 minus
654 2518 817 2560 solliciti,
841 2531 915 2552 rcm
940 2519 1043 2552 modo
1067 2518 1304 2561 respiciebant.

235 2582 270 2611 tc
291 2577 402 2611 virum
428 2578 521 2621 esse]
555 2577 692 2611 Cottius
716 2588 786 2610 esse
810 2576 957 2619 delevit,
991 2576 1083 2619 quod
1106 2576 1141 2609 in
1165 2577 1271 2610 Fabr.
1291 2576 1323 2609 l.
1341 2576 1375 2610 2.
1401 2576 1520 2611 Struv.

142 2634 218 2667 iin.
243 2633 275 2668 2.
300 2638 335 2668 et
357 2635 502 2668 Eccard.
536 2638 615 2669 ante
646 2635 758 2668 virum
791 2635 940 2679 legitur-3
972 2635 1143 2667 Miillerus
1173 2645 1256 2667 vero
1288 2633 1382 2667 hunc
1405 2633 1519 2677 ipsum

144 2691 299 2726 ordinem
330 2691 367 2726 in
389 2695 525 2728 textum
548 2692 686 2737 recepit.
741 2692 912 2729 Neutrum
936 2692 1144 2737 probamus,
1173 2701 1387 2736 quamquam
1410 2689 1520 2727 Cottii
