1630 3034
391 613 1015 672 LEcToRIBUs

686 775 723 813 S.

250 920 710 978 FRlDERICUS
771 924 1159 979 KRITZIUS.

23 1239 173 1324 Quod
221 1254 263 1299 in
310 1255 574 1317 praefatione
617 1256 841 1302 voluminis
894 1273 1071 1320 operum
1114 1257 1391 1304 Sallustiano-

22 1360 117 1390 rum
155 1343 333 1390 secundi
372 1352 467 1391 ante
515 1362 675 1408 paucos
714 1362 888 1393 menses
939 1347 1038 1393 editi
1076 1346 1392 1410 quodammodo

23 1442 255 1497 auguratus
291 1451 433 1492 eram,
484 1436 641 1482 multos
680 1438 772 1482 fore
810 1437 881 1499 qui
919 1453 1046 1498 aegre
1082 1437 1244 1483 ferrent
1280 1436 1394 1482 istud

21 1525 220 1571 volumen
258 1525 348 1570 siue
385 1524 528 1571 Indice
566 1526 608 1571 in
656 1526 875 1589 publicum
921 1527 1128 1573 emissum
1178 1542 1303 1584 esse,
1352 1525 1395 1571 id

22 1631 121 1660 vere
158 1631 227 1660 nie
272 1615 510 1661 coniecisse
561 1624 736 1662 eventus
786 1616 1091 1679 comprobavit.
1164 1615 1243 1661 Vix
1283 1615 1395 1661 enim

26 1704 163 1767 aliqua
202 1705 493 1768 exemplorum
542 1713 663 1768 parte
707 1705 876 1752 vendita
926 1706 994 1752 alii
1032 1705 1288 1767 bibliopolae
1340 1704 1394 1750 si·

26 1794 281 1855 gniticarunt
315 1795 426 1841 male
464 1802 605 1841 actum
643 1811 768 1853 esse,
805 1794 919 1857 quod
958 1795 1065 1841 haec
1091 1794 1281 1840 Sallustii
1308 1793 1396 1839 cdi-

24 1884 83 1929 tio
123 1900 173 1929 ea
210 1891 330 1946 parte
369 1891 563 1940 careret,
624 1885 716 1929 sine
754 1900 836 1945 qua
874 1900 944 1929 res
984 1884 1025 1928 in
1076 1882 1396 1928 commentariis

26 1980 230 2019 tractatae
268 1972 516 2018 difficillime
553 1973 595 2018 111
623 1989 748 2018 usum
775 1972 965 2018 adhiberi
992 1978 1195 2035 possunt,
1234 1971 1302 2017 alii
1328 1987 1397 2017 me

29 2064 170 2126 ipsum
207 2063 494 2125 impulerunt,
543 2069 588 2108 ut
625 2061 810 2108 indicem
847 2062 1111 2124 promissum
1150 2076 1276 2123 quam
1315 2060 1398 2123 pri-

30 2169 147 2199 mum
173 2152 264 2198 fieri
292 2160 441 2215 posset
478 2167 676 2197 seorsum
714 2151 888 2197 ederem
924 2158 965 2196 et
990 2150 1156 2197 duobus
1183 2149 1398 2212 prioribus

29 2241 315 2288 voluminibus
366 2242 487 2304 quasi
525 2240 772 2303 appendicis
817 2240 909 2286 loco
958 2240 1250 2301 adiungerem.
1323 2238 1399 2284 llis

33 2330 399 2378 adhortationibus
438 2331 623 2375 virorum
665 2330 914 2375 auctoritate
953 2329 1184 2389 insignium
1235 2344 1285 2373 eo
1324 2327 1400 2372 1111-

32 2438 113 2467 nus
139 2437 289 2483 parere
316 2419 456 2477 uolui,
494 2419 605 2481 quod
634 2419 771 2476 iudex,
811 2435 937 2481 quem
964 2416 1279 2475 desiderabant,
1317 2431 1400 2461 non

34 2526 145 2556 nuuc.
196 2509 367 2555 denium
407 2508 529 2553 nobis
570 2508 642 2554 fuit
683 2507 999 2565 fflmticiendus,
1039 2507 1113 2553 sed
1154 2506 1278 2552 simul
1305 2519 1400 2551 cum

37 2599 241 2645 absolutis
305 2598 356 2643 de
405 2597 605 2657 Iugurtha
669 2597 986 2643 conuuentariis
1042 2596 1263 2642 confectus
1311 2594 1401 2640 suit.
