1630 3034
174 175 261 217 516
550 168 593 212 c.
625 150 948 212 SA‘LLUSTI
978 169 1199 214 cmsm

141 288 322 349 4lgitur
370 286 498 330 simul
544 286 700 330 consul
747 301 801 330 ex
847 286 994 330 multis
1034 287 1093 331 de
1137 287 1332 332 hostium
1373 289 1583 335 adventu

179 382 417 445 cognovit,
456 389 500 427 et
531 383 618 442 ipsi
646 382 797 427 hostes
833 383 1042 437 aderant3
1079 391 1125 427 et
1151 385 1413 444 priusquam
1441 402 1568 432 exer—

179 482 288 525 citus
329 485 404 523 aut
439 479 616 536 instrui,
665 486 741 524 aut
771 481 961 525 sarcinas
993 481 1231 541 colligere,
1263 482 1456 542 denique
1489 499 1569 527 an-

180 586 363 637 tequam
401 577 576 637 signum
614 584 690 621 aut
724 578 961 637 imperium
992 578 1130 622 ullum
1173 580 1380 640 accipere
1416 580 1570 638 quivit,

181 676 352 734 equites
398 673 546 718 Mauri
593 678 728 737 atque
776 673 978 731 Gaetuli,
1026 690 1114 720 non
1158 677 1252 721 acie
1296 692 1442 736 neque
1481 677 1571 721 ullo

273 824 305 866 ἓ.
331 823 365 856 4.
400 823 505 856 simul
534 822 717 867 cognovit,
756 827 790 857 et
813 823 881 867 ipsi
912 823 947 857 h.
975 824 1151 869 aderant]
1196 826 1307 860 Simul
1328 846 1372 852 —
1404 830 1438 860 et
1473 835 1575 859 voces

186 893 272 917 cave
295 893 337 916 eo
361 882 466 916 modo
489 881 685 927 intelligas,
717 894 785 927 quo
809 895 868 918 eas
890 895 955 929 pro
980 885 1188 929 copulativis
1211 886 1392 930 particulis
1416 891 1450 921 et
1472 905 1518 910 —
1541 891 1574 919 et

181 944 265 989 poni
290 943 502 978 ostendimus
522 944 568 978 ad
592 956 621 977 c.
647 945 794 986 XLVII,
818 945 877 987 2.;
902 956 984 980 nam
1007 944 1073 979 illa
1096 950 1247 990 potestas
1269 958 1337 980 non
1362 947 1475 988 valet,
1508 945 1575 978 nisi

182 1004 243 1038 ubi
267 1005 357 1038 duae
381 1004 534 1039 eiusdem
558 1005 809 1040 enunciationis
844 1010 959 1050 partes
991 1005 1081 1041 inter
1113 1019 1151 1041 se
1174 1011 1370 1042 nectuntur.
1419 1006 1500 1041 Alia
1523 1018 1577 1040 res

183 1072 246 1108 est,
271 1065 299 1099 si
326 1066 417 1100 duae
444 1066 712 1107 enunciationes,
738 1077 887 1110 quarum
913 1067 1025 1101 altera
1048 1067 1122 1101 vim
1150 1068 1322 1112 protasis,
1357 1068 1469 1102 altera
1490 1079 1576 1111 apo-

185 1126 276 1161 dosis
309 1126 476 1170 sustinet,
510 1127 560 1162 ita
592 1127 955 1172 comprehenduntur,
986 1130 1025 1161 ut
1054 1128 1169 1162 altera
1202 1129 1293 1163 actio
1316 1140 1382 1163 non
1407 1128 1579 1172 excepisse

182 1190 346 1230 alteram,
371 1189 430 1222 sed
454 1188 577 1222 eodem
602 1188 770 1233 temporis
794 1191 971 1222 momento
996 1191 1143 1231 utraque
1166 1188 1327 1224 incidisse
1349 1188 1499 1224 dicaturss
1547 1190 1579 1223 ls

182 1254 302 1284 autem
335 1262 454 1283 sensus
488 1250 664 1292 efficitur,
697 1251 771 1284 sive
800 1250 902 1283 simul
933 1249 1057 1283 statuis
1085 1248 1216 1283 dictum
1249 1262 1323 1284 esse
1345 1263 1408 1296 pro
1433 1251 1578 1286 simulac

183 1314 235 1355 (v.
258 1312 301 1345 ad
323 1311 398 1345 Cat.
421 1311 526 1353 XLV,
546 1312 620 1357 3.),
641 1310 788 1356 apodosi
811 1322 874 1355 per
898 1315 933 1345 et
958 1309 982 1345 i.
1007 1321 1038 1344 e.
1067 1311 1174 1345 etiam
1197 1310 1248 1354 (v.
1268 1312 1311 1346 ad
1335 1312 1410 1346 Cat.
1432 1311 1577 1354 XXXV,

182 1372 243 1415 3.)
268 1383 348 1405 cum
374 1371 411 1405 vi
440 1371 624 1416 adiuncta,
659 1372 734 1406 sive
756 1371 848 1405 illud
872 1371 1030 1415 explicas
1055 1372 1174 1406 eodem
1199 1377 1373 1417 tempore,
1406 1372 1458 1407 ita
1481 1377 1519 1406 ut
1544 1377 1578 1406 et

184 1432 331 1467 actionis
355 1433 494 1477 aequali
526 1438 683 1478 tempore
706 1433 821 1479 factae
846 1431 945 1476 quasi
970 1432 1119 1467 alteram
1145 1438 1280 1477 partem
1314 1433 1522 1478 simpliciter
1545 1437 1600 1467 ct«—

184 1493 325 1539 vulgari
361 1494 508 1537 copulae
538 1498 709 1539 potestate
740 1493 857 1528 addat.
906 1493 957 1528 Ac
989 1491 1080 1526 mihi
1115 1494 1255 1537 quidem
1287 1495 1375 1528 haee
1407 1494 1580 1538 posterior

182 1555 274 1590 ratio
299 1559 332 1588 et
357 1555 602 1599 simplicitate,
636 1558 671 1588 et
702 1554 785 1598 quia
812 1565 893 1588 cum
918 1557 1034 1588 cetero
1056 1554 1311 1598 particularum
1335 1555 1435 1589 simul
1459 1561 1492 1589 et
1515 1565 1580 1588 usu

185 1616 239 1659 (v.
264 1615 308 1649 ad
335 1616 412 1657 XX,
438 1616 470 1649 1.
496 1616 633 1657 ΧΙΝΠ,
658 1615 691 1649 2.
717 1615 806 1657 XCI,
836 1615 890 1659 1.)
920 1615 1023 1648 valde
1047 1620 1197 1661 cognata
1221 1620 1291 1658 est,
1316 1615 1432 1661 magis
1454 1616 1579 1660 placet.

183 1676 345 1710 Priorem
371 1676 569 1719 probabunt
591 1677 761 1717 fortasse,
795 1675 877 1718 qui,
905 1675 1126 1710 recordantes
1150 1677 1304 1711 Graecos
1328 1676 1453 1710 eodem
1477 1676 1581 1710 modo

186 1734 264 1782 ἅμα
289 1757 333 1761 -—
358 1738 423 1772 καί
445 1736 625 1781 particulis
649 1736 722 1777 uti,
755 1735 963 1770 Buttmanni
987 1736 1023 1769 iu
1049 1737 1208 1770 Gramm.
1234 1738 1296 1772 Gr.
1325 1737 1416 1771 med.
1441 1739 1473 1779 §.
1499 1735 1580 1770 137.

183 1812 218 1843 p.
243 1797 323 1832 444.
353 1799 407 1832 ed.
438 1799 483 1832 X.
516 1803 550 1832 et
584 1796 742 1831 Passovii
773 1796 809 1830 in
842 1797 926 1831 Lex.
952 1797 1012 1831 Gr.
1037 1798 1282 1832 auctoritatem
1306 1802 1508 1842 sequuntur.
1533 1797 1578 1830 cf.

185 1859 366 1895 Demosth.
405 1871 438 1903 p.
471 1859 549 1894 Cor.
583 1871 619 1902 p.
652 1858 732 1892 236.
766 1858 887 1892 Reisk.
907 1855 1080 1893 ’.Ωνεῖται
1104 1858 1189 1903 παρ’
1214 1858 1360 1899 αὐτῶν,
1394 1855 1494 1898 ὅπως
1528 1856 1578 1902 μή

185 1916 345 1953 ἀπίωσιν
380 1915 419 1953 ἐκ
448 1917 711 1958 ΙΠακεδονίας,
746 1916 815 1959 ἕως
852 1914 901 1954 ἂν
931 1918 978 1953 τοὶ
1004 1920 1068 1964 τῆς
1093 1920 1288 1961 στρατείας
1319 1921 1383 1965 τῆς
1407 1918 1468 1955 ἐπὶ
1493 1919 1583 1960 τούς

189 1977 338 2018 Φωκέας
381 1976 540 2022 εὐτρεπῆ
581 1976 803 2021 ποιήσαιτο,
850 1979 913 2014 ’ἵνα
945 1979 996 2024 μή
1021 1999 1066 2004 -
1096 1982 1272 2016 κλείσαιτε
1304 1980 1370 2016 τὸν
1394 1979 1582 2026 πορθμόν,

187 2036 262 2075 ἀλλ’
300 2036 371 2083 ἅμ’
396 2038 625 2075 ἀκούοιτε
652 2041 773 2075 ταῦτα
798 2037 1101 2085 ἀπαγγελλόντων
1126 2039 1215 2086 ὑμῖν
1238 2041 1402 2085 τούτων,
1426 2039 1582 2078 κάκεῖ-

188 2114 271 2142 νος
296 2096 401 2140 ἐντὸς
425 2100 499 2145 εἴη
530 2100 678 2136 Πυλῶν.
721 2102 862 2136 isocrat.
897 2103 1074 2148 Panegyr.
1100 2114 1130 2137 c.
1150 2103 1255 2144 xm,
1280 2103 1327 2139 in.
1352 2098 1470 2139 Οὗτοι
1489 2102 1584 2148 πρὸς

186 2159 255 2206 μὲν
279 2160 369 2203 τούς
394 2159 528 2201 ἄλλους
553 2157 650 2206 ἅμα
674 2162 979 2206 διαλλάττονται,
1015 2163 1088 2200 καὶ
1113 2165 1180 2209 τῆς
1202 2163 1339 2209 ἔχθρας
1365 2166 1430 2209 τῆς
1452 2177 1582 2209 προγε-

187 2222 388 2268 γενημένης
413 2221 745 2259 ἐπιλανθάνονται.
794 2226 849 2259 Ex
881 2225 1016 2260 Latinis
1049 2227 1093 2260 cf.
1126 2226 1240 2262 Tacit.
1274 2227 1362 2261 Anu.
1395 2227 1422 2268 Ι,
1455 2225 1513 2269 65,
1549 2226 1582 2260 ⁴1.

192 2285 337 2318 Simul
362 2285 448 2318 hacc
483 2285 548 2328 (sc.
574 2284 699 2329 dixit),
728 2292 772 2321 et
796 2298 872 2320 cum
898 2287 1038 2321 delectis
1060 2288 1185 2322 scindit
1209 2299 1346 2333 agmen.
1372 2286 1420 2321 ib.
1445 2287 1502 2329 lv,
1525 2286 1582 2320 25.

187 2346 221 2380 2.
274 2347 421 2380 Simul
451 2350 589 2390 coeptus
623 2346 714 2389 dies,
752 2352 791 2381 ct
827 2349 979 2382 aderant
1011 2348 1228 2382 semisomnos
1260 2349 1296 2382 in
1326 2348 1502 2382 barbaros.
1538 2366 1580 2372 —

191 2408 247 2441 Dc
274 2409 475 2441 adventu
501 2407 674 2453 cognovit.
700 2419 762 2451 pro
782 2420 852 2453 quo
872 2409 1012 2443 vratisl.
1033 2409 1064 2442 1.
1085 2409 1192 2443 habet
1216 2410 1455 2444 adventum
1481 2420 1583 2453 cogn.

190 2468 445 2502 illustravimus
469 2468 511 2501 ad
536 2480 566 2503 c.
594 2468 783 2511 Lxxxw,
807 2469 840 2505 3.
877 2489 921 2494 —
966 2470 1132 2504 Sarcinas
1164 2471 1338 2515 colligere.
1394 2469 1485 2504 Ante
1516 2480 1582 2513 pu-

190 2538 297 2572 gnam
334 2528 426 2561 enim
461 2528 615 2563 sarcinas
648 2529 682 2563 in
719 2541 826 2564 uuum
860 2531 977 2564 locum
1003 2531 1252 2572 conferebant;
1289 2541 1320 2564 v.
1345 2530 1444 2564 Caes.
1469 2529 1512 2563 B.
1539 2529 1584 2564 G.

193 2588 265 2629 vn,
292 2588 346 2623 18.
409 2590 486 2632 Qua
512 2601 549 2624 re
572 2591 744 2624 nunciata
772 2592 903 2625 Caesar
928 2592 1084 2627 celeriter
1114 2594 1324 2627 sarcinas
1359 2590 1583 2634 conferri.

193 2661 294 2683 arma
321 2651 475 2694 expediri
508 2639 621 2686 iussit]
668 2653 780 2687 Conr.
814 2653 860 2686 cf.
892 2653 1048 2699 Herzog.
1083 2654 1126 2688 ad
1157 2654 1257 2686 eund.
1287 2653 1314 2695 Ι,
1339 2651 1396 2685 24.
1435 2650 1584 2685 Mischii

193 2711 333 2753 Antiqq.
368 2712 470 2745 Rom.
504 2713 579 2745 Vol.
614 2713 655 2746 ΙΙ.
690 2725 722 2756 p.
757 2713 858 2747 1134.
892 2713 934 2746 cd
971 2714 1012 2747 ΙΙ.
1048 2733 1091 2738 -
1133 2714 1281 2758 Signum
1309 2723 1376 2746 non
1400 2711 1518 2756 capies
1542 2711 1584 2744 dc

191 2770 321 2813 aquila,
348 2771 483 2805 vexillis
507 2776 567 2806 aut
591 2773 777 2815 similibus,
801 2774 860 2808 sed
885 2778 946 2809 aut
969 2774 1012 2808 «le
1037 2775 1139 2819 signo
1164 2774 1249 2808 tuba
1277 2774 1371 2818 dato,
1398 2774 1451 2819 (V.
1478 2772 1582 2808 Catil.
