1630 3034
486 177 850 219 IUGURTHA.
913 176 1035 218 CAP.
1070 175 1159 218 XL.
1383 218 1388 225 ,
1436 180 1531 219 229
1574 181 1576 184 ’

276 295 371 340 XL.
453 295 628 338 Interea
671 294 848 337 Romae
894 292 944 338 C.
994 291 1219 337 Mamilius
1264 291 1519 337 Limetanus

138 391 338 435 tribunus
383 391 531 449 plebis
576 391 855 450 rogationem
893 390 950 432 ad
985 390 1206 449 populum
1242 390 1517 449 promulgat,

135 488 196 530 uti
234 493 522 546 quaereretur
556 487 601 530 in
637 502 727 540 eos,
765 501 954 545 quorum
989 486 1171 529 consilio
1201 486 1415 545 Iugurtha
1445 502 1517 530 se—

135 585 223 628 nati
260 584 440 627 decreta
471 583 767 643 neglegisset,
813 583 978 641 quique
1014 583 1071 626 ab
1108 598 1162 626 eo
1199 583 1243 626 in
1278 582 1516 642 legationi-

135 682 217 724 bus
254 686 328 723 aut
363 680 556 739 imperiis
593 681 806 739 pecunias
843 679 1142 739 accepissent,
1185 679 1261 737 qui
1297 677 1514 739 elephan-

132 887 319 922 Statuit
352 892 470 921 tamen
499 887 586 921 m‘lu’l
608 887 674 920 sibi
697 887 732 920 in
757 886 865 920 tantis
889 885 1024 919 iniuriis
1046 886 1194 932 gravius
1220 885 1514 929 faciendum.

132 947 250 981 lustin.
263 947 504 988 xxxanI.
528 947 661 981 Soteris
675 948 771 990 filios
798 947 1031 981 tollendos
1061 947 1248 981 statuit.
1282 945 1401 988 Quare
1424 943 1516 987 apud

130 1009 294 1043 Nostrum
317 1008 421 1043 Catil.
441 1008 508 1049 IV,
530 1007 563 1042 1.
598 1009 758 1042 Aetatem
782 1020 806 1042 a
829 1008 1004 1051 republica
1024 1008 1144 1051 procul
1167 1006 1418 1040 habendam
1442 1005 1516 1038 de-

130 1070 275 1110 crevi,
309 1068 423 1112 ipsum
447 1069 585 1102 decrevi
607 1069 756 1102 verbum
789 1080 856 1102 non
892 1072 944 1102 est
974 1068 1156 1110 constitui,
1189 1067 1250 1100 sed
1272 1065 1448 1105 iudicavi,·
1480 1075 1514 1098 ν.

130 1130 317 1164 Ruhnken.
349 1129 394 1162 ad
417 1128 502 1162 Ter.
526 1129 654 1162 Heaut.
679 1130 716 1173 1,
739 1130 781 1172 1,
806 1129 862 1163 95.
896 1129 971 1162 Cic.
994 1129 1080 1170 Epp.
1106 1128 1149 1160 ad
1173 1127 1310 1160 Famm.
1333 1125 1386 1165 11,
1411 1125 1455 1166 6,
1478 1124 1513 1157 7.

221 1190 292 1223 XI..
318 1188 392 1231 §.L
418 1190 570 1232 Interea]
588 1189 795 1223 Gerlacliius
812 1201 852 1222 ex
870 1189 968 1222 codd.
980 1188 1148 1222 Leidd.A.
1162 1188 1198 1222 G.
1210 1188 1251 1222 F.
1262 1187 1398 1220 11.1.K.
1409 1186 1449 1219 L.
1462 1186 1512 1218 M.

131 1251 233 1284 Bern.
261 1250 294 1283 1.
319 1250 353 1283 3.
387 1252 422 1283 et
444 1249 526 1282 Bas.
552 1249 585 1282 1.
610 1249 645 1286 4.
681 1249 818 1293 scripsit
840 1251 998 1289 interim;
1032 1249 1091 1282 sed
1119 1260 1226 1292 quum
1249 1247 1372 1281 relicui
1395 1257 1514 1280 omnes

128 1311 165 1344 iu
186 1311 333 1354 vulgata
356 1310 591 1352 consentiant,
614 1310 704 1344 nihil
726 1311 931 1344 mutandum
953 1309 1100 1343 videtur.
1146 1309 1299 1342 Eaedem
1323 1317 1426 1339 voces
1448 1305 1512 1339 ali-

128 1371 261 1414 quoties
288 1371 393 1405 etiam
417 1375 635 1414 permutatae
658 1372 750 1416 apud
774 1371 933 1412 Livium3
980 1381 1015 1403 v.
1039 1368 1302 1403 Drakenborch.
1325 1368 1369 1401 ad
1393 1368 1455 1408 lx,
1477 1365 1512 1399 9.

128 1431 187 1465 13.
209 1451 256 1457 -
291 1432 327 1464 C.
355 1432 532 1465 Mamilius
557 1432 760 1466 Limetanus
782 1443 908 1465 nomen
932 1430 1015 1464 libri
1038 1429 1137 1463 vario
1170 1430 1276 1462 modo
1308 1430 1511 1470 corruptum

127 1492 310 1533 exliibent3
354 1492 414 1526 sed
449 1491 571 1534 optimi
604 1493 702 1526 codd.
738 1493 943 1535 nummique
973 1490 1106 1533 antiqui
1138 1493 1322 1532 receptam
1345 1488 1509 1529 formam,

128 1565 150 1587 a
183 1553 357 1596 prioribus
386 1552 492 1587 etiam
525 1552 717 1587 editoribus
750 1554 955 1596 probatam,
998 1555 1150 1586 tuentur.
1200 1549 1351 1583 Mamilii
1383 1558 1508 1581 nomen

127 1613 233 1647 etiam
257 1613 343 1656 alibi
367 1612 402 1646 in
427 1617 575 1658 cognata
598 1614 847 1658 depravatum3
872 1623 905 1646 v.
929 1611 1059 1656 Intprr.
1085 1611 1128 1645 ad
1151 1610 1228 1644 Liv.
1251 1606 1460 1649 XXYlLss’o',
1475 1608 1507 1641 1.

128 1674 224 1709 Flor.
240 1675 268 1716 1,
293 1674 349 1715 11,
374 1673 409 1710 1.
436 1675 527 1708 Gell.
553 1674 627 1708 NN.
651 1675 722 1708 ΔΑ.
749 1675 807 1717 VI,
831 1673 886 1706 11.
913 1673 954 1706 de
978 1683 1046 1716 quo
1070 1672 1148 1705 loco
1172 1671 1217 1704 cf.
1243 1669 1348 1714 Pigh.
1368 1668 1509 1703 Annall.

127 1735 232 1769 Tom.
257 1735 319 1767 111.
343 1746 377 1778 p.
398 1734 479 1768 123.
504 1736 614 1770 Cowr.
638 1757 683 1761 —-
718 1735 872 1780 Rogatio
901 1733 984 1777 quid
1017 1733 1061 1766 sit
1090 1743 1197 1776 supra
1225 1731 1374 1764 diximus
1404 1730 1448 1763 ad
1477 1741 1507 1765 c.

126 1797 282 1837 xxxii,
307 1795 339 1830 5.
368 1796 571 1840 Promulgat
595 1799 711 1829 autem
735 1795 785 1836 is,
821 1794 881 1837 qui
905 1794 1067 1838 proponit
1091 1796 1124 1827 et
1147 1792 1182 1825 in
1206 1793 1334 1835 vulgus
1356 1790 1444 1831 edit,
1470 1792 1508 1823 ut

126 1857 185 1900 qni
210 1857 296 1890 velit
318 1856 521 1897 intercedat,
544 1857 640 1889 nullo
665 1856 895 1889 intercedente
919 1856 973 1888 leoe
995 1855 1140 1889 feratur.
1160 1853 1203 1887 cf.
1220 1853 1352 1886 Manut.
1372 1850 1415 1884 ad
1434 1850 1506 1883 Cic.

128 1918 215 1960 Epp.
240 1917 284 1950 ad
308 1916 411 1950 Attio.
434 1917 472 1957 Ι,
496 1915 552 1949 13.
589 1917 720 1950 Deinde
745 1928 785 1950 er
812 1918 961 1949 Senatus
984 1914 1136 1948 consulto
1163 1913 1325 1946 Consules
1348 1911 1507 1954 rogatio-

127 1989 203 2010 uem
226 1978 474 2021 promulgasse.
499 1976 575 2010 Liv.
602 1977 658 2019 lv,
686 1977 720 2019 1,
748 1977 779 2009 1.
804 1979 838 2009 et
859 1976 894 2008 2.
919 1976 1030 2007 Coss'r.
1055 1973 1151 2006 Adde
1174 1972 1276 2005 Ferd.
1303 1969 1508 2003 Schulzium

127 2039 170 2070 dc
192 2037 350 2070 comitiis
373 2038 479 2071 Rom.
504 2048 538 2080 p.
560 2036 629 2069 147
640 2048 690 2079 sq.
715 2037 859 2069 Festum
882 2035 918 2067 h.
944 2045 979 2066 v.
1001 2034 1198 2066 Grammat.
1218 2032 1293 2065 Lat.
1318 2034 1401 2065 vett.
1426 2030 1504 2063 Vol.

127 2099 171 2131 ll.
197 2108 230 2139 μ.
254 2096 331 2129 123.
366 2098 419 2131 De
451 2096 617 2129 vocabuli
649 2097 763 2128 forma
795 2107 874 2128 cum
906 2095 1118 2138 provulgare
1150 2095 1300 2136 cognata
1321 2102 1354 2125 v,
1380 2090 1506 2124 Linde-

128 2169 291 2192 mannum
316 2157 359 2189 ad
383 2156 478 2189 Festi
511 2156 535 2189 l.
561 2156 585 2189 1.
610 2167 643 2198 p.
671 2155 752 2190 582.
787 2160 820 2188 ct
844 2153 1045 2188 Doederlini
1068 2153 1299 2197 Synonynim.
1324 2152 1402 2185 Lat.
1426 2151 1504 2184 Vol.

128 2219 186 2252 lv.
219 2229 252 2260 p.
275 2217 353 2250 149.
379 2234 426 2241 —·
452 2217 684 2258 Quaereretur
706 2215 916 2248 illustratum
942 2214 987 2247 ad
1011 2225 1040 2247 c.
1064 2212 1201 2255 XXXI,
1226 2213 1260 2244 7.
1284 2230 1329 2235 —
1353 2212 1404 2245 De
1428 2211 1506 2254 ipsa

130 2279 309 2322 rogatione
333 2277 493 2310 Mamilia
517 2288 548 2309 v.
575 2276 644 2310 Cic.
669 2278 766 2311 Brut.
790 2288 819 2308 c.
843 2275 900 2315 33,
925 2274 1004 2308 127.
1029 2273 1065 2306 G.
1081 2273 1193 2306 Galba
1217 2273 1399 2316 rogatione
1426 2272 1505 2305 Ma-

130 2340 248 2380 milia,
281 2339 511 2383 Iugurthinae
536 2338 776 2370 coniurationis
801 2337 955 2376 invidia,
988 2345 1090 2378 quum
1112 2344 1175 2376 pro
1200 2344 1236 2366 se
1259 2333 1335 2376 ipse*
1354 2332 1508 2373 dixisset,

129 2412 306 2445 oppressus
330 2405 391 2434 est.
417 2398 503 2432 lbid.
527 2397 571 2431 34
586 2423 595 2440 ,
620 2397 696 2430 128.
720 2398 898 2431 Invidiosa
922 2398 999 2439 lege
1027 2393 1185 2426 Mamilia
1211 2393 1248 2425 C.
1275 2393 1423 2426 Galbam
1448 2404 1505 2426 sa-

131 2462 303 2495 cerdotem
329 2465 362 2494 et
385 2464 550 2504 quattuor
573 2459 764 2491 consulares
793 2458 832 2490 L.
860 2457 1026 2495 Bestiam,
1053 2454 1089 2486 C.
1117 2454 1300 2495 Catonem,
1325 2454 1384 2497 Sp.
1410 2453 1504 2486 Albi-

130 2532 233 2562 num,
257 2521 428 2563 civemque
449 2519 781 2563 praestantissimum
808 2517 846 2550 L.
863 2517 1042 2561 Opimium,
1069 2515 1216 2548 Gracchi
1238 2515 1504 2557 interfectorem,

132 2593 155 2613 a
175 2582 299 2625 populo
323 2581 513 2614 absolutum
528 2605 538 2619 ,
566 2591 667 2624 quum
693 2579 721 2612 is
746 2583 863 2611 contra
887 2577 1004 2621 populi
1026 2576 1175 2610 studium
1198 2574 1366 2615 stetisset,
1395 2574 1507 2606 Grac-

132 2642 234 2674 chani
255 2642 384 2674 iudices
407 2641 628 2674 sustulerunt.
642 2658 686 2663 —
713 2638 936 2682 Neglegisset
960 2637 1089 2671 sincere
1113 2639 1225 2670 tenent
1248 2633 1371 2667 Bas.1.
1395 2633 1504 2666 Paris.

134 2712 162 2733 c.
187 2711 220 2734 x.
244 2704 278 2733 et
301 2701 394 2734 Med.
420 2702 452 2734 1.
487 2711 508 2733 a
530 2710 577 2732 m.
602 2711 655 2743 pr.
691 2699 845 2732 Contulit
879 2696 1083 2730 Gerlacliins
1116 2695 1303 2730 Aemilium
1333 2694 1505 2733 Macrum,

135 2759 193 2801 qui
221 2759 363 2795 testibus
386 2760 552 2795 Diomede
575 2772 607 2804 p.
633 2759 711 2793 ffiss.
739 2759 881 2793 Putscln.
908 2761 942 2790 et
965 2755 1143 2790 Prisciano
1165 2756 1211 2796 X,
1237 2754 1271 2794 (i,
1294 2753 1350 2788 33.
1373 2764 1410 2796 p.
1424 2751 1504 2785 496.
