1630 3034
374 222 730 268 IUGURTHA.
765 225 892 268 GAP.
924 224 1171 268 LXXXIV.
1393 230 1479 270 435

93 342 165 386 Eo
198 341 337 387 modo
379 356 514 403 saepe
549 342 607 386 ab
641 348 834 401 utroque
865 342 1005 387 missis
1039 341 1326 400 remissisque
1361 356 1476 386 nun-

94 439 170 483 ciis
205 445 382 499 tempus
413 439 690 498 procedere,
737 445 781 484 et
811 437 866 482 ex
902 439 1076 483 Metelli
1113 438 1340 483 voluntate
1374 439 1476 485 bel-

92 535 183 579 lum
218 535 428 579 intactum
462 536 592 580 trahi.

228 631 480 676 LXXXIV.
551 633 612 676 At
647 631 843 685 Marius,
887 636 935 674 ut
973 646 1106 690 supra
1145 630 1331 675 diximus
1345 665 1358 688 9
1396 646 1476 675 cu-

91 727 379 787 pientissuma
418 730 556 788 plebe
598 728 753 773 consul
794 728 962 784 factus,
1007 734 1249 786 postquam
1295 729 1336 772 ei
1367 743 1477 788 pro-

90 874 150 909 ille
179 876 350 920 probare,
383 877 515 921 partim
548 877 721 918 abnuere,
753 877 935 910 oculorum
959 876 1054 910 haud
1087 862 1194 910 dubie
1227 877 1331 920 lapsu
1367 877 1478 911 alteru

90 947 176 970 voce
197 937 338 981 omissa,
365 938 456 981 quod
481 937 737 982 depravationis
765 949 874 982 genus
899 937 934 970 in
958 937 1057 970 libris
1082 948 1187 970 manu
1211 936 1348 981 scriptis
1382 937 1477 971 hund

89 1007 209 1031 rarum
234 1002 296 1032 est.
343 998 580 1033 Nihilominus
616 999 754 1033 Curtius
786 987 878 1031 hanc
912 997 1119 1041 scripturam
1154 1009 1217 1041 pro
1251 1008 1335 1031 vera
1359 997 1478 1031 vendi-

89 1060 151 1093 tat.
177 1077 219 1082 —
246 1059 299 1092 Ex
322 1060 503 1094 voluntate
527 1072 628 1094 sensu
662 1061 780 1104 paullo
815 1059 932 1093 differt
964 1070 986 1091 a.
1009 1059 1085 1092 solo
1109 1057 1263 1092 ablativo
1286 1059 1479 1092 voluntate.

91 1116 216 1151 Sextus
238 1118 331 1167 enim
364 1132 462 1155 casus
489 1133 595 1165 quum
624 1132 768 1154 caussae
792 1118 1084 1165 significationem
1116 1118 1266 1159 habeat,
1300 1118 1369 1151 hoc
1393 1118 1499 1162 sim-¹

89 1177 227 1221 pliciter
254 1178 421 1215 indicaret
460 1183 608 1216 voluisse
635 1181 820 1215 Metellum
854 1181 985 1214 bellum
1019 1177 1137 1221 trahi,
1162 1177 1186 1212 i.
1214 1190 1245 1213 e.
1267 1179 1352 1212 belli
1375 1179 1477 1213 tracti

89 1249 248 1272 caussam
276 1240 390 1282 fuisse
424 1239 558 1274 Metelli
591 1237 816 1276 voluntatem.
868 1242 999 1275 Contra
1022 1251 1064 1273 ez·
1087 1240 1315 1283 praepositio,
1349 1240 1478 1283 quain

89 1293 290 1333 universum
314 1299 534 1345 significatur
568 1301 700 1345 aliquid
723 1301 864 1346 prodire
895 1313 938 1335 ex
963 1301 1082 1344 aliqua
1105 1312 1162 1342 re,
1197 1302 1301 1334 simul
1324 1302 1479 1336 declarat

89 1365 250 1394 eventum
284 1359 360 1394 sive
394 1362 552 1404 effectum
575 1363 735 1397 habuisse
769 1363 902 1396 Metelli
939 1363 1164 1396 voluntatem.
1212 1362 1478 1395 Hunesensum

89 1421 279 1455 vernacula
303 1421 353 1455 ita
371 1422 516 1456 reddas=
541 1434 635 1468 ganz
659 1436 716 1465 so,
739 1424 804 1457 wie
828 1423 991 1457 Metellus
1015 1433 1051 1455 es
1073 1423 1212 1462 wollte3
1248 1423 1398 1456 alterum
1423 1422 1476 1456 fc-

88 1485 142 1515 ret
164 1482 228 1516 mit
257 1483 384 1515 Willen
408 1482 467 1516 des
492 1484 666 1518 Metellus.
715 1483 886 1518 Subtilior
909 1482 976 1516 ista
1006 1481 1273 1526 praepositionis
1307 1494 1348 1517 cx
1372 1483 1477 1524 ratio,

90 1553 198 1585 quam
230 1553 335 1586 saepe
364 1543 505 1577 facilius
536 1548 590 1578 est
624 1555 726 1579 sensu
757 1544 957 1588 percipere,
989 1555 1094 1587 quam
1125 1545 1234 1578 verbo
1270 1543 1477 1588 exprimere,

89 1613 268 1646 nunquam
301 1604 403 1646 plane
436 1604 626 1649 delitescit,
658 1616 770 1648 neque
794 1606 980 1639 obscurum
1016 1610 1069 1640 est
1092 1607 1136 1640 ab
1161 1605 1317 1651 generali
1337 1605 1478 1648 effectus

90 1667 150 1697 aut
172 1668 311 1697 eventus
333 1663 472 1698 notione
491 1666 718 1709 repetendum
744 1677 818 1699 esse
841 1677 921 1700 eum
945 1666 1137 1710 particulae
1159 1678 1279 1709 usum,
1306 1677 1409 1709 quem
1433 1665 1477 1698 ad

89 1725 165 1758 Cat.
188 1725 246 1766 lv,
269 1724 303 1759 1.
328 1728 363 1758 et·
384 1724 428 1758 ad
453 1725 530 1766 XII,
555 1725 588 1759 2.
623 1726 889 1761 illustravimus.
939 1728 1027 1761 Cum
1052 1727 1202 1761 dictione
1235 1737 1276 1759 ex
1298 1726 1478 1759 voluntate

90 1784 252 1829 congruit
285 1796 326 1819 ex·
360 1786 566 1829 composito,
599 1787 698 1821 cuius
730 1788 857 1822 nubem
891 1788 1131 1831 exemplorum
1171 1786 1290 1821 attulit
1321 1785 1478 1818 Draken-

89 1845 212 1879 borch.
241 1846 284 1879 ad
308 1835 384 1879 Liv.
409 1846 438 1887 1,
462 1846 497 1888 9,
522 1847 579 1882 10.
602 1867 649 1873 -
672 1848 809 1882 Bellum
833 1848 966 1882 trahi
988 1847 1207 1881 notissimum
1230 1850 1283 1881 est
1306 1846 1392 1888 dici,
1417 1845 1478 1879 ubi

89 1905 134 1939 de
159 1905 329 1940 industria
352 1906 387 1939 id
411 1907 610 1950 quaeritur,
633 1912 672 1942 ut
695 1908 828 1943 desidia
850 1913 885 1942 et
907 1908 995 1942 nihil
1019 1909 1155 1953 agendo
1179 1907 1312 1953 beilum
1336 1905 1479 1949 aliquod

91 1977 159 2000 non
183 1966 348 2007 finiatur-3
375 1977 408 1998 v.
438 1977 544 2011 supra
567 1979 597 2004 c.
620 1969 750 2010 XXIII,
773 1968 806 2002 2.
841 1968 1003 2012 xxxvl,
1030 1967 1064 2004 3.
1087 1973 1121 2002 et
1147 1969 1192 2001 cf.
1217 1967 1479 2003 Drakenborch.

92 2027 137 2060 ad
160 2026 237 2061 Liv,
264 2027 306 2068 V,
328 2027 387 2068 ll,
411 2026 445 2062 8.
495 2029 612 2070 Quam
634 2028 839 2062 sententiam
864 2032 903 2063 ut
934 2032 1080 2073 augeret
1102 2027 1288 2062 Sallustius
1310 2028 1478 2062 intactum

92 2085 253 2128 addidit,
286 2097 500 2130 quamquam
526 2089 632 2122 huius
662 2089 827 2123 vocabuli
856 2089 951 2123 notio
975 2090 1047 2123 iam
1071 2088 1108 2122 in
1131 2088 1238 2122 verbo
1261 2088 1400 2122 trahere
1425 2087 1479 2122 in-

92 2150 154 2181 est.
202 2145 272 2179 sed
304 2146 390 2181 talia
422 2148 680 2192 perspicuitatis
703 2159 825 2183 caussa
856 2149 932 2184 fieri
967 2149 1118 2183 diximus
1142 2149 1186 2182 ad
1210 2161 1240 2183 c.
1264 2149 1421 2192 LXXIII,
1445 2149 1478 2183 1.

113 2252 116 2253 ⁷
185 2208 372 2241 LXXXIV.
405 2208 437 2249 §-
474 2209 507 2242 1.
565 2210 831 2253 cupientissuma
862 2211 980 2255 plebe]
1017 2210 1207 2253 Perper-am
1232 2210 1388 2255 Langius
1411 2211 1481 2246 hoe

93 2268 238 2312 antique
269 2268 401 2302 dictum
425 2274 541 2304 censet
563 2282 627 2314 pro
660 2271 990 2315 cupidissume
1012 2271 1121 2315 plebe.
1170 2270 1317 2304 Rectius
1341 2271 1480 2306 Cortius

92 2328 345 2373 interpretatur
376 2333 523 2374 favente
555 2337 589 2365 et
622 2333 772 2366 maxime
805 2333 986 2367 annitente
1020 2332 1139 2376 plebe‚·
1179 2342 1261 2365 nam
1294 2341 1415 2376 cupere
1445 2335 1480 2367 et

93 2391 183 2424 velle
213 2391 325 2424 verba
355 2402 423 2423 non
454 2392 567 2424 solum
599 2393 643 2426 ad
667 2392 823 2426 dativum
848 2403 1014 2437 personae
1039 2392 1169 2433 relatu,
1201 2392 1261 2425 sed
1284 2392 1392 2427 etiam
1416 2393 1479 2427 ab-

95 2450 208 2484 solute
246 2450 361 2494 posita
393 2453 598 2497 praegnanti
635 2464 735 2487 sensu
773 2453 974 2499 significant
1009 2453 1119 2486 bene
1151 2462 1276 2495 cupere
1307 2455 1369 2485 aut
1392 2454 1479 2488 velle

95 2510 120 2544 i.
155 2522 185 2544 e.
219 2511 363 2555 favere,
399 2513 556 2555 studere,
594 2525 763 2558 propenso
799 2515 919 2549 animo
951 2524 1043 2553 esse3
1077 2523 1109 2546 v·
1142 2512 1186 2546 ad
1210 2523 1241 2546 c.
1263 2513 1422 2552 LXXIII,
1445 2513 1480 2548 3.

95 2571 190 2606 Gort.
222 2572 268 2605 ad
292 2572 366 2608 cic.
400 2574 492 2617 Epp.
526 2575 570 2608 ad
593 2575 732 2608 Famm.
767 2574 805 2618 1,
836 2574 879 2616 1,
916 2574 949 2609 2.
977 2573 1082 2616 xm,
1115 2573 1151 2613 6,
1173 2573 1230 2607 12.
1256 2573 1409 2608 Gronov.
1435 2574 1479 2608 ad

97 2631 188 2665 Gen.
215 2633 289 2677 vn,
314 2632 348 2667 3.
373 2653 418 2658 —-
456 2635 583 2668 Factus
613 2634 638 2669 i.
662 2645 692 2669 e.
726 2635 951 2681 designat1153
983 2646 1014 2668 v,
1046 2635 1089 2669 ad
1113 2632 1290 2675 Lxxxn,
1314 2634 1347 2668 2.
1372 2656 1416 2661 -
1440 2635 1479 2668 In

97 2691 214 2725 verbis
245 2693 279 2726 ei
299 2694 514 2737 provinciam
542 2695 642 2730 iussit
664 2696 823 2730 dativum
855 2707 917 2739 per
939 2707 975 2729 se
995 2698 1091 2739 patet
1114 2706 1180 2728 non
1204 2706 1283 2729 eam
1309 2694 1478 2729 rationem

99 2751 249 2797 habere,
284 2764 354 2797 qua
384 2754 419 2788 in
444 2755 587 2800 vulgari
609 2756 727 2790 iubere
749 2756 849 2790 verbi
871 2761 1046 2790 structura
1075 2755 1297 2789 accusativus
1321 2755 1477 2799 ponitur3

99 2821 178 2846 nam
201 2813 297 2848 aliud
331 2818 385 2848 est
416 2813 535 2848 iubere
566 2815 722 2860 aliquam
755 2827 829 2849 rem
858 2816 938 2857 fieri
960 2817 1004 2849 ab
1039 2815 1174 2859 aliquo,
1209 2815 1323 2858 aliud,
1360 2815 1479 2849 iubere

1088 2886 1201 2931 28*
