1630 3034
492 133 846 177 IUGURTHA.
881 135 1008 180 CAP.
1039 136 1152 180 XLI.
1419 142 1503 184 239

127 265 242 309 quae
287 249 436 295 media
488 232 655 305 fuerat,
711 251 965 298 dilacerata.
1045 252 1256 297 Ceterum
1297 254 1542 301 nobilitas6

126 348 319 393 factione
353 348 494 407 m‘agis
528 348 750 407 pollebat,
784 349 932 409 plebis
960 337 1203 394 vis'soluta
1237 356 1371 409 atque
1407 352 1501 397 dis-

125 460 258 504 persa
303 446 348 488 in
393 444 670 488 multitudine
706 445 844 489 minus
879 452 1071 504 poterat.
1141 446 1394 491 Paucorum
1429 452 1543 492 ar-7

125 541 254 584 bitrio
291 541 398 584 belli
432 540 643 600 domique
678 541 950 601 agitabatur3
985 556 1123 601 penes
1160 543 1343 587 eosdem
1378 560 1502 590 aera·

124 666 222 702 codd.
241 665 301 699 hic
319 666 393 700 illie
416 677 608 710 paucorum
635 668 824 701 verborum
848 667 992 702 lacunas
1020 680 1094 702 esse
1118 669 1434 705 demonstravimus
1458 671 1503 706 ad

124 738 152 759 c.
177 727 276 768 XXI,
301 726 334 759 4.
361 739 393 770 p.
413 727 493 762 136.
514 731 549 761 et
563 728 608 761 ad
626 728 740 770 XCII,
765 728 798 764 2.
823 740 932 771 quare
948 740 1016 763 non
1034 734 1105 771 est,
1134 741 1196 774 cur
1211 735 1351 774 propter
1373 742 1503 775 pauco-

122 798 200 820 rum
216 787 384 821 librorum
401 798 577 821 assensum
597 788 712 822 verbis
726 789 873 832 receptis
888 789 991 823 fidem
1009 791 1232 834 abrogemus,
1247 802 1353 834 quam
1370 792 1504 828 interna

121 847 249 882 veritas
267 853 433 882 sustentat
452 848 711 883 incredibiliter.
759 849 883 883 Omnis
902 854 1018 883 autem
1040 850 1188 893 suspicio
1204 854 1421 896 corruptelae
1438 855 1504 888 tol-

122 909 207 942 litur
235 920 296 950 eo,
322 910 422 953 quod>
443 910 507 944 illa
533 911 642 944 verba
669 915 808 944 servata
833 914 912 943 sunt
933 911 968 944 iu
988 911 1103 944 Guelf.
1119 910 1153 947 3.
1180 913 1318 947 Balliol.
1336 918 1369 948 et
1390 915 1503 956 Bodl„

121 969 180 1012 qui
207 971 304 1006 codd.
335 971 440 1005 etiam
474 983 504 1007 c.
529 972 632 1013 XXI,
655 972 690 1008 4.
715 976 748 1005 et
769 971 884 1012 XCII,
906 971 938 1004 2.
969 971 1106 1014 plenam
1124 971 1282 1007 Sallustii
1307 975 1503 1009 orationem

121 1035 401 1073 repraesentant,
424 1032 514 1065 unde
536 1036 632 1075 patet
650 1043 692 1066 ex
718 1032 909 1076 integriore
937 1042 1042 1074 quam
1068 1034 1200 1065 ceteros
1229 1034 1325 1068 fonte
1351 1046 1411 1069 eos
1433 1036 1502 1070 flu-

120 1090 220 1124 xisse.
243 1111 288 1116 -
320 1092 373 1125 De
392 1093 541 1136 populus
564 1093 658 1126 vocis
684 1092 885 1137 significatu
909 1102 942 1125 v,
963 1092 1007 1125 ad
1033 1104 1064 1127 c.
1094 1092 1274 1135 LXXXV,
1303 1094 1360 1129 10.
1383 1116 1429 1120 —
1452 1097 1504 1130 ne

120 1152 237 1185 verbis
259 1153 413 1194 trahere,
436 1164 585 1197 rapuere
608 1165 642 1186 v.
665 1153 707 1187 ad
730 1154 805 1186 Cat.
826 1154 884 1194 XI,
903 1152 936 1185 4.
962 1152 1121 1186 Ceterum
1143 1153 1280 1188 Cortius
1296 1155 1392 1189 haud
1408 1157 1504 1190 male

121 1212 208 1246 haec
238 1213 447 1254 violentiae,
488 1215 612 1247 ducere
645 1213 791 1246 astutiae
821 1218 855 1246 et
884 1212 956 1245 doli
988 1224 1063 1246 esse
1098 1213 1192 1249 dicit.
1227 1234 1271 1238 -—
1303 1217 1357 1249 Ad
1381 1218 1502 1259 verba,

119 1273 322 1317 respublica,
346 1286 436 1318 quae
459 1275 603 1307 media
619 1277 754 1317 fuerat,
780 1272 917 1306 Cortius
939 1279 1019 1316 apte
1044 1275 1192 1308 contulit
1215 1274 1292 1309 Liv.
1316 1276 1360 1317 ΙΙ,
1384 1275 1441 1318 57,
1464 1276 1501 1312 3.

120 1333 211 1366 Dum
234 1335 366 1367 tribuni
389 1335 609 1378 consulesque
633 1335 679 1366 ad
702 1345 738 1367 se
762 1335 903 1378 quisque
925 1335 1040 1367 omnia
1064 1335 1220 1375 trahunt,
1244 1337 1331 1370 nihil
1345 1338 1502 1372 relictum

119 1405 192 1428 esse
214 1396 339 1428 virium
371 1396 416 1428 in
439 1395 600 1435 metuo,-
634 1396 905 1428 distractam
941 1395 1290 1440 laceratamque
1320 1409 1502 1442 rempu-

118 1456 281 1488 blicam
307 1456 422 1500 magz's
446 1467 586 1499 quorum
612 1456 650 1488 in
673 1467 776 1488 marm
800 1455 865 1496 sit,
897 1467 1000 1498 quam
1030 1461 1069 1489 ut
1101 1456 1277 1490 incolumis
1300 1458 1345 1491 sit
1368 1459 1501 1503 quaeri.

118 1516 239 1551 Senec.
264 1517 329 1560 Ep.
355 1516 439 1550 Clv.
470 1517 509 1549 Si
531 1517 644 1549 animo
670 1516 849 1559 complecti
872 1516 1019 1549 volueris
1043 1517 1136 1550 illius
1159 1518 1346 1562 imaginem
1369 1524 1501 1564 tempo-

118 1578 187 1618 ris,
219 1578 351 1610 videbis
382 1578 475 1610 illinc
504 1577 638 1620 plebem
666 1581 698 1610 et
723 1588 854 1610 omnem
879 1583 1028 1612 erectum
1053 1577 1101 1610 ad
1124 1588 1179 1611 res
1202 1589 1309 1613 novas
1335 1581 1501 1625 vulgum,-

115 1640 194 1672 hinc
211 1639 394 1681 optimates
417 1642 451 1670 et
477 1641 665 1681 equestrem
691 1638 855 1678 ordinem,
880 1635 1040 1682 quicquid
1064 1643 1140 1671 erat
1165 1639 1201 1672 in
1223 1639 1365 1673 civitate
1389 1642 1502 1676 sancti

116 1706 150 1734 et
175 1701 275 1739 lecti,⁸
306 1699 389 1732 duos
413 1699 457 1731 in
482 1699 626 1731 medio
650 1698 806 1739 relictos,
841 1698 1086 1742 rempublicam
1111 1703 1144 1732 et
1174 1700 1350 1734 Catonem.
1401 1702 1504 1737 Patet

113 1761 225 1805 igitur
265 1760 414 1792 media
454 1759 690 1802 republica
730 1757 924 1802 significari
964 1769 1033 1792 non
1073 1759 1185 1793 solum
1228 1761 1350 1795 bonum
1385 1764 1502 1806 publi-

116 1832 193 1855 cum
215 1821 250 1854 in
275 1821 496 1860 universum,
528 1819 586 1852 sed
609 1819 715 1853 etiam
739 1820 829 1852 cives
851 1819 954 1863 ipsos,
978 1819 1037 1863 qui
1062 1821 1155 1854 veris
1176 1820 1390 1864 reipublicae
1416 1823 1502 1858 rati-

115 1881 238 1916 onibus
262 1881 479 1915 consulentes
501 1884 536 1914 et
558 1891 708 1924 aequum
731 1883 836 1922 atque
859 1878 913 1912 ius
935 1885 1116 1923 sequentes
1144 1882 1321 1916 nullarum
1343 1885 1501 1927 partium

112 1947 203 1976 sunt.
251 1942 411 1975 Ceterum
441 1952 510 1974 non
539 1945 591 1974 est
620 1940 785 1981 dubium,
824 1940 907 1983 quin
931 1940 1115 1974 Sallustius
1137 1946 1172 1974 et
1195 1945 1307 1975 totum
1331 1943 1426 1977 hunc
1450 1945 1502 1977 lo-

114 2013 195 2035 eum
219 2002 261 2034 de
285 2001 445 2034 civilibus
463 2001 729 2035 dissensionibus
745 2004 778 2033 et
795 2001 886 2034 hanc
902 2000 1013 2043 ipsam
1031 2001 1217 2034 dictionem
1234 2013 1275 2035 ex
1293 2002 1504 2047 Thucydide

115 2062 336 2106 expresserit,
361 2061 421 2105 qui
446 2061 537 2095 libro
560 2062 626 2102 111,
651 2061 708 2101 82,
734 2065 819 2093 extr.
842 2060 1014 2094 nobilium
1037 2061 1310 2095 contentionibus
1332 2063 1501 2105 pernicio-

113 2123 162 2156 sis
180 2121 361 2164 expositis:
383 2120 439 2156 τοὶ
465 2120 512 2157 δὲ
536 2122 665 2166 μέσα,
690 2121 814 2164 inquit,
838 2120 927 2155 τῶν
949 2122 1160 2156 πολιτῶν
1183 2117 1246 2156 ὑπ’
1267 2120 1500 2170 ἀμφοτέρων,

115 2178 139 2228 ἢ
162 2178 220 2217 ὅτι
248 2179 294 2216 ου’
317 2181 618 2226 ξυνηγωνίζοντο,
636 2177 658 2226 ἢ
677 2180 812 2226 φθόνῳ
829 2183 899 2216 τοῦ
913 2184 1114 2225 περιεῖναι,
1141 2183 1500 2228 διεφθείροντο.

205 2245 239 2284 §.
262 2240 296 2275 6.
337 2244 508 2287 factione]
543 2242 628 2276 Vide
651 2253 757 2285 supra
780 2243 824 2276 ad
848 2245 881 2284 §-
904 2242 938 2276 1.
965 2262 1008 2266 -
1044 2244 1083 2276 In
1106 2243 1327 2286 sequentibus
1350 2245 1501 2280 editores

114 2304 188 2337 fere
204 2313 333 2343 ornnes,
356 2303 510 2347 exceptis
528 2302 651 2346 Bipp.‚
674 2302 896 2336 incommoda
918 2302 1194 2346 interpunctione
1216 2307 1249 2337 et
1272 2304 1501 2348 explicatione

114 2373 235 2397 veram
259 2348 462 2398 sententiam
488 2364 731 2398 obscurarunt.
764 2363 902 2397 Cottius
918 2363 1009 2397 enim
1026 2368 1155 2397 etcum
1171 2375 1212 2397 eo
1236 2365 1378 2408 plurimi
1403 2378 1500 2400 com-

115 2427 210 2458 mate
245 2428 323 2467 post
352 2424 509 2468 dispersa
541 2428 573 2457 et
605 2424 825 2458 multitudine
852 2424 964 2467 posito
987 2425 1074 2457 haec
1100 2424 1207 2458 verba
1230 2424 1499 2469 interpretantur

115 2484 327 2528 quamvis
358 2485 459 2518 multi
490 2489 619 2526 essent,
654 2495 743 2528 quae
774 2484 883 2525 ratio,
916 2496 1128 2529 quamquam
1151 2497 1214 2530 per
1237 2497 1274 2519 se
1298 2486 1496 2531 legitimum

115 2548 168 2578 est
198 2543 235 2577 in
266 2544 558 2587 praepositionem
583 2555 663 2577 cum
686 2545 836 2578 ablativo
867 2545 1021 2579 iunctam
1045 2542 1117 2579 vini
1141 2547 1365 2581 secundariae
1386 2559 1496 2582 enun-

115 2604 276 2638 ciationis
299 2605 466 2639 sustinere
490 2605 542 2647 (v.
566 2605 609 2638 ad
634 2605 709 2639 Cat.
733 2606 784 2647 11,
810 2605 884 2647 10.)
900 2631 909 2646 ,
934 2610 1049 2640 tamen
1072 2606 1156 2640 huic
1177 2607 1258 2641 loco
1281 2618 1348 2640 non
1371 2619 1496 2642 conve-

114 2666 177 2709 nit,
201 2658 308 2708 quum
331 2665 530 2709 ceteroquin
554 2666 707 2708 dispersa
731 2677 799 2699 vox
822 2665 924 2699 nimis
943 2666 1033 2699 nude
1057 2666 1168 2710 posita
1190 2667 1249 2701 vix
1272 2668 1493 2702 commodum

113 2736 249 2760 sensum
278 2724 434 2761 haberet.
483 2726 769 2771 Coniungendum
798 2731 850 2760 est
880 2726 972 2760 enim
1004 2726 1226 2770 dispersarin
1257 2728 1489 2769 multitudine,
