1630 3034
111 188 195 230 354
483 181 530 225 G.
560 181 887 225 SALLUSTI
919 181 1138 226 CRISPI

77 302 250 349 3Hunc
285 298 459 343 Marius
495 299 672 343 anxium
703 298 969 360 aggreditur
1003 304 1138 359 atque
1172 297 1402 356 hortatur,
1437 299 1500 342 uti

114 395 483 442 contumeliarum
525 396 806 457 imperatoris
855 412 958 440 cum
995 411 1074 440 suo
1121 396 1283 439 auxil-io
1330 410 1501 455 poenas

113 499 263 555 petat3
294 492 525 537 hominem
561 494 621 538 ob
658 494 839 539 morbos
876 493 1023 538 animo
1052 508 1215 554 parum
1249 492 1399 537 valido
1431 507 1504 557 se-

115 639 191 673 tivo
215 636 333 682 poni.“
382 638 483 680 Quae
505 649 613 682 quam
637 641 738 672 acute
761 643 796 672 et
819 649 901 671 vere
923 637 1017 672 dicta
1039 636 1108 671 sint
1131 636 1228 670 haud
1251 635 1357 670 dubie
1378 635 1406 669 ii
1428 647 1503 670 sen-

114 700 225 742 tient,
248 698 309 743 qui
333 698 410 743 pari
435 701 539 742 atque
564 698 776 733 Gerlachius
798 698 932 743 ingenii
954 697 1115 733 acumine
1139 698 1284 742 pollent.
1302 716 1348 722 —-
1372 698 1425 731 De
1450 707 1507 731 ra-

115 761 209 796 tione
233 758 426 794 accusativi
451 760 620 793 satellites
644 771 675 792 v.
701 760 745 793 ad
772 771 800 793 c.
825 760 914 801 Clll,
939 759 972 792 1.

207 825 240 866 §-
264 821 306 857 3:
346 820 489 854 anxium
514 821 739 865 aggreditur]
769 821 917 854 Anxium
939 831 1008 854 non
1031 823 1082 853 est
1105 819 1297 859 timentem,
1313 817 1373 852 sed
1390 817 1508 868 animo

115 885 160 917 ob
182 882 372 923 iniuriam,
397 891 467 924 qua
491 892 529 914 se
565 881 733 915 affectum
759 882 923 925 putabat,
959 885 1172 914 commotum
1199 891 1241 913 ac
1264 879 1366 913 valde
1389 883 1508 923 pertu-

114 944 260 985 batum,
285 941 541 986 ulciscendique
565 942 710 977 consilia
734 946 953 983 moventem3
978 941 1025 975 cf.
1048 952 1078 975 c.
1095 941 1157 982 xl,
1176 940 1209 974 8.
1233 940 1293 983 qui
1315 941 1412 973 locus
1435 940 1508 973 vim

119 1003 285 1037 vocabuli
308 1004 396 1037 bene
419 1002 592 1043 illustrat3
623 1002 664 1037 it.
689 1015 718 1036 c.
746 1003 931 1047 Lxxxn,
955 1002 989 1036 3.
1022 1001 1083 1035 ubi
1107 1002 1290 1043 Metellus,
1315 1001 1442 1035 nuncio
1467 1001 1510 1034 de

116 1064 225 1098 Marii
248 1065 432 1098 consulatu
457 1062 586 1097 mirum
611 1063 647 1097 in
671 1064 814 1098 modum
837 1063 1059 1107 perturbatus
1081 1065 1116 1096 et
1138 1061 1374 1102 excruciatae,
1406 1061 1510 1096 istam

118 1137 192 1160 rem
227 1125 363 1158 anxie
395 1125 514 1158 tulisse
548 1125 684 1160 dicitur.
721 1124 795 1158 Liv.
821 1124 941 1166 XXV,
965 1123 1033 1165 40,
1065 1122 1122 1156 12.
1172 1121 1300 1156 Hanno
1332 1122 1404 1156 iam
1429 1126 1512 1156 aute

119 1187 230 1221 anxi
239 1198 290 1220 us
313 1186 432 1231 gloria
458 1185 542 1219 eius.
565 1205 611 1211 -—
636 1187 857 1232 Aggreditur
880 1185 1002 1229 explic.
1027 1184 1071 1218 ad
1099 1196 1128 1219 c.
1153 1184 1273 1224 XLVI,
1297 1183 1332 1217 4.
1353 1201 1398 1207 —
1423 1183 1513 1217 Con-

119 1246 341 1282 tumeliarum
373 1247 594 1291 imperatoris
623 1252 733 1282 exstat
765 1246 801 1281 in
834 1246 978 1280 Balliol.
1011 1245 1089 1280 Vin.
1113 1246 1148 1280 2.
1186 1244 1302 1279 Guelf.
1336 1243 1371 1278 l.
1403 1243 1439 1279 ὃ.
1477 1244 1512 1278 4.

120 1309 227 1343 Rern.
252 1309 286 1342 1.
312 1307 347 1341 3.
372 1307 484 1341 Paris.
510 1320 538 1342 c.
563 1320 596 1342 x.
643 1309 764 1353 Longe
799 1306 942 1352 plurimi
977 1318 1061 1340 vero
1090 1308 1221 1340 habent
1245 1310 1333 1339 cont.
1359 1305 1512 1349 impera-

120 1370 237 1412 tori,
261 1368 324 1403 alii
348 1373 438 1403 cont.
465 1369 710 1413 imperatore,
742 1368 805 1403 alii
838 1373 928 1403 cont.
952 1368 1244 1413 imperatorem,
1277 1365 1340 1400 alii
1364 1366 1514 1410 denique

121 1436 208 1465 cont.
243 1430 290 1464 in
321 1430 589 1473 imperatorem,
613 1430 705 1473 quod
728 1434 763 1464 et
787 1435 869 1464 ante
894 1428 1051 1463 Cortium
1075 1428 1111 1462 in
1136 1432 1233 1463 textu
1256 1427 1342 1469 fuit,
1377 1430 1413 1461 et
1435 1430 1514 1471 post

121 1503 201 1526 eum
226 1501 248 1524 a
272 1490 467 1532 nonnullis,
491 1492 589 1525 velut
613 1503 635 1526 a
658 1491 850 1534 Muellero,
874 1491 994 1525 Fabro
1018 1492 1053 1522 et
1077 1488 1209 1522 VVeisio
1240 1488 1426 1533 repetitum
1451 1492 1512 1523 est.

122 1553 193 1587 Sed
226 1550 413 1596 quominus
444 1551 513 1584 hoc
547 1563 669 1586 verum
696 1551 909 1595 iudicemus,
942 1550 1026 1585 licet
1049 1550 1172 1585 Livius
1195 1549 1322 1584 dixerit
1344 1550 1371 1592 1,
1395 1549 1454 1593 23,
1479 1548 1515 1585 4.

125 1613 265 1653 Tullus,
292 1612 433 1645 deorum
456 1624 583 1646 numen
607 1613 650 1646 in
678 1624 798 1647 omne
828 1623 983 1646 nomen
1007 1613 1179 1646 Albanum
1204 1612 1516 1657 expetiturum

120 1683 299 1717 poenas
323 1672 507 1712 dictitans,
530 1672 567 1705 in
591 1683 720 1717 agrum
746 1674 918 1707 Albanum
941 1674 1081 1718 porgit,
1105 1673 1216 1707 multa
1240 1673 1389 1706 obstant.
1438 1671 1517 1706 Pri-

123 1744 221 1767 mum
249 1732 325 1777 ipsa
348 1735 543 1766 structurae
574 1732 758 1767 insolentia
781 1744 844 1766 nos
868 1737 986 1767 movet
1011 1733 1253 1776 aliquantum,
1288 1737 1363 1767 tum
1387 1734 1514 1767 verbo-

123 1806 202 1828 rum
237 1792 423 1827 collocatio
457 1792 562 1827 nimis
595 1798 647 1828 est
670 1793 909 1834 incommoda,
940 1794 1068 1838 quippe
1092 1805 1182 1837 quae
1205 1794 1249 1828 ad
1272 1794 1515 1838 coniungenda

78 1888 80 1891 ,
124 1856 233 1889 verba
258 1860 406 1888 contum.
431 1854 468 1887 in
499 1854 619 1898 imper.
655 1855 782 1896 ducat3
816 1854 939 1891 deinde
969 1856 1098 1901 exigua
1130 1855 1290 1889 codicum
1314 1854 1517 1896 auctoritas,

123 1916 185 1960 qui
207 1916 299 1949 hanc
321 1915 532 1958 scripturam
558 1916 710 1959 habent,
743 1926 785 1949 ac
809 1920 1004 1950 ceterorum
1029 1916 1264 1961 discrepantia
1284 1926 1410 1960 parum
1433 1914 1515 1950 fidei

124 1976 208 2010 huic
239 1975 384 2010 lectioni
415 1975 599 2017 concinam
638 1975 786 2020 denique
817 1977 985 2011 orationis
1016 1977 1247 2022 perspicuitas
1270 1977 1425 2021 postulat
1447 1988 1516 2010 non

125 2037 216 2071 nude
249 2036 332 2081 poni
363 2037 575 2071 vocabulum
607 2027 910 2080 εοήωπιεῑὶανηπι,
939 2039 999 2073 sed
1031 2039 1151 2083 quales
1183 2038 1266 2072 illae
1289 2037 1379 2080 sint,
1410 2041 1472 2073 aut
1494 2048 1518 2072 a

124 2109 194 2142 quo
218 2098 354 2138 factae,
388 2097 572 2132 declarari.
619 2100 720 2142 Quae
743 2098 965 2134 incommoda
988 2111 1094 2143 quum
1125 2099 1244 2135 omniu
1265 2099 1433 2134 tollantur
1455 2110 1516 2145 ge-

125 2160 235 2194 nitivo
259 2158 396 2203 posito,
428 2157 512 2200 quin
537 2156 602 2192 ista
626 2159 798 2202 scriptura
822 2171 907 2194 veru
928 2165 1018 2195 essct
1041 2173 1109 2195 non
1133 2160 1389 2202 dubitavimus,
1416 2171 1518 2205 prae-

126 2220 246 2254 sertim
280 2230 388 2263 quum
422 2222 540 2262 pateat
573 2230 615 2253 ex
651 2221 773 2254 eadem
806 2233 926 2256 omnes
956 2222 1114 2256 lectionis
1149 2220 1335 2256 varietates
1362 2220 1516 2256 fluxisse.

127 2282 216 2316 Nam
238 2280 424 2314 nescientes
448 2279 584 2313 librarii
610 2283 718 2315 verba
742 2283 1025 2318 contumeliarum
1049 2285 1103 2318 im
1112 2282 1350 2329 perator-is
1381 2281 1517 2328 signifi-

127 2353 206 2377 care
242 2346 391 2376 contum.
425 2341 478 2373 ab
514 2341 808 2386 imperatore
851 2345 1105 2379 illatarum
1138 2357 1186 2379 sc.
1223 2344 1388 2385 Gaudae,
1421 2342 1519 2378 varie

126 2405 340 2437 structuram
368 2401 533 2445 expedire
565 2403 683 2438 conati
707 2408 796 2438 sunt.
844 2405 1006 2440 ceterum
1040 2406 1082 2439 de
1105 2405 1255 2439 duorum
1281 2404 1516 2450 genitivorum

129 2473 216 2503 usu,
247 2473 396 2505 quorum
420 2464 509 2497 alter
531 2475 573 2497 ex
597 2465 708 2499 altero
732 2466 877 2509 pendet,
910 2466 956 2500 cf.
990 2477 1081 2509 quae
1102 2465 1253 2499 diximus
1276 2466 1319 2500 ad
1343 2476 1372 2498 c.
1400 2465 1513 2505 XXX.

129 2522 152 2557 3
189 2523 286 2556 Adde
310 2523 424 2557 Beier.
448 2524 493 2558 ad
514 2524 586 2558 Cic.
611 2525 654 2559 de
678 2525 750 2559 Oss'.
774 2527 810 2568 1,
835 2526 901 2568 Η,
925 2525 984 2562 43.
1015 2539 1052 2570 p.
1073 2525 1151 2559 107.
1185 2525 1447 2561 Drakenborch.
1470 2526 1515 2560 ad

130 2583 208 2618 mv.
232 2584 340 2625 XXV,
365 2583 421 2625 15,
447 2584 504 2619 11.
554 2587 689 2620 Atinius
711 2587 828 2630 copias
851 2587 887 2620 in
911 2588 1018 2622 aciem
1046 2587 1184 2629 educit,
1209 2587 1414 2621 hostium
1448 2586 1516 2620 ἰη-

131 2644 256 2677 sidia
269 2656 361 2677 rum
401 2645 610 2690 ignarus.
645 2647 833 2690 Wopkens.
861 2648 969 2683 Lectt.
1003 2647 1102 2682 Tull.
1137 2658 1171 2690 p.
1203 2646 1260 2681 89.
1284 2647 1350 2691 (ρ.
1376 2646 1435 2681 50.
1459 2647 1513 2681 ed.

131 2705 344 2748 Frotscher.)
373 2705 573 2740 Daehnimn
608 2707 652 2741 ad
686 2708 773 2751 Nep.
807 2707 901 2742 Milt.
935 2709 1006 2748 111,
1039 2709 1073 2743 1.
1114 2708 1279 2743 Ottonem
1301 2708 1346 2743 ad
1369 2707 1442 2743 Cic.
1471 2708 1515 2743 de

130 2763 231 2799 Finn.
258 2765 284 2806 1,
309 2764 343 2806 5,
367 2765 421 2799 ll.
447 2767 584 2811 Zumpt.
618 2768 693 2802 Lat.
719 2769 877 2804 Gramm.
913 2771 946 2812 §-
970 2768 1036 2810 73,
1061 2768 1093 2803 l.
1129 2773 1202 2804 uot-
1228 2768 1259 2802 1.
1292 2780 1326 2812 p.
1350 2768 1431 2804 337.
1458 2770 1512 2804 ed.
