1630 3034
257 115 313 158 28
873 114 1027 153 INDEX

257 229 420 269 Diliyentia
444 225 603 268 quomodo
629 224 762 258 differat
777 212 818 257 ab
842 226 1004 265 industria,
1023 223 1047 258 1.
1077 224 1130 262 76.
1156 224 1181 255 l.

256 285 407 316 Dimitte-rc
431 282 573 324 aliquem
599 281 803 321 impunitum,
831 278 871 314 C.
900 281 954 321 51,
974 283 1004 313 5.

255 341 409 373 Dimittere
426 338 583 381 quomodo
608 337 742 370 differat
765 338 805 370 ab
833 339 975 377 emittere,
1007 335 1033 370 l.
1062 337 1116 371 31,
1135 336 1185 370 17.

256 398 408 429 Dimittere
431 400 466 428 et
485 395 637 427 demittere
661 393 812 433 confusa,
837 392 863 427 I.
894 393 969 434 102,
990 394 1041 426 11.
1060 392 1065 393 ’
1096 396 1103 401 ‘

256 449 448 485 Διολλύναι
473 453 494 484 i.
518 461 548 493 q.
576 451 727 494 perdere,
754 448 779 483 1.
801 450 856 497 31,
875 448 927 483 17,

256 511 402 542 Dirimere
424 508 563 550 aliquid,
589 508 611 539 i.
640 517 670 549 q.
694 507 824 539 irritum
849 506 1001 544 reddere,
1027 503 1067 538 C.
1098 505 1151 545 18,
1169 507 1200 538 8.

257 567 416 598 Discedere
433 564 591 606 quomodo
611 563 742 595 differat
760 573 779 595 a
798 564 950 601 decedere,
975 559 1000 594 1.
1028 561 1084 601 20,
1105 562 1134 595 1.

255 623 414 654 Discedere
437 622 545 652 victum
576 621 621 651 vel
646 621 796 659 rictorem,
823 619 862 652 (le
889 619 1134 651 contentionum
1159 623 1282 651 eventu
1304 619 1436 653 dieitur,
1472 616 1510 652 C.
1534 620 1586 652 49.
1608 620 1627 651 2

348 664 373 699 1.
403 664 457 704 79,
476 663 508 697 7.

255 724 414 755 Discedere
440 722 595 760 discessio,
622 723 654 752 in
678 719 864 760 sententiam,
891 721 1050 763 quomodo
1079 721 1148 760 fiat,
1175 717 1214 753 C.
1240 720 1293 758 50.
1314 722 1343 753 4.

255 780 428 820 Βὶεοερῑανε
449 779 512 809 iure
534 777 685 817 formula,
710 775 736 810 Ι.
762 777 819 817 21,
837 778 870 810 4.

255 837 431 868 Discernere
457 834 614 876 quomodo
640 833 773 866 differat
796 844 815 866 a
842 835 1011 872 decernere,
1038 831 1079 866 C.
1106 834 1162 873 25,
1180 833 1212 866 3.

255 893 390 924 Disertus
418 890 576 933 quomodo
602 889 735 922 differat
755 900 774 922 a
797 891 946 930 facundus
972 895 1006 922 et
1030 891 1184 930 eloquens,
1206 887 1232 924 I.
1258 890 1314 929 85,
1336 890 1392 923 26.

255 949 473 989 Disiunyunmr
495 947 598 979 verba
623 950 716 979 arcte
742 947 956 978 cohaerentia
984 946 1122 978 vocibus
1145 947 1312 979 nonnullis
1343 947 1560 990 interpositis..
1597 946 1630 981 C.

346 1004 403 1044 29,
429 1003 461 1036 3.

255 1063 408 1093 Disserere
433 1060 558 1103 duplici
583 1064 753 1092 structura
771 1060 803 1091 in
826 1059 940 1091 eadem
954 1059 1192 1091 enunciatione
1211 1059 1364 1102 positum,
1389 1056 1430 1092 C.
1450 1060 1482 1098 5,
1502 1059 1534 1091 ⁴.)-

255 1119 313 1149 Dz'u
333 1127 390 1161 pro
412 1118 459 1149 die
483 1116 606 1148 dictum
623 1116 656 1148 in
679 1115 820 1148 formula
845 1117 896 1147 diu
919 1119 1078 1155 noctuque,
1109 1113 1134 1147 1.
1156 1115 1211 1153 44,
1230 1115 1261 1147 5.
1311 1114 1365 1154 70,
1386 1115 1415 1148 1.

255 1175 394 1206 Diversus
414 1182 508 1215 quam
531 1173 597 1204 vim
618 1171 752 1211 habeat,
783 1168 822 1204 C.
843 1171 877 1212 2,
897 1171 927 1204 1.
979 1172 1010 1210 5,
1029 1171 1060 1203 8.
1110 1169 1136 1204 l.
1153 1171 1207 1211 12,
1226 1172 1256 1203 5.
1308 1170 1363 1211 31,
1381 1171 1441 1205 24-

256 1232 362 1262 Divina
381 1233 407 1261 et
423 1230 556 1260 humcma
575 1229 674 1260 omnia
693 1229 851 1270 quomodo
877 1228 1131 1269 intelligendum
1150 1229 1206 1267 sit,
1236 1225 1262 1260 1.
1279 1228 1311 1266 5,
1329 1228 1361 1261 2.
1414 1227 1468 1268 31,
1488 1230 1518 1261 0.
1555 1254 1558 1256 v

255 1288 369 1319 Docere
392 1285 550 1329 quomodo
572 1284 705 1316 differat
725 1284 765 1316 ab
791 1286 925 1324 edocere,
960 1281 1000 1317 C.
1028 1284 1084 1324 48,
1103 1285 1136 1317 4.
1187 1281 1211 1318 1.
1240 1284 1294 1323 68,
1313 1284 1345 1317 3.

255 1344 367 1375 Docere
392 1343 414 1375 i.
443 1352 473 1385 q.
501 1352 650 1381 narrare,
672 1339 697 1374 1.
727 1340 783 1380 40,
799 1341 831 1374 4.
1142 1333 1145 1336 ’

254 1401 365 1432 Doctus
385 1399 509 1443 triplici
527 1399 620 1431 modo
644 1402 880 1438 constructum,
915 1395 955 1431 C.
974 1398 1030 1438 25,
1048 1398 1081 1432 2.

255 1457 362 1489 Dolere
395 1458 431 1489 dc
464 1457 568 1497 aliqua
598 1465 631 1487 re
654 1455 710 1487 vel
748 1455 852 1496 eliqua
876 1465 908 1487 re
932 1455 1099 1487 diversum
1126 1465 1145 1487 a
1172 1457 1273 1487 dolere
1295 1465 1351 1497 pro
1387 1456 1490 1496 alequa
1516 1465 1564 1490 re.
1614 1454 1628 1489 1

345 1513 403 1553 30,
425 1512 456 1545 1.

255 1570 340 1601 Dolet
358 1570 475 1609 aliquid
491 1570 576 1608 mihi,
603 1567 629 1602 Ι.
649 1569 704 1608 84,
727 1569 756 1601 1.

254 1626 347 1657 Dolus
373 1626 469 1658 varia
487 1626 650 1658 relatione
669 1626 802 1660 dietum.
831 1652 837 1658 .
865 1624 936 1659 136.
957 1626 985 1658 3,

254 1682 348 1714 Dolus
370 1682 392 1713 i.
419 1691 448 1723 q.
476 1681 639 1721 sollertia,
666 1679 705 1714 C.
726 1681 781 1720 26,
800 1682 831 1713 2.

253 1738 340 1770 Dolis
366 1738 553 1770 interficere
579 1738 736 1780 aliquem,
755 1736 779 1770 1.
801 1739 833 1777 6,
853 1740 883 1772 3.

254 1796 383 1826 [romare
408 1795 428 1827 i.
454 1803 483 1836 q.
504 1804 558 1826 res
577 1804 713 1837 asperas
731 1804 901 1837 superare,
929 1792 968 1827 C.
990 1793 1022 1833 7,
1043 1796 1073 1827 5.

253 1852 342 1883 Domi
367 1855 401 1883 et
424 1852 499 1891 soris
526 1851 683 1892 quomodo
709 1851 771 1883 sibi
799 1852 947 1893 opposita
974 1851 1053 1889 sint,
1072 1848 1098 1883 1.
1126 1851 1181 1891 85,
1200 1853 1231 1885 3.

254 1908 341 1938 Domi
357 1908 527 1947 militiaque
544 1907 688 1947 dubium,
710 1904 750 1940 C.
772 1907 826 1946 53,
845 1907 877 1940 2.

254 1964 425 1996 Dominatio
448 1963 631 1996 nobilitatis
656 1964 821 2007 proprium
839 1963 967 2002 vitium,
994 1962 1019 1996 1.
1044 1964 1098 2003 41,
1118 1966 1148 1997 5.

253 2020 364 2052 Domus
391 2029 456 2052 vox
490 2029 562 2052 cum
595 2020 761 2053 adiectivo
794 2020 970 2052 coniuncta
1004 2022 1278 2064 praepositionem
1313 2033 1373 2054 non
1408 2024 1565 2066 requirit.
1616 2023 1627 2058 Ι

345 2076 401 2116 66,
426 2076 456 2109 3.

254 2133 367 2164 Dubius
393 2142 464 2164 cnm
483 2133 594 2165 dativo
619 2134 728 2176 supini
747 2138 982 2167 constructum.
1011 2131 1035 2165 1.
1057 2133 1112 2169 04,
1131 2134 1161 2165 2.

252 2190 343 2221 Dubii
366 2189 476 2228 hostes,
503 2189 523 2220 i.
545 2200 574 2232 q.
595 2190 635 2222 ad
655 2189 764 2231 sugam
782 2189 994 2224 inclinantes,
1020 2187 1044 2222 Ι.
1062 2190 1116 2224 51.
1137 2192 1164 2221 5.

254 2245 288 2278 In
308 2246 398 2277 dubio
416 2256 491 2277 esse,
510 2246 530 2277 i.
552 2256 581 2288 q.
603 2247 634 2278 in
654 2246 800 2289 periculo
818 2257 906 2281 esse.
933 2243 972 2278 C.
994 2247 1094 2282 5215.

253 2302 368 2333 Ducere
383 2307 416 2333 ct
434 2312 541 2342 rapere
558 2303 746 2335 coniuncta.
771 2300 794 2334 1.
822 2304 871 2336 il.
892 2305 921 2335 5.

254 2359 368 2390 Ducere
385 2362 419 2389 et
437 2360 582 2391 ‹reducet-e
599 2359 748 2394 confusa.
775 2357 798 2392 1.
831 2360 905 2394 113.
926 2362 954 2391 5.

253 2415 366 2446 Ducere
391 2415 508 2454 aliquid
530 2416 558 2445 in
585 2417 718 2455 aliquam
742 2426 815 2451 rem,
843 2417 863 2447 i.
884 2427 913 2458 q.
935 2417 1157 2459 interpretari,
1186 2415 1208 2449 Ι.
1231 2419 1284 2450 85.
1305 2418 1356 2449 26Δ

254 2472 348 2501 Duces
375 2471 539 2503 colun-tem
565 2472 628 2503 sibi
651 2472 833 2512 eligebant,
861 2471 884 2504 1.
914 2472 968 2506 08.
1000 2473 1024 2504 l,

256 2527 382 2557 Duvtare
407 2527 569 2560 obscoene
597 2528 738 2569 intelligi
767 2534 885 2571 pou-sl.
915 2527 936 2561 1.
966 2529 1021 2564 21,
1039 2530 1067 2561 2.

255 2583 557 2616 lluslm'v1'.r‹'1‘‹·i!llm
582 2585 603 2617 i.
631 2595 660 2626 q.
691 2596 845 2628 praei-ssi:
874 2586 1048 2619 «ex-erviiui.
1077 2585 1115 2618 (J.
1149 2587 1200 2621 ll,
1220 2589 1248 2617 5.

254 2640 329 2670 Dum
349 2640 480 2673 soloci-e
493 2651 563 2673 cum
582 2642 793 2673 conium-rivo
812 2643 998 2684 praesentis
1018 2643 1175 2677 iunctum.
1203 2641 1225 2674 Ι.
1257 2643 1310 2675 22².
1333 2643 1358 2674 1.
