1630 3034
441 153 806 197 IUGURTHA.
866 151 997 198 CAP.
1024 153 1197 197 XXIV.
1431 159 1513 200 147

125 268 283 313 fecerit
316 266 514 329 pericula
549 284 650 312 mea
684 269 926 330 declarant.
996 269 1118 325 Quid
1154 269 1392 326 relicuum,
1427 272 1546 316 nisi8

125 365 190 409 vis
233 347 412 421 vostra,
442 379 552 434 'quo
599 366 768 409 moveri
806 365 980 425 possit?
1032 367 1150 410 Nam
1195 382 1284 426 ego
1329 368 1547 426 quidem9

127 461 289 506 vellem
326 469 371 506 et
397 461 536 517 haec,
573 476 690 519 quae
726 462 896 516 scribo,
933 468 978 505 et
1011 463 1106 517 ina,
1154 478 1271 521 quae
1306 471 1437 508 antea
1471 465 1514 509 in

126 558 293 602 Senatu
325 564 504 616 questus
541 571 662 613 sum,
705 573 822 601 vana
856 558 1004 602 forent
1038 559 1209 618 potius,
1259 576 1393 618 quam
1429 561 1514 605 mi—

124 652 239 704 seria
283 669 386 698 mea
428 654 567 699 fidem
610 654 757 698 verbis
795 654 979 700 faceret.
1059 654 1156 699 Sed
1197 657 1405 714 quoniam
1451 673 1505 702 eo
1521 656 1573 694 10

121 860 202 883 mus
233 849 276 883 nd
314 862 347 884 c.
371 850 502 891 xvm,
526 849 559 883 9.
595 853 630 884 et
657 850 701 884 ad
725 849 833 886 Catil.
859 849 1020 892 XLVIII,
1047 850 1079 884 l.
1102 850 1148 884 cf.
1172 850 1249 886 Liv.
1272 852 1365 894 xxi,
1390 852 1448 890 26.
1473 853 1509 888 2.

122 911 160 944 C.
198 912 396 945 Atilium
442 921 517 944 cum
559 922 625 944 sua
666 912 802 956 legione
844 912 1011 944 auxilium
1041 913 1139 954 serre
1174 912 1352 946 Manlio
1383 915 1510 954 iubent,

98 968 195 1015 *qui
217 971 290 1005 sine
313 973 383 1006 ullo
407 972 594 1005 certamine
622 973 792 1005 'sanetum
813 974 982 1016 pervenit.
1007 971 1054 1004 id.
1077 972 1142 1013 IV,
1166 970 1229 1013 58,
1263 973 1297 1008 4.
1331 975 1512 1008 tarditatis

121 1042 246 1064 caussa
279 1031 316 1064 in
349 1037 520 1065 senatu
553 1032 669 1077 magis
694 1033 790 1075 suit,
825 1043 928 1076 quam
962 1032 998 1065 in
1030 1033 1269 1075 tribunis,
1303 1035 1401 1077 qui,
1425 1036 1510 1079 quia

119 1102 255 1125 summa
278 1092 314 1124 υἱ
336 1097 469 1126 restare
492 1094 772 1132 nunciabantur,
800 1103 925 1135 parum
950 1093 1293 1137 cogitaverunt
1317 1095 1415 1127 nulla
1439 1097 1510 1129 vir-

121 1155 196 1185 tute
219 1153 379 1195 superari
402 1153 632 1186 humanarum
655 1153 781 1186 virium
807 1153 956 1188 modum.
981 1153 1074 1188 Flor.
1098 1153 1169 1194 111,
1197 1151 1240 1194 5,
1265 1153 1320 1188 16.
1336 1157 1509 1197 fiduciam

119 1211 304 1255 oppidanis
326 1213 508 1246 resistendi
530 1213 724 1246 nuncius
751 1214 850 1255 fecit,
875 1213 997 1246 docens
1021 1214 1213 1246 adventare
1246 1213 1507 1258 Lucullum,

120 1272 195 1316 qui
216 1283 279 1315 per
301 1273 432 1306 medias
453 1273 601 1306 hostium
624 1284 731 1306 naves
754 1279 831 1306 utre
853 1284 1034 1316 suspensus
1058 1279 1231 1307 evaserat.
1256 1273 1336 1308 Ter.
1362 1276 1507 1311 Phorm.

119 1333 170 1374 11,
204 1332 240 1373 3,
273 1332 331 1366 24.
366 1344 543 1378 nunquam
574 1339 649 1368 tam
686 1334 809 1378 grauis
836 1334 885 1366 Ob
921 1334 1039 1366 hanc
1064 1334 1265 1367 inimicitias
1289 1347 1447 1379 caperem
1471 1338 1507 1371 in

119 1398 275 1427 nostram
292 1394 535 1436 familiam
552 1419 562 1437 ,
590 1395 729 1436 Quam
753 1394 782 1426 is
807 1399 1012 1437 aspernatur
1042 1405 1133 1426 nunc
1167 1399 1238 1427 tam
1276 1396 1508 1439 illiberaliter,

117 1454 180 1487 ubi
203 1465 236 1486 v.
262 1455 388 1487 Donat.
413 1455 541 1489 Nostro
562 1456 639 1488 loco
662 1454 769 1487 etiam
801 1454 972 1488 minorem
1008 1465 1082 1486 esse
1110 1455 1301 1489 sententiae
1332 1458 1509 1503 ambigui-

119 1519 227 1549 tatem
244 1519 387 1559 propter
403 1514 541 1548 varium
565 1514 717 1558 proximi
741 1515 891 1547 nominis
914 1526 1038 1559 genus,
1061 1513 1121 1547 vix
1143 1520 1194 1548 est
1218 1517 1309 1559 quod
1333 1529 1506 1554 moneam.

117 1575 221 1618 Quod
256 1574 467 1609 Gerlachius
500 1580 618 1608 autem
650 1587 714 1619 quo
747 1576 950 1619 pronomine
973 1580 1088 1608 vostra
1111 1577 1268 1610 excusari
1293 1579 1435 1620 statuit,
1458 1580 1506 1621 id,

116 1646 161 1669 ne
192 1635 276 1680 quid
308 1636 455 1681 gravius
489 1635 626 1678 dicam,
660 1635 816 1678 ineptum
847 1639 909 1669 eet.
967 1635 1135 1679 Turpiter
1165 1636 1257 1669 idem
1289 1638 1455 1679 caecutit,
1478 1638 1508 1672 si

116 1696 228 1730 uliam
260 1696 523 1730 nimiiitudinem
554 1696 644 1729 inter
674 1702 831 1730 nostrum
860 1697 977 1730 locum
1011 1701 1044 1730 et
1078 1708 1108 1731 c.
1134 1697 1332 1738 xxxvul,
1357 1698 1389 1732 6.
1417 1700 1506 1742 ΟΙΙΙ,

115 1756 150 1790 l.
183 1756 256 1790 Cic.
291 1757 383 1800 Epp.
414 1756 459 1789 ad
492 1756 630 1789 Famm.
662 1757 735 1802 111,
769 1757 812 1800 5,
845 1757 881 1791 3.
915 1761 950 1791 et
984 1757 1087 1797 XIII,
1120 1755 1187 1798 75,
1224 1757 1259 1791 4.
1295 1757 1508 1793 intercedere

114 1821 227 1861 putat.
794 1852 797 1854 .

208 1879 241 1918 §-
274 1875 309 1910 9.
357 1880 391 1910 et
423 1877 521 1918 haec,
552 1888 643 1921 quae
667 1877 794 1920 scribo,
828 1881 862 1910 et
887 1876 962 1919 illa,
995 1889 1084 1922 quae
1109 1878 1230 1921 antea]
1258 1876 1398 1910 Leviter
1423 1877 1504 1911 libri

115 1936 334 1980 discrepant3
370 1937 475 1970 Aeaci.
509 1937 629 1971 omisit
662 1943 792 1977 antea5
827 1938 945 1970 Guelf.
973 1938 1028 1970 11.
1052 1938 1160 1971 habet
1184 1942 1217 1970 ct
1240 1939 1374 1981 reliqua
1399 1944 1505 1972 antea

116 2008 203 2040 quae
230 1997 266 2029 in
292 1998 450 2036 Senatu5
474 1996 509 2030 in
534 1998 612 2032 Vat.
636 1997 669 2030 5.
697 1998 789 2030 Med.
815 1997 871 2030 11.
896 1997 982 2030 Min.
1008 1997 1042 2030 1.
1068 1997 1161 2030 deest
1184 1997 1265 2038 illa,
1297 1997 1394 2030 cuiue
1426 1998 1505 2032 loco

116 2054 153 2089 in
176 2056 260 2088 Ven.
283 2054 316 2088 3.
345 2067 387 2090 ea
411 2057 576 2091 habetur,
625 2057 693 2090 Sed
718 2057 805 2098 haec
829 2056 947 2090 omnia
971 2056 1141 2089 eiusmodi
1168 2059 1266 2096 eunt,
1298 2060 1337 2089 ut
1373 2056 1507 2090 scriba-

116 2125 197 2149 rum
229 2115 464 2159 negligentiae
497 2117 553 2150 vel
585 2116 697 2160 lapsui
727 2117 927 2150 debeantur.
977 2115 1198 2159 optimorum
1232 2116 1330 2150 codd.
1355 2117 1508 2151 auctori-

117 2177 225 2208 tatem
261 2174 297 2207 in
329 2175 475 2220 vulgata
512 2176 784 2219 conspirantium
819 2178 937 2210 firmat
960 2175 1066 2209 etiam
1102 2175 1201 2209 Serv.
1227 2177 1270 2210 ad
1297 2177 1393 2222 virg.
1419 2178 1505 2214 Aen.

116 2234 154 2279 l,
177 2234 258 2269 396.
316 2236 434 2278 Quare
467 2236 605 2269 Curtius
637 2237 701 2270 illa
733 2237 970 2279 imprudenter
1002 2236 1142 2269 delevit.
1175 2255 1219 2260 —
1254 2237 1382 2272 Forent
1412 2238 1505 2273 idem

116 2306 198 2329 cum
231 2296 382 2329 Grntero
416 2295 647 2329 omittendum
681 2301 816 2337 censet3
851 2295 907 2329 cui
936 2297 1063 2330 stultae
1097 2295 1277 2340 opinioni,
1309 2308 1330 2331 a
1363 2298 1506 2344 linguae

115 2354 317 2400 ignorantia
350 2356 546 2399 profectae,
583 2355 792 2390 Gerlachius
823 2355 891 2388 hoc
924 2359 1058 2389 tantum
1099 2356 1263 2399 opponit,
1307 2356 1503 2400 elegantem

115 2414 285 2449 orationis
307 2427 487 2450 numerum
510 2417 560 2449 ita
582 2416 660 2450 fieri
692 2416 958 2460 impeditiorem.
1019 2415 1087 2448 Sed
1119 2426 1254 2448 sensum
1287 2415 1393 2450 etiam
1426 2417 1504 2451 fieri

117 2474 253 2517 alium,
285 2487 434 2519 eumque
466 2488 633 2521 perquam
668 2477 951 2518 incommodum,
986 2475 1019 2508 id
1052 2487 1119 2508 non
1152 2482 1252 2510 curat
1288 2477 1327 2510 V.
1359 2478 1429 2518 1).;
1452 2478 1501 2511 cf.

115 2537 254 2581 Zumpt.
282 2537 439 2571 Gramm.
466 2538 542 2571 Lat.
569 2539 601 2578 §-
627 2536 693 2578 8⁰,
718 2536 752 2571 9.
776 2542 846 2571 not.
871 2538 903 2571 1.
930 2549 960 2580 p.
986 2535 1066 2569 443.
1089 2536 1143 2570 ed.
1168 2536 1225 2569 lv.

209 2600 240 2640 §.
267 2598 324 2631 1⁰.
369 2603 411 2632 ut
435 2597 630 2642 Iugurthae
653 2599 816 2631 scelerum
840 2597 988 2631 ostentui
1013 2596 1134 2639 essem]
1162 2595 1188 2628 1.
1215 2607 1244 2629 e.
1271 2601 1309 2630 ut
1330 2597 1504 2642 Iugurtha

116 2659 271 2692 omnibus
294 2660 394 2703 quasi
418 2658 650 2702 spectantibus
672 2658 809 2692 scelera
833 2657 867 2690 in
892 2668 948 2690 me
975 2667 1132 2689 exercerc
1155 2659 1189 2688 et
1224 2661 1395 2690 ostentare
1426 2670 1504 2701 pos—

118 2721 179 2751 tet.
204 2717 251 2750 ef.
280 2717 398 2752 Tacit.
421 2719 558 2754 Annali.
585 2719 668 2758 xil,
706 2719 772 2759 14,
804 2717 839 2751 5.
871 2718 1063 2750 Parrhaces
1096 2716 1336 2750 Meherdatem
1367 2718 1508 2751 auribus

1118 2788 1234 2829 lo*
