1630 3034
421 196 760 241 CATILINA.
791 210 794 213 ·
829 192 964 245 ΟᾈΡ,
997 194 1190 240 xxxvl.
1419 200 1504 241 165

32 343 42 350 -
110 320 228 370 tem,
263 318 391 359 antea
425 314 738 371 sollicitatam‚‘
757 313 889 357 armis
930 317 1129 369 exornat,
1166 309 1271 360 cum
1305 311 1499 358 fascibus
1530 301 1533 305 ¹

111 404 385 464 atquefaliis³
401 428 403 430 ·
421 406 582 465 imperi
623 404 867 464 insignibus
912 403 972 447 in>
992 409 1134 449 castra
1177 403 1236 448 ad
1271 403 1497 447 Manlium

111 496 352 542 contendit.
423 496 554 541 Haec
589 496 666 539 ubi
699 495 878 538 Romae
913 500 1148 556 comperta
1194 500 1317 551 sunt,
1353 494 1498 539 Sena-
1521 508 1552 549 2

109 583 186 632 tus=
226 587 464 632 Catilinam
518 592 564 631 et
607 583 829 630 Manlium
851 582 1012 630 'hostis
1064 585 1260 639 iudicat;
1316 591 1495 631 ceterae

20 678 37 728 ξ’
108 677 378 721 multitudini
413 676 533 721 diem
570 678 736 733 statuit,
777 682 880 721 ante
914 692 1051 735 quam
1098 677 1191 722 sine
1233 676 1395 721 fraude
1438 676 1495 719 li-

108 774 235 831 ceret
265 769 324 813 ab
359 768 490 812 armis
526 767 785 825 discedere,
828 774 1011 829 praeter
1052 783 1202 815 rerum
1236 767 1496 830 capitalium

106 945 130 970 a
156 934 263 970 recta·
282 934 351 969 -via
372 935 589 970 devertisse.
638 935 843 971 “Praeterea
884 936 1047 972 vicinitas
1094 937 1282 972 sollicitata
1325 934 1499 978 armisque

106 998 276 1027 exornata
297 1004 368 1027 non
391 996 503 1037 potest
524 992 596 1026 alia
617 992 684 1027 nisi
706 992 835 1026 Arretii
859 992 894 1026 in
917 993 1061 1028 Etruria
1085 1005 1169 1029 esse.
1194 1014 1240 1019 —
1279 993 1364 1027 Cum
1380 991 1495 1035 fasci-

106 1051 179 1092 bus,
203 1061 236 1084 v.
261 1049 408 1093 Appian.
431 1051 474 1084 B.
500 1051 541 1084 C.
562 1051 606 1091 Π,
628 1049 661 1083 3.
687 1050 780 1084 Plut.
805 1050 868 1084 vit.
893 1051 967 1087 Cic.
992 1063 1022 1087 c.
1042 1051 1098 1088 16.
1126 1071 1173 1078 ·-
1207 1051 1392 1095 Comperta
1415 1052 1495 1081 sunt

106 1104 226 1141 omhes
247 1107 378 1141 habent
400 1107 523 1148 codd.3
545 1107 686 1141 Cottius
709 1112 826 1142 tamen
849 1113 928 1142 sunt
953 1108 1080 1143 omisit.

198 1168 230 1208 §.
254 1165 287 1199 2.
329 1165 440 1198 -hostis
472 1165 626 1209 iudicat]
663 1166 691 1198 Ι.
717 1177 747 1199 e.
776 1166 993 1209 perduelles3
1028 1165 1186 1209 apposite
1219 1164 1358 1199 Coi-tius
1391 1162 1498 1196 affert

107 1222 179 1256 Cic.
203 1223 248 1256 de
271 1222 340 1256 off.
371 1223 398 1263 1,
425 1222 481 1262 12,
512 1221 545 1255 1.
577 1222 665 1255 illud
697 1223 803 1256 etiam
844 1223 1108 1263 animadverto,
1143 1223 1233 1266 quod
1264 1221 1325 1267 qui
1357 1219 1499 1264 proprio

106 1280 242 1314 nomine
264 1279 452 1323 perduellis
477 1283 584 1320 essct,
618 1280 648 1312 is
671 1281 777 1314 hostis
800 1285 982 1314 vocaretur
991 1291 1004 1320 ‚·
1038 1279 1247 1323 quibuscum
1271 1279 1385 1327 plane⁸
1413 1287 1499 1309 con-

105 1336 279 1377 sentiunt,
309 1347 402 1379 quae
425 1336 536 1369 Varro
566 1337 608 1369 L.
639 1336 678 1370 L.
707 1337 765 1378 lv,
799 1337 834 1371 1.
869 1336 987 1371 tradit.
1015 1354 1061 1363 —-
1105 1337 1188 1370 Sine
1215 1335 1371 1379 fraude,
1403 1333 1438 1367 h.
1465 1343 1496 1366 e.

104 1393 180 1428 sine
203 1393 351 1434 damno,
387 1393 479 1436 quod
502 1403 752 1436 saepenumero
775 1395 886 1437 poena
911 1397 1065 1435 constat3
1089 1393 1186 1426 fraus
1209 1391 1302 1425 enim
1326 1394 1360 1425 et
1384 1389 1499 1424 active

105 1450 235 1483 dieitur
278 1449 323 1482 de
354 1449 549 1493 decipiendi
584 1450 798 1494 fallendique
829 1451 966 1493 studio,
1001 1454 1035 1484 et
1067 1450 1205 1494 passive
1234 1449 1278 1482 de
1300 1459 1365 1489 eo,
1401 1447 1496 1490 quod

105 1507 230 1541 fraude
253 1506 520 1540 commissa-vel
543 1507 576 1540 ei
600 1506 661 1550 qui
684 1507 779 1551 fecit,
812 1509 869 1542 vel
897 1508 958 1552 qui
990 1519 1113 1552 passus
1144 1510 1216 1548 est,
1251 1505 1398 1547 accidit,
1433 1505 1496 1539 i.e.

105 1565 362 1599 incommodum
386 1563 460 1597 sive
482 1564 740 1598 detrimentum.
787 1565 841 1598 Cf.
865 1565 1052 1599 Ruhnken.
1077 1565 1122 1598 ad
1146 1564 1230 1598 Ter-
1247 1563 1355 1597 Andr.
1365 1562 1406 1604 V,
1416 1561 1451 1603 4,
1462 1560 1496 1594 8.

104 1623 142 1656 in
157 1622 325 1665 ,fraudem
348 1621 458 1655 illicis.
474 1627 483 1633 ¹
506 1621 625 1664 Quare
649 1622 825 1655 formulae
848 1623 922 1656 sinc
949 1622 1083 1666 fraude
1116 1621 1244 1664 duplex
1275 1631 1393 1654 sensus
1423 1629 1499 1652 esse

104 1683 231 1722 μοῑθεῐ,4
252 1683 314 1711 ant
337 1679 478 1718 sincere,
501 1689 593 1717 vere,
617 1682 656 1712 ut
680 1679 771 1723 apud
796 1679 895 1714 caes.
919 1679 963 1714 B.
989 1678 1155 1721 C.11,22,
1175 1679 1208 1713 1.
1258 1679 1495 1712 Massilienses

104 1747 179 1770 sese
202 1735 327 1768 dedere
350 1737 424 1768 sine
440 1735 574 1778 fraude
597 1737 825 1776 constituunt,
844 1740 911 1769 *aut
933 1737 1007 1770 sine
1030 1737 1180 1779 damno,
1212 1734 1290 1770 Liv.
1323 1735 1352 1777 1,
1378 1733 1438 1777 24,
1460 1733 1496 1769 5.

104 1793 196 1838 quod
212 1793 286 1825 sine
309 1794 444 1834 fraude
472 1804 551 1826 mea
571 1794 755 1837 populique
779 1793 931 1826 Romani
957 1795 1031 1836 fiat
1057 1793 1169 1837 facio.
1217 1792 1344 1834 XXVI,
1374 1791 1432 1833 12,
1459 1789 1494 1825 5.

104 1851 166 1896 qui
187 1851 270 1883 civis
294 1850 491 1895 Campanus
515 1855 598 1884 ante
623 1855 754 1885 certam
779 1851 871 1885 diem
894 1852 1088 1894 transisset,
1111 1851 1185 1884 sine
1200 1851 1334 1894 fraude
1359 1853 1459 1883 esset.

193 1907 653 1953 practer—condemnatis]
688 1908 934 1942 Condemnatis
966 1918 1079 1951 neque
1102 1919 1185 1941 cum
1207 1902 1339 1942 Dahl'io
1363 1906 1510 1947 referes

104 1966 151 2000 ad
173 1965 282 2006 verba
304 1966 395 2000 diem
418 1965 564 2006 statuit,
586 1975 698 2008 neque
721 1976 801 1999 eum
824 1965 1008 1999 Prisciano
1031 1965 1142 2006 xiil,
1169 1964 1227 2008 21,
1253 1962 1334 2000 161.
1365 1975 1400 2007 p.
1431 1962 1490 1997 85-

104 2019 171 2056 Ed.
196 2023 263 2057 KrL'
290 2033 355 2067 pro
386 2023 629 2056 condemnatos
661 2021 793 2055 dictum
815 2021 962 2066 putabis.
1008 2022 1150 2056 Dudum
1173 2016 1266 2055 enim
1289 2021 1495 2064 interpretes

104 2081 265 2115 viderunt
306 2080 453 2124 pendere
500 2090 521 2113 a
553 2079 664 2113 verbo
697 2079 799 2120 licen
837 2084 980 2124 praeter
1013 2081 1131 2113 autem
1166 2078 1374 2112 adverbium
1406 2087 1492 2117 esse,

105 2150 171 2181 pro
189 2143 436 2182 praeterquam
458 2135 624 2180 positum.
671 2135 790 2170 lustin.
818 2136 915 2176 XIII,
931 2134 965 2169 5.
997 2137 1149 2169 omnium
1181 2135 1376 2168 ciuitatium
1407 2145 1492 2167 exu-

47 2201 58 2210 s
106 2195 173 2235 les,
201 2198 345 2239 'praeter
379 2194 494 2227 caedis
519 2193 699 2235 damnati,
730 2193 1012 2226 restituebantur.
1059 2192 1103 2226 ef.
1128 2192 1221 2236 Aug.
1245 2189 1414 2224 Matthias
1445 2188 1495 2223 ad

107 2251 181 2285 cic:
212 2263 246 2295 p.
280 2252 305 2285 1.
338 2252 497 2284 Man.‘'c.
525 2250 584 2290 23,
610 2250 669 2285 67.
711 2250 852 2283 videbat
890 2250 1055 2293 populum
1091 2249 1135 2282 R.
1167 2259 1236 2282 ποπ
1276 2246 1492 2291 locupletari,

103 2311 244 2353 praeter
263 2317 406 2350 paucos.
452 2307 625 2351 Heusing.
659 2307 702 2340 ad
727 2307 797 2342 Off.
816 2306 912 2347 11,2‚
930 2305 965 2339 3.
999 2317 1062 2339 nec
1092 2306 1274 2350 quicquam
1306 2304 1404 2337 aliud
1437 2308 1490 2337 est

105 2365 334 2409 philosophia,
356 2368 498 2408 praeter
520 2364 672 2396 studium
694 2360 900 2408 sapientiae.
931 2361 1109 2395 Drakenb.
1136 2361 1178 2395 ad
1202 2362 1279 2396 Liv.
1297 2360 1408 2404 v,53‚
1429 2360 1488 2395 13.

106 2425 142 2456 et
165 2421 384 2464 Oudendorp.
419 2421 465 2454 ad
495 2420 594 2454 Caes.
619 2420 661 2453 B.
687 2421 732 2454 G.
757 2421 785 2462 Ι,
804 2420 838 2461 5,
859 2419 915 2460 3.,
946 2430 988 2452 ex
1021 2417 1121 2452 euius
1152 2417 1320 2464 exemplis
1341 2420 1489 2464 apparet

106 2480 198 2513 hanc
226 2478 436 2522 particulam
468 2477 642 2521 imprimis
673 2476 821 2511 relativo
853 2479 1014 2520 sequente
1043 2475 1150 2510 fuisse
1185 2473 1357 2532 positam,
1388 2486 1423 2509 v.
1456 2486 1488 2509 c.

26 2547 38 2567 ¹,
108 2536 184 2570 Cic.
209 2536 298 2580 Epp.
323 2536 366 2569 ad
390 2535 496 2569 Attio.
515 2535 556 2576 V,
575 2534 610 2569 3.
640 2536 755 2569 nullas
779 2535 892 2568 adhuc
917 2534 1091 2578 (litteras)
1116 2531 1336 2578 acceperam,
1357 2544 1488 2577 prae-

109 2600 180 2629 ter
211 2605 299 2638 quae
323 2593 409 2626 mihi
441 2592 542 2625 binae
575 2593 612 2625 in
638 2593 833 2626 Trebulano
866 2591 1026 2625 redditae
1057 2595 1147 2625 sunt.
1194 2592 1235 2625 In
1268 2591 1325 2625 his
1350 2589 1489 2624 Rundi-

109 2661 254 2685 mannus
277 2651 372 2684 Instt.
397 2648 500 2682 Tom.
518 2647 562 2682 11.
587 2659 620 2692 p.
648 2649 706 2683 20.
737 2660 862 2694 parum
894 2651 1055 2683 accurate
1086 2648 1116 2682 is
1144 2658 1302 2693 pronum.
1328 2658 1409 2680 cum
1431 2657 1489 2680 re·-

109 2706 216 2752 petito
250 2705 469 2744 substantivo
511 2706 740 2751 supplendum
773 2709 882 2752 putat.
938 2706 1057 2751 Neque
1097 2700 1268 2743 assentior
1287 2702 1491 2749 'Herzogim
