1630 3034
445 192 818 236 IUGURTHA.
879 193 1005 237 CAP.
1035 195 1219 240 LXXV.
1429 200 1513 241 399

127 305 246 365 t'um,
299 323 389 368 quo
435 309 639 355 Numidis
695 316 1015 371 praeceperat,
1072 317 1117 356 et
1170 317 1316 357 castra
1367 314 1511 373 posita

125 406 381 464 munitaque
406 413 526 464 sunt,
561 412 683 451 tanta
717 412 902 467 repente
934 408 1065 453 'coelo
1101 408 1233 454 missa
1270 410 1332 454 vis
1367 426 1511 470 aquae

127 502 310 559 (licitur,
355 508 405 546 ut
449 518 504 547 ea
547 503 683 548 modo
727 504 937 548 exercitui
982 505 1086 549 satis
1121 521 1347 566 superque
1376 508 1508 555 foret.

124 599 363 644 Praeterea
409 606 682 645 commeatus
729 615 811 660 spe
857 601 1074 661 amplior,
1121 602 1224 662 quia
1269 604 1546 664 Numidae‚8

123 775 168 809 ud
193 775 228 809 id
252 775 384 816 relato,
414 775 505 818 quod
530 785 654 820 parum
678 775 797 818 adest,
829 775 889 809 sed
913 775 958 810 ad
991 775 1045 818 id,
1079 777 1171 820 quod
1198 782 1363 822 superest.
1389 798 1436 807 —·
1460 782 1509 815 De

119 838 295 869 structura
317 834 567 869 adverbiorum
589 836 675 870 satis
698 847 866 880 superque
889 848 971 871 cum
993 849 1066 872 esse
1089 838 1352 875 coniunctorum
1375 841 1422 878 cf.
1444 853 1508 876 no-

120 899 192 930 tata
213 895 258 929 ad
283 908 314 930 c.
338 896 412 937 vll,
434 896 468 930 6.
495 898 529 929 et
552 895 596 930 ad
621 907 649 929 c.
676 897 767 938 xlv,
792 896 846 931 11.

209 959 240 999 §.
265 955 301 990 8.
347 957 384 991 in
405 968 496 990 nova
520 956 715 1001 deditione]
752 958 863 991 Recte
893 957 1033 993 Curtius
1056 958 1236 995 annotavit
1259 973 1352 995 nova
1373 962 1506 998 dictum

118 1026 195 1049 esse
216 1027 279 1060 pro
302 1018 442 1052 recenti.
492 1017 630 1051 Nouum
655 1017 747 1051 enim
775 1018 927 1060 dicitur,
960 1020 1052 1063 quod
1067 1031 1193 1064 1quum
1225 1026 1326 1056 antea
1350 1034 1418 1056 non
1446 1035 1504 1057 es-

118 1080 186 1119 set,
209 1088 300 1111 nunc
323 1077 454 1112 exstitit·
479 1081 583 1121 atque
606 1082 679 1119 est3
712 1090 829 1112 recens
853 1091 964 1122 nuper
987 1081 1126 1114 demum
1155 1084 1190 1116 et
1221 1092 1265 1115 ex
1289 1082 1388 1116 brevi
1416 1087 1506 1118 tem-—
1523 1070 1533 1079 ⁸

116 1149 201 1182 pore
222 1149 298 1173 esse
320 1138 455 1183 coepit3
487 1139 576 1173 illud
598 1150 671 1172 rem
695 1139 853 1183 designat
876 1140 1030 1175 inusitati
1061 1147 1096 1176 et
1128 1141 1260 1176 insoliti
1292 1144 1449 1187 generis,
1482 1156 1507 1195 a⁴

116 1198 293 1241 prioribus
324 1203 360 1233 et
391 1204 493 1235 antea
527 1199 679 1245 cognitis
704 1200 897 1242 diversam,
932 1201 1000 1234 hoc
1034 1202 1276 1237 tantummodo
1301 1203 1344 1237 ad
1368 1209 1503 1249 tempus

115 1259 265 1303 pertinet
283 1263 317 1294 et
341 1260 431 1296 nihil
456 1261 552 1295 aliud
577 1260 725 1303 indicat,
757 1273 863 1305 quam
888 1273 955 1296 non
980 1263 1129 1297 multum
1154 1263 1321 1307 temporis
1345 1265 1502 1300 effluxis-

116 1332 172 1363 se,
195 1332 238 1355 ex
262 1332 331 1365 quo
362 1322 495 1366 aliquid
521 1322 652 1356 factum
676 1321 732 1355 sit.
784 1321 879 1355 Νουο
904 1322 1101 1366 oppositum
1126 1328 1178 1357 est
1201 1325 1394 1369 antiquum,
1420 1326 1444 1363 i.
1469 1339 1500 1362 e.

114 1381 149 1415 id
166 1406 178 1423 ,
209 1383 300 1425 quod
333 1382 419 1415 olim
450 1381 540 1423 fuit,
571 1381 630 1415 sed
662 1393 751 1414 nunc
783 1392 850 1414 oon
878 1382 1028 1426 amplius
1052 1387 1162 1417 exstat
1190 1388 1224 1418 et
1247 1384 1319 1419 iam
1344 1386 1404 1421 diu
1427 1399 1501 1422 esse

114 1442 218 1477 desiit
231 1455 253 1485 ς,
276 1443 406 1477 recenti
436 1441 634 1486 oppositum
665 1445 716 1474 est
745 1447 865 1483 vetus,
901 1442 922 1475 i.
948 1453 978 1476 e.
1012 1441 1067 1485 id,
1100 1444 1190 1486 quod
1223 1445 1294 1480 iam
1327 1459 1369 1481 ex
1393 1449 1500 1494 longo

111 1507 270 1548 tempore
292 1508 345 1538 est
374 1514 415 1537 ac
441 1503 500 1536 diu
534 1502 604 1536 iam
627 1494 779 1535 duravit.
829 1501 984 1536 praeivit
1014 1502 1107 1536 hanc
1138 1504 1406 1547 explicationem
1430 1510 1501 1544 Lu-

113 1564 192 1598 dov.
217 1564 416 1598 Doederlin.
442 1563 673 1608 Synonymm.
700 1563 792 1597 Latt.
818 1564 894 1598 Vol.
919 1564 976 1597 IV.
995 1574 1073 1608 cap.
1100 1563 1179 1599 111.
1204 1567 1237 1607 ἓ.
1262 1566 1296 1601 4.
1329 1579 1362 1611 p.
1381 1567 1438 1604 83.
1465 1574 1501 1605 et

112 1626 144 1667 §.
170 1624 226 1659 21.
253 1637 288 1669 p.
309 1624 355 1659 95
374 1636 425 1668 sq.
462 1628 597 1658 secutus
619 1625 660 1660 P.
686 1623 882 1658 Manutium
907 1624 952 1658 ad
981 1625 1050 1658 Cic.
1077 1625 1164 1669 Epp.
1190 1626 1260 1669 XI,
1285 1628 1356 1671 21.;
1380 1630 1500 1674 planen

111 1697 178 1729 que
201 1690 418 1731 congruunt,
442 1696 532 1729 quae
557 1684 679 1719 Cicero
703 1684 831 1720 Tusce.
855 1686 925 1727 ΙΙΙ,
949 1685 1007 1727 31,
1032 1684 1090 1720 75.
1113 1687 1156 1721 de
1179 1687 1214 1720 vi
1239 1699 1357 1723 recens
1379 1694 1414 1725 et
1437 1702 1499 1726 ve-

108 1751 166 1781 tus
197 1747 449 1780 vocabulorum
483 1745 655 1781 disseruit.
703 1746 758 1780 lta
788 1746 882 1789 apud
912 1745 1029 1780 Tacit.
1063 1747 1149 1782 Ann.
1175 1747 1211 1792 Ι,
1236 1748 1301 1793 48,
1327 1750 1360 1785 1.
1411 1752 1499 1787 Ger-

109 1806 266 1840 manicas
300 1807 532 1850 defectoribus
566 1807 721 1841 dandum
752 1808 866 1841 adhuc
905 1807 1057 1851 spatium
1088 1813 1212 1849 ratus,
1253 1812 1284 1844 si
1315 1813 1496 1847 recenti

108 1869 261 1912 exemplo
284 1868 349 1901 siba·
371 1868 439 1912 ipsi
458 1869 695 1910 considerent,
719 1887 766 1895 -
788 1879 949 1902 recens
972 1869 1115 1912 exempl.
1146 1868 1356 1914 intelligitur
1377 1873 1497 1916 paullo

108 1932 189 1963 unte
211 1929 284 1973 (cf.
307 1940 338 1961 c.
363 1927 422 1971 44,
448 1929 511 1972 2.)
547 1929 697 1968 editum
730 1929 788 1963 sed
813 1929 848 1962 id
872 1929 989 1972 ipsum
1013 1940 1076 1972 per
1095 1940 1132 1962 se
1154 1934 1345 1972 spectatum
1369 1944 1494 1967 novum

107 1993 195 2024 erat.
245 1989 272 2022 A
305 2000 389 2022 vero
422 1994 541 2023 autem
573 1989 752 2023 aberravit
785 1989 1003 2034 Herzogius‚
1036 1990 1096 2033 qui
1119 1991 1164 2025 ad
1189 1990 1289 2025 Catil.
1317 1992 1495 2034 xxxva,

107 2049 140 2083 2.
163 2061 198 2093 p.
223 2049 303 2082 191.
326 2060 454 2082 novum
478 2048 676 2092 oppositum
700 2052 815 2083 conset
836 2050 947 2083 veteri
956 2075 965 2090 ‚
989 2050 1151 2083 seductus
1174 2050 1265 2085 Livii
1292 2052 1377 2086 locis
1401 2054 1492 2096 vm,

107 2109 165 2151 17,
189 2109 223 2143 1.
275 2109 389 2143 Novi
419 2111 572 2144 consules
596 2122 619 2144 a
642 2110 884 2144 veteribus
916 2111 1067 2144 exercitu
1097 2115 1256 2154 acceptu
1288 2116 1323 2147 et
1344 2114 1407 2155 IX,
1432 2114 1490 2156 24,

106 2170 140 2204 1.
176 2170 338 2203 Consules
361 2170 547 2204 exercitum
572 2170 763 2215 accipiunt,
801 2182 936 2216 magna
969 2175 1071 2214 parte
1107 2176 1313 2207 veterum
1342 2175 1490 2209 militum

107 2231 251 2264 dimissa
281 2230 500 2274 novisque
535 2231 728 2264 cohortibus
759 2231 795 2265 in
828 2232 1096 2275 supplementem
1128 2232 1300 2267 adductis.
1346 2233 1491 2269 Scilicet

104 2291 187 2324 novi
216 2290 377 2324 dicuntur
399 2291 571 2333 consules,
604 2302 672 2325 nou
705 2291 788 2336 quia
818 2303 928 2336 nuper
958 2291 1203 2337 magistratum
1229 2292 1399 2337 inierunt,
1431 2295 1490 2330 sed

104 2355 261 2394 respectu
291 2351 416 2395 prioris
446 2351 538 2386 vitae
569 2363 673 2394 suae,
697 2353 758 2386 ubi
796 2353 954 2386 consules
982 2365 1050 2386 non
1086 2358 1210 2394 erant3
1244 2365 1354 2398 neque
1382 2356 1490 2392 aliter

103 2423 214 2446 nouae
237 2411 391 2446 cohortes
414 2407 661 2456 intelligendae
681 2418 772 2454 sunt,
798 2425 865 2447 non
887 2413 1040 2457 proximo
1063 2413 1204 2447 demum
1229 2417 1384 2459 tempore
1407 2429 1490 2452 con-

40 2465 47 2490 ”
102 2471 272 2515 scriptae,
298 2472 357 2505 sed
386 2472 500 2506 factae
532 2484 574 2506 ex
598 2473 818 2515 hominibus,
851 2474 910 2518 qui
937 2480 1043 2508 autea
1065 2475 1216 2508 nondum
1240 2475 1411 2519 stipendia
1435 2477 1485 2511 fe-

105 2532 249 2574 cissent3
280 2533 325 2566 cf.
357 2532 434 2577 lug.
466 2532 674 2575 LXXXVII,
706 2533 740 2568 3.
788 2535 917 2568 Contra
950 2539 1083 2568 veteres
1112 2535 1268 2569 consules
1303 2541 1402 2580 sunt,
1425 2538 1486 2582 qui

102 2591 176 2627 iam
200 2604 261 2637 per
293 2593 438 2637 longum
470 2596 624 2636 tempus,
655 2593 679 2627 i.
711 2606 742 2628 e.
775 2606 838 2638 per
869 2595 1044 2639 integrum
1080 2606 1230 2638 annum,
1265 2600 1485 2634 consulatum

103 2657 303 2697 gesserunt,
336 2653 424 2687 sicut
455 2658 587 2687 veteres
617 2655 776 2689 cohortes
808 2655 990 2697 dicuntur,
1023 2667 1112 2699 quae
1143 2657 1214 2691 inm
1245 2670 1307 2702 per
1338 2659 1484 2704 longum

103 2716 238 2757 tempus
259 2714 475 2755 militarunt,
506 2713 596 2747 unde
625 2716 781 2749 veterum·
816 2715 911 2750 dicti.
959 2715 1086 2751 Nostro
1119 2721 1236 2752 autem
1269 2719 1347 2753 loco
1371 2732 1483 2754 nova

103 2772 232 2808 deditio
260 2775 355 2809 nullo
379 2776 482 2810 modo
505 2786 582 2810 csse
603 2778 713 2820 potest
735 2775 810 2810 ded.
845 2787 866 2811 a
889 2776 1011 2821 quavis
1044 2777 1116 2814 alia
1137 2779 1310 2815 deditione
1331 2779 1483 2822 diversa,

348 2828 361 2844 Ι
