1630 3034
339 179 345 184 ”
407 172 769 217 IUGURTHA.
829 172 1202 218 CAP-LXXIX.
1391 177 1477 217 415

30 306 37 312 ·
100 292 388 354 sponsionem
421 291 612 348 faciunt,
657 290 720 334 uti
754 294 877 334 certo
913 288 986 334 die
1023 289 1160 350 legati
1193 288 1331 334 domo
1364 305 1475 350 pro-

98 362 422 444 ficiscerentur3
472 403 563 447 quo
597 388 642 432 in
676 385 778 431 loco
806 386 1003 430 interse
1039 386 1159 430 obvii
1191 386 1397 443 fuissent,
1441 387 1476 431 is

99 486 343 530 communis
388 485 618 543 utriusque
660 483 822 543 populi
867 482 965 527 finis
1010 483 1267 526 haberetur.
1335 483 1512 543 Igitur5

98 581 373 641 Carthagine
408 581 498 624 duo
535 579 692 623 fratres
727 578 871 635 missi,
908 580 1066 637 quibus
1095 594 1260 623 nomen
1294 580 1475 624 Philae-

97 679 162 723 nis
208 684 327 735 erat,
373 682 654 721 maturavere
688 675 773 718 iter
810 674 1028 735 pergere3
1075 675 1355 735 Cyrenenses
1384 682 1475 720 tar-

97 775 193 819 dius
233 775 336 818 iere.
408 772 461 816 Id
504 771 767 817 socordiane
801 787 858 816 an
894 786 999 816 casu
1034 771 1269 829 acciderit,
1315 788 1475 832 parum

95 938 239 972 militem
266 939 440 970 terruerat
465 935 618 979 species,
653 935 741 968 nihil
773 946 873 979 equos
900 934 1035 968 terruit.
1065 933 1105 976 V,
1138 934 1204 976 40,
1226 935 1261 970 3.
1316 937 1398 980 Ipsa
1422 948 1478 970 res

95 998 289 1043 speciesque
316 996 521 1030 miserabilis
543 995 631 1038 fuit.
665 995 755 1028 Cum
773 994 870 1038 facie
893 996 1076 1029 confusum
1101 996 1231 1040 species
1251 995 1358 1030 etiam
1383 997 1477 1040 apud

95 1057 172 1093 Liv.
191 1058 266 1099 XL,
289 1055 348 1098 12,
367 1055 402 1090 4.
427 1055 489 1089 ubi
513 1066 546 1089 V.
570 1056 835 1089 Drakenborch.
860 1074 906 1079 —
936 1057 989 1089 De
1021 1056 1159 1091 variata
1181 1060 1355 1090 structura
1377 1057 1478 1091 abla-

95 1118 176 1153 tivis
197 1116 367 1152 absolutis
390 1127 452 1160 pro
477 1115 651 1149 adiectivo
673 1102 793 1159 positis
815 1127 848 1150 v.
874 1116 918 1149 ad
942 1117 1059 1158 Lxx,
1082 1117 1116 1151 2.
1141 1135 1187 1142 —-
1211 1118 1279 1151 Pro
1295 1118 1474 1152 diuturno-

95 1190 177 1224 que
215 1177 355 1212 Cottius
389 1176 629 1210 tantummodo
663 1175 800 1220 scripsit
832 1176 995 1211 diuturno
1017 1202 1028 1218 ‚
1068 1178 1110 1211 de
1140 1177 1301 1212 codicum
1334 1189 1476 1212 suorum

94 1239 267 1283 scriptura
298 1247 439 1281 prorsus
470 1240 601 1271 tacens.
648 1236 717 1271 Sed
750 1248 791 1270 ex
823 1236 945 1271 ceteris
975 1237 1074 1272 libris
1096 1238 1335 1272 tantummodo
1359 1239 1477 1272 Venet.

94 1299 130 1334 3.
161 1299 326 1343 copulam
355 1308 423 1330 non
454 1295 634 1341 agnoscit,
667 1297 726 1340 qui
758 1297 910 1331 defectus
942 1297 1038 1330 haud
1070 1298 1175 1332 dubie
1204 1309 1246 1331 eo
1275 1302 1372 1333 ortus
1405 1303 1476 1342 cst,

93 1360 186 1404 quod
205 1369 410 1404 praegressa
434 1370 454 1392 o
480 1358 596 1392 littera
618 1369 683 1401 que
705 1358 908 1402 compendio
931 1357 1099 1400 scriptum
1127 1358 1319 1402 absorpsit,
1343 1359 1385 1392 de
1409 1370 1478 1402 quo
1507 1371 1510 1374 ’

95 1421 312 1465 corruptelae
336 1430 463 1464 genere
486 1418 566 1451 vide
591 1418 635 1451 ad
661 1430 689 1452 c.
716 1419 858 1460 XXXV,
891 1418 926 1452 2.
976 1418 1094 1461 Quare
1123 1419 1251 1452 vocula
1276 1419 1368 1462 apud
1391 1419 1478 1453 Cor-

95 1483 185 1518 tium
207 1492 292 1516 casu
318 1479 486 1514 excidisse
511 1478 667 1519 videtur,
704 1489 918 1522 quamquam
945 1477 1019 1512 eius
1043 1478 1200 1513 absentia
1222 1480 1479 1523 quodammodo

95 1546 209 1588 potest
231 1541 274 1576 iis
296 1539 468 1583 excusari,
486 1550 577 1583 quae
601 1539 646 1574 ad
668 1551 697 1572 c.
725 1540 837 1581 XXX,
861 1538 894 1573 3.
926 1537 1192 1582 disputavimus.
1238 1540 1308 1574 Sed
1326 1545 1480 1584 praestat

95 1604 256 1638 codicum
279 1605 413 1636 certam
435 1599 645 1645 scripturam
669 1599 789 1643 sequi,
824 1610 915 1642 quae
937 1600 982 1634 ad
1005 1601 1208 1635 sententiam
1231 1602 1478 1635 accommoda-

95 1665 168 1699 tior
199 1667 269 1705 est,
303 1661 474 1706 siquidem
504 1662 631 1705 copula
661 1670 730 1694 uon
764 1658 971 1703 simpliciter
1002 1671 1132 1694 novum
1162 1662 1342 1706 epitheton
1370 1661 1479 1705 addit,

96 1724 155 1759 sed
185 1734 429 1769 praegressum
460 1725 682 1767 exaggerat,
715 1720 766 1754 ita
790 1723 837 1755 ,ut
873 1732 991 1755 sensus
1026 1721 1072 1756 sit
1103 1723 1140 1756 in
1169 1734 1300 1768 magno
1338 1734 1480 1768 eoque

97 1786 182 1820 diat.
215 1785 261 1826 ln,
292 1783 366 1818 sive
392 1784 429 1818 in
455 1795 502 1818 πι.
530 1789 575 1818 et
604 1781 783 1827 quidem
809 1781 899 1815 diat.
929 1781 983 1821 b.,·
1017 1793 1050 1816 V.
1075 1783 1120 1817 ad
1151 1795 1184 1817 c.
1209 1784 1362 1825 xxxn,
1382 1784 1417 1817 2.
1436 1801 1479 1810 -

96 1846 138 1880 In
159 1845 245 1879 bello
273 1844 410 1878 habui
417 1849 431 1879 t
451 1844 501 1879 ita
524 1843 656 1878 dictum
679 1846 750 1884 est,
771 1845 811 1876 ut
833 1847 1001 1886 perpetua
1027 1847 1062 1878 et
1083 1855 1261 1888 nunquam
1284 1843 1481 1877 intermissa

96 1904 250 1940 bellandi
273 1904 366 1939 ratio
389 1905 621 1950 significetur3
643 1914 725 1937 nam
750 1903 903 1936 durandi
924 1902 1018 1937 notio
1049 1903 1087 1937 in
1117 1904 1255 1938 actione
1279 1904 1399 1948 aliqua
1418 1908 1480 1938 aut

95 1969 187 2001 statu
210 1964 399 2007 conspicua
423 1965 546 1999 habere
570 1965 675 1998 verbo
695 1962 838 2006 propria
862 1965 924 1996 est.
947 1963 1021 1997 Liv.
1050 1965 1185 2007 XXVI,
1205 1963 1263 2007 24,
1285 1963 1321 1998 3.
1374 1965 1479 1998 Vale-

97 2027 172 2061 rius.
195 2025 340 2067 adiecit,
375 2026 550 2059 Romanos
589 2036 629 2058 er:
653 2023 764 2056 sociis*
785 2022 871 2055 alios
904 2021 949 2055 ἰη
986 2035 1038 2057 ea
1064 2027 1261 2068 fortuna
1292 2025 1480 2066 habere,

97 2092 137 2122 ut
159 2085 243 2120 socii
271 2095 366 2126 esse,
391 2095 495 2130 quam
517 2085 608 2118 cives
630 2083 788 2116 mallent.
814 2082 864 2123 X,
881 2081 915 2123 2,
939 2082 973 2119 9.
1020 2084 1161 2128 Semper
1183 2096 1240 2119 eos
1263 2085 1307 2119 in
1339 2087 1478 2120 armis

98 2147 237 2181 accolae
262 2143 358 2178 Galli
381 2144 629 2179 habebant.
654 2142 740 2179 Sall.
763 2143 839 2188 lug.
862 2143 982 2186 XCIV,
1003 2143 1038 2178 3.
1088 2145 1304 2191 Quamquam
1327 2151 1399 2181 toto
1422 2147 1479 2180 die

96 2208 245 2242 intentos
264 2204 394 2249 proelio
419 2204 593 2239 Numidas
624 2204 806 2238 habuerat.
851 2202 969 2238 Nostri
1005 2204 1073 2239 loci
1096 2216 1234 2240 sensum
1260 2206 1357 2241 haud
1385 2207 1480 2241 male

97 2267 191 2312 cepit
212 2264 351 2300 Cottius
374 2264 637 2309 interpretatus:
667 2264 755 2298 bello
788 2274 844 2298 eos
874 2266 1090 2300 exercuit.
1112 2286 1158 2292 —
1180 2266 1275 2301 Inter
1296 2277 1333 2302 se
1355 2266 1479 2312 explic.

98 2329 143 2364 ad
166 2339 196 2361 c.
220 2326 339 2368 LXVI,
362 2324 398 2360 2.

190 2390 223 2432 §.
247 2387 281 2422 4.
305 2390 340 2421 et
361 2384 397 2420 5.
443 2395 549 2430 saepe
574 2383 707 2428 susae]
741 2383 879 2419 Cottius
901 2396 1006 2431 saepe
1029 2385 1166 2428 omisit,
1199 2386 1298 2421 nulla
1318 2385 1479 2422 codicum

99 2447 331 2494 discrepantia
360 2449 492 2481 notata.
537 2445 592 2479 Ex
622 2438 749 2480 nostris
777 2445 926 2481 Goerlit.
953 2450 988 2481 et
1017 2446 1122 2482 Misn.
1146 2456 1214 2481 non
1235 2447 1386 2490 habent3
1417 2449 1478 2482 sed

99 2509 205 2545 ceteri
225 2518 345 2543 omnes
369 2505 460 2541 tueri
482 2504 661 2547 videntur,
694 2517 800 2550 quam
831 2507 876 2542 ob
902 2517 976 2540 rem
990 2531 1000 2549 ‚
1035 2517 1143 2550 quum
1166 2506 1211 2542 ad
1233 2518 1376 2542 caussae
1396 2520 1477 2553 per-

98 2568 318 2614 spicuitatem
350 2560 475 2610 faciat,
509 2575 578 2600 nou
609 2565 837 2602 omittendum
859 2565 1072 2611 putavimus.
1097 2584 1144 2592 —
1180 2567 1259 2612 Quo
1277 2569 1381 2603 modo
1404 2569 1475 2614 Cy-

99 2629 300 2664 renensibus
327 2632 363 2663 et
396 2625 743 2671 Carthaginiensibus
767 2628 921 2673 legiones
943 2627 1051 2662 fuisse
1082 2627 1243 2663 dicantur
1264 2628 1476 2664 ostendimus

86 2690 147 2724 ‘ad
176 2690 254 2725 Cat.
285 2690 386 2732 Lm,
408 2687 444 2723 3.
463 2706 507 2713 —
533 2687 604 2721 Pro
634 2688 875 2733 aliquantum,
900 2688 943 2721 de
972 2698 1042 2732 quo
1066 2699 1099 2722 v.
1123 2688 1168 2723 ad
1193 2700 1224 2723 c.
1248 2689 1405 2733 LXXIV,
1426 2689 1474 2732 3.,

101 2749 257 2784 nonnulli
291 2749 389 2784 codd.
428 2748 521 2783 male
552 2748 682 2784 habent
711 2747 977 2793 aliquantulum.
1010 2767 1054 2773 —
1089 2748 1310 2793 Sponsionem
1332 2749 1473 2792 faciunt
