1630 3034
108 168 192 210 142
474 163 521 208 C.
549 163 882 208 SALLUSTI
913 164 1136 211 CRISPI

111 279 304 340 delegit3
349 293 429 324 eos
474 281 615 326 multa
655 281 916 342 pollicendo
955 298 1009 327 ac
1053 284 1308 330 miserando
1344 300 1498 330 casum

113 392 240 421 suum
284 376 540 435 confirmat,
562 416 564 418 ,
584 378 649 422 uti
689 393 773 439 per
817 377 1012 423 hostium
1056 381 1319 427 munitiones
1363 390 1501 428 noctu

111 473 171 518 ad
205 488 475 534 proxumum
509 490 663 534 mare,
702 475 806 520 dein
840 476 1037 521 Romam
1070 485 1330 538 pergerent.

248 570 415 616 XXIV.
484 571 709 617 Numidae
739 573 895 632 paucis
932 573 1089 618 diebus
1123 576 1241 620 iussa
1277 575 1502 629 efficiunt3

110 667 286 711 litterae
321 667 592 731 Adherbalis
627 669 673 714 in
709 669 877 716 Senatu
911 671 1145 728 recitatae,
1183 687 1372 732 quarum
1399 687 1503 717 sen-

112 764 248 808 tentia
281 764 396 809 haec
425 765 520 812 fuit.

77 866 105 905 2
253 862 359 906 Non
401 877 504 906 mea
550 863 685 923 culpa
729 879 866 923 saepe
913 862 972 906 ad
1021 879 1101 908 vos
1146 871 1321 912 oratum
1363 866 1506 922 mitto,

112 958 268 1002 Patres
312 959 576 1020 conscripti,
625 959 704 1004 sed
751 961 815 1004 vis
848 959 1094 1021 Iugurthae
1130 962 1320 1023 subigit,
1371 977 1506 1020 quem

112 1111 246 1144 licendo
276 1110 414 1145 Bodlei.
440 1112 537 1148 Leid.
561 1113 606 1149 D.
629 1114 676 1148 H.
702 1116 735 1147 et
759 1113 862 1147 Rem.
889 1113 922 1149 1.
946 1114 1196 1157 pollicitando,
1220 1114 1313 1158 quod
1336 1113 1366 1148 si
1389 1114 1508 1158 paullo

110 1173 230 1216 plures
253 1171 335 1205 libri
359 1174 590 1216 praeberent,
615 1187 684 1209 non
707 1176 950 1219 repudiarem,
975 1187 1081 1218 quum
1107 1176 1293 1209 Sallustius
1318 1175 1509 1219 pleniorem

111 1233 264 1266 sormam
297 1244 433 1267 amasse
465 1235 646 1278 videatur,
679 1237 744 1281 (cf.
779 1238 821 1271 ad
847 1249 878 1271 c.
905 1237 1003 1279 vlu,
1028 1237 1061 1269 1.
1086 1237 1188 1279 xil,
1213 1237 1268 1280 3.)
1293 1248 1405 1280 neque
1428 1248 1509 1280 pro-

111 1293 230 1327 babile
253 1294 296 1327 sit
321 1295 454 1328 scribas
474 1297 631 1340 polliceri
655 1299 811 1332 consulto
836 1298 872 1331 iu
896 1298 1086 1341 pollicitam·
1104 1303 1266 1339 mutasse,
1284 1309 1405 1331 eorum
1427 1308 1508 1330 con—

111 1355 291 1389 suetudine
323 1356 367 1388 ad
399 1356 613 1390 contrarium
648 1360 764 1401 potius
805 1360 964 1393 ducente.
1031 1360 1151 1402 Quare
1184 1359 1221 1394 h.
1255 1359 1279 1392 l.
1318 1356 1511 1402 pollii-itari

110 1416 233 1460 paucis
264 1416 356 1460 illis,
391 1418 517 1461 quibus
553 1411 699 1454 fortasse
737 1421 908 1454 memoria
932 1420 1123 1461 haerebat,
1148 1418 1247 1464 quasi
1272 1418 1389 1452 invitis
1413 1417 1510 1452 exci-

111 1477 202 1511 disse
226 1482 321 1521 puto.
350 1496 394 1502 —
421 1480 548 1512 Casum
573 1479 608 1513 iu
637 1481 755 1517 Guelf.
780 1481 814 1515 2.
849 1482 1079 1525 depravatum
1115 1480 1149 1513 in
1183 1491 1365 1520 caussam‚·
1400 1491 1432 1516 v.
1465 1479 1510 1514 ad

111 1539 190 1572 Cat.
216 1539 366 1579 XXXV,
391 1538 425 1572 ¹1.
450 1552 484 1583 p.
510 1540 589 1574 164.
616 1542 703 1575 Tac.
728 1542 797 1585 111,
823 1541 890 1582 17,
916 1542 948 1576 l.
982 1542 1088 1585 ipsius
1114 1553 1244 1585 quoquo
1270 1540 1369 1573 modo
1394 1540 1511 1576 meriti

111 1611 254 1644 gravem
293 1610 411 1632 casnm
444 1601 639 1634 miseratus.
675 1603 942 1636 Drakenborch.
977 1602 1020 1634 ad
1054 1601 1130 1634 Liv.
1168 1602 1352 1642 xxxvn,
1383 1600 1450 1642 17,
1475 1600 1509 1634 7.

111 1660 173 1693 ubi
198 1660 328 1703 pariter
350 1661 524 1694 vocabula
549 1673 648 1695 casus
673 1669 706 1695 ct
730 1674 852 1695 caussa
878 1663 1032 1694 confusa.
1058 1681 1102 1685 -——
1128 1662 1314 1705 Confirmat
1340 1661 1364 1695 i.
1389 1673 1420 1697 e.
1447 1662 1512 1696 du·-

111 1721 263 1754 bitautes
298 1724 331 1753 ct
366 1727 562 1755 recusantes
588 1723 725 1755 tandem
751 1727 952 1766 pcrruovct3
979 1733 1011 1754 v.
1036 1723 1190 1767 llcrzog.
1219 1723 1263 1755 ad
1289 1723 1366 1756 Cat.
1388 1722 1510 1764 XLVI,

110 1780 146 1815 3.
170 1786 203 1814 et
227 1781 270 1814 ad
295 1782 392 1814 Caes.
418 1783 460 1815 B.
498 1784 543 1816 G.
577 1784 614 1825 l,
648 1783 713 1824 33,
738 1783 772 1818 l.
805 1802 850 1808 —-
889 1783 977 1816 Dein
1011 1783 1047 1815 h.
1085 1784 1107 1816 l.
1143 1783 1288 1826 plurimi
1323 1783 1510 1825 exbibent;

110 1842 277 1886 perpauci
312 1843 455 1884 dehinc,
489 1843 556 1877 duo
591 1844 729 1879 deinde.
772 1862 817 1868 —
850 1844 902 1876 Dc
939 1843 1082 1887 imperf.
1115 1843 1205 1877 coni.
1238 1849 1315 1888 post
1347 1856 1512 1889 praescus

110 1902 318 1937 historicum
343 1902 495 1938 diximus
520 1904 565 1938 ad
591 1905 666 1938 Cat.
692 1905 863 1948 XXXlV,
891 1906 924 1938 1.

207 2010 331 2044 xxlv.
382 2013 414 2053 §.
447 2009 471 2044 2
521 2011 673 2055 oratum]
708 2012 818 2045 Orare
843 2009 1052 2045 Gerlachius
1075 2009 1159 2044 dicit
1185 2011 1222 2044 h.
1247 2011 1270 2045 l.
1295 2022 1362 2044 nnn
1386 2022 1462 2045 esse
1485 2011 1509 2045 i.

111 2081 144 2114 q.
179 2081 331 2115 rogare,·
364 2071 423 2104 sed
457 2083 564 2115 quum
599 2078 755 2106 oratores
792 2083 895 2115 saepe
928 2081 991 2115 pro
1016 2071 1146 2115 legatis
1171 2071 1332 2105 dicantur
1355 2072 1417 2116 (de
1441 2083 1512 2116 quo

112 2141 177 2163 usu
201 2141 235 2164 v.
261 2131 527 2167 Drakenborch.
554 2133 598 2167 ad
622 2133 699 2167 Liv.
726 2133 915 2173 xxxin,
940 2131 1008 2172 26,
1033 2132 1086 2176 9.)
1111 2137 1247 2166 oratum
1285 2133 1383 2165 mitto
1417 2132 1511 2166 idem

111 2191 230 2225 valere
253 2196 356 2235 atque
381 2195 517 2239 legatos
541 2195 651 2228 mitto.
699 2193 769 2227 Sed
793 2204 894 2227 orare
919 2192 1017 2225 verbi
1041 2192 1110 2225 hoc
1133 2204 1235 2226 sensu
1259 2192 1420 2237 usurpati
1443 2203 1512 2226 non

114 2257 209 2286 certa
244 2257 379 2287 exstant
411 2255 580 2299 exempla.
637 2254 689 2287 Ad
723 2253 792 2286 boc
824 2252 983 2297 vulgaris
1017 2253 1206 2297 explicatio
1239 2253 1351 2287 multo
1386 2252 1512 2287 melius

113 2313 275 2347 convenit
298 2314 511 2349 Adherbalis
533 2314 702 2358 consilio,
725 2314 786 2358 qui
810 2325 918 2357 quum
943 2324 1018 2347 sese
1042 2325 1211 2347 excusare
1234 2313 1390 2358 studeat,
1416 2312 1512 2347 haud

113 2373 219 2407 dubie
251 2386 318 2408 non
352 2387 394 2409 eo
424 2376 563 2409 veniam
596 2380 736 2419 patrum
774 2375 1000 2418 expetendum
1041 2375 1194 2416 censuit,
1240 2375 1332 2418 quod
1375 2376 1513 2420 legatos

113 2434 243 2469 iterum
277 2436 390 2478 misit,
423 2438 482 2470 sed
517 2438 609 2481 quod
646 2435 763 2471 timuit
795 2447 837 2469 ne
868 2436 1025 2480 precibus
1049 2436 1211 2469 molestus
1226 2437 1347 2479 fieret.
1394 2436 1512 2479 Quare

116 2501 253 2529 oratum
289 2498 387 2531 mitto
417 2502 468 2532 est
489 2499 645 2542 precibus
669 2498 769 2530 adeo.
794 2515 839 2520 —-
867 2497 950 2530 Post
973 2497 1103 2541 subigit
1128 2495 1230 2539 pauci
1255 2495 1354 2528 codd.
1378 2505 1433 2528 me
1458 2494 1511 2528 in-

115 2562 254 2597 serunt,
291 2557 381 2600 quod
415 2557 540 2591 merito
572 2559 616 2591 ab
649 2557 790 2591 editorr.
824 2556 1044 2600 repudiatum
1079 2562 1139 2590 est.
1188 2556 1350 2589 Eiusdem
1376 2553 1511 2589 farinae

116 2620 167 2650 cst
198 2617 354 2661 subegit,
388 2619 477 2661 quod
511 2617 693 2652 duodecim
727 2617 826 2651 codd.
865 2629 928 2660 pro
963 2617 1134 2661 praesenti
1166 2616 1341 2651 exhibent.
1373 2634 1415 2640 -—
1439 2615 1510 2649 Pro

117 2677 361 2721 exstinguendi
386 2689 439 2711 me
464 2678 590 2712 Rivius
618 2690 685 2712 non
709 2679 816 2719 male,
841 2679 898 2712 sed
925 2684 1060 2722 practer
1084 2677 1332 2718 necessitatem,
1362 2675 1510 2709 coniecit

116 2737 358 2781 exstinguendi
382 2739 486 2779 mci3
513 2750 547 2772 v.
568 2739 612 2772 nd
637 2740 710 2773 Cat.
737 2739 873 2786 XXXI,
900 2739 931 2773 5.
959 2760 999 2764 -
1030 2739 1141 2773 Verba
1165 2737 1369 2783 sanguinem
1396 2747 1507 2770 mcum
