1630 3034
110 173 168 214 46
482 169 526 212 C.
559 167 888 211 SALLUSTI
921 169 1137 213 CRISPI

113 286 274 347 populi
317 285 513 328 Romani
559 285 730 329 coleret
765 301 854 330 neu
900 287 1060 344 quibus
1098 288 1252 347 largiri
1285 288 1511 334 insuesce-

114 391 205 436 ret3
242 382 498 442 periculose
534 397 561 425 a
600 384 756 442 paucis
794 384 905 439 emi,
949 385 1074 442 quod
1110 385 1349 428 multorum
1386 392 1510 429 esset.

114 481 164 525 Si
199 495 468 540 permanere
504 479 639 522 vellet
668 480 715 524 in
749 481 837 525 suis
871 481 1063 532 artibus,
1093 482 1209 525 ultro
1240 482 1300 524 illi
1333 489 1377 525 et
1412 482 1515 542 glo-

112 579 225 621 riam
262 583 307 621 et
332 592 525 637 regnum
551 583 811 630 venturum
847 579 913 622 sin
934 579 1251 638 properantius
1283 584 1514 638 pergeret,

114 681 288 719 suamet
325 674 474 733 ipsum
505 675 701 733 pecunia
731 676 1030 735 praecipitem
1067 691 1286 721 casurum.

252 772 331 816 IX.
403 771 480 815 Sic
523 772 698 816 locutus
746 787 849 816 cum
893 772 1044 817 litteris
1092 788 1224 827 eum,
1269 787 1381 830 quas
1421 771 1516 815 Mi„

113 947 173 989 IV,
198 945 232 980 4.
259 943 478 989 comparavit
500 944 617 978 Ptaut.
643 944 756 989 Captt.
791 945 863 987 ΠΙ,
889 944 924 987 4,
950 945 1005 981 18.
1056 947 1104 982 Et
1136 946 1207 980 illie
1230 946 1244 979 i
1253 945 1316 980 sti
1348 945 1408 990 qui
1435 956 1517 989 spu—

113 1013 214 1044 tatur
237 1008 376 1041 morbus
399 1006 574 1040 interdum
599 1008 742 1041 venit.
767 1007 839 1041 Cic.
866 1007 902 1040 in
926 1007 1026 1042 Verr.
1052 1008 1095 1049 ΙΙ,
1120 1006 1176 1049 14,
1200 1006 1258 1041 35.
1310 1007 1429 1040 Huic
1458 1006 1519 1038 he—

112 1070 249 1105 reditas
273 1067 404 1102 venit
437 1072 643 1101 testamento
675 1069 862 1113 propinqui
892 1069 958 1102 sui.
988 1069 1034 1102 cf.
1074 1067 1337 1101 Drakenborch.
1373 1066 1416 1099 ad
1442 1066 1518 1099 Liv.

111 1131 175 1174 IX,
200 1130 269 1172 12,
304 1129 338 1163 1.
364 1132 397 1163 et
433 1128 477 1162 ad
503 1129 636 1172 XLIV,
667 1128 732 1170 17,
757 1130 792 1163 7.
821 1129 992 1163 scheller.
1019 1129 1054 1163 in
1080 1129 1163 1163 Lex.
1201 1128 1307 1172 ampl.
1335 1120 1519 1170 p.12125‚

113 1204 166 1236 sq.
195 1209 241 1217 --
273 1191 342 1224 Pro
376 1195 559 1224 venturum
582 1216 593 1232 ‚
637 1190 729 1234 quod
774 1202 893 1224 omnes
936 1191 1036 1224 codd.
1080 1193 1198 1225 tenent
1216 1214 1225 1230 ‚
1270 1189 1431 1222 Perizon.
1475 1188 1519 1221 ad

113 1254 234 1288 Sanct.
259 1251 347 1285 Min.
370 1251 430 1293 IV,
451 1251 507 1284 10.
531 1251 575 1285 T.
600 1251 643 1285 11.
669 1263 703 1295 p.
723 1250 806 1286 371.
831 1252 884 1286 ed.
912 1251 1003 1285 Bau.
1028 1250 1176 1285 coniecit
1198 1249 1420 1283 scribendum
1446 1259 1520 1281 esse

115 1320 285 1357 ventura,
309 1311 416 1347 huius
439 1312 634 1357 scripturae
657 1312 849 1357 vestigium
875 1312 1044 1356 reperisse
1067 1311 1136 1345 sibi
1168 1311 1265 1344 visus
1288 1310 1324 1344 in
1348 1310 1423 1344 cod.
1447 1310 1520 1342 Da-

115 1374 325 1419 rentriensi,
357 1374 394 1407 in
428 1385 500 1417 quo
523 1379 707 1408 venturam
744 1377 924 1407 exaratum
949 1377 1011 1407 est.
1062 1373 1132 1406 Sed
1157 1373 1304 1417 vulgata
1328 1382 1396 1404 non
1421 1369 1520 1403 solli-

114 1437 275 1477 citanda;
308 1446 342 1468 v,
367 1435 411 1468 ad
435 1434 538 1468 Catil.
564 1435 617 1475 X,
641 1434 674 1467 2.
700 1446 734 1477 p.
761 1433 818 1467 52.
846 1453 890 1458 —
914 1434 994 1475 Illi,
1020 1445 1089 1477 qno
1113 1432 1318 1477 pronomine
1340 1431 1520 1476 signitica-

115 1498 237 1540 turis,
261 1497 308 1532 ad
335 1508 438 1540 quem
456 1495 623 1540 dirigitur
644 1495 738 1536 eius,
762 1507 866 1539 quem
891 1496 1088 1539 loquentem
1114 1494 1247 1528 inducit
1270 1498 1415 1531 auctor,
1441 1502 1521 1525 ora-

115 1560 186 1602 tio,
209 1556 413 1592 insolentius
445 1557 576 1591 dictum
608 1561 660 1590 est
683 1567 747 1599 pro
772 1556 826 1598 ei,
861 1560 899 1589 ut
922 1555 1017 1590 infra
1040 1567 1070 1590 c.
1096 1556 1186 1597 cxl,
1212 1554 1244 1588 1.
1271 1566 1371 1599 quem
1395 1554 1425 1587 si
1450 1553 1521 1586 Ro-

115 1621 231 1657 manis
262 1619 466 1654 tradidisset
503 1617 572 1661 (ita
605 1617 708 1651 Sulla
741 1616 825 1650 dicit
855 1616 1019 1660 Boccho)
1043 1618 1125 1659 sore
1148 1615 1202 1649 uti
1232 1615 1314 1648 illi
1340 1613 1521 1657 (Boccho)

112 1682 305 1729 plurimum
329 1679 523 1713 deberetur.
557 1689 586 1710 c.
613 1678 743 1719 LXIV,
768 1678 802 1711 2.
851 1678 937 1711 Eius
961 1677 1013 1711 rei
1036 1687 1160 1711 caussa
1186 1677 1222 1709 in
1247 1685 1288 1708 eo
1315 1674 1402 1714 sita,
1429 1672 1522 1716 quod¹

115 1746 238 1778 auctor
264 1751 366 1775 suam
388 1739 500 1784 ipsius
522 1749 707 1782 personam
730 1738 766 1772 in
791 1738 885 1780 eius,
911 1750 1014 1782 quem
1041 1739 1238 1781 loquentem
1262 1734 1371 1777 facit,
1406 1735 1522 1767 locum

115 1803 316 1844 substituit3
350 1813 373 1836 a
396 1811 466 1845 qua
490 1799 709 1845 negligentia
741 1803 778 1833 ut
802 1800 840 1834 h.
866 1800 889 1832 Ι.
915 1798 1133 1843 pronominis
1157 1796 1307 1831 mutatio
1330 1794 1523 1839 proficisci-

116 1871 197 1908 tur,
230 1865 280 1900 ita
311 1863 434 1897 eadem
463 1862 543 1895 aliis
575 1860 659 1894 locis
692 1860 789 1894 modi
821 1859 1037 1894 subiunctivi
1072 1859 1108 1893 in
1140 1859 1373 1894 indicativum
1397 1857 1522 1892 mutati

117 1937 242 1962 caussa
271 1929 333 1959 est.
363 1924 410 1958 cf.
435 1923 479 1957 ad
504 1935 535 1956 c.
560 1922 693 1964 LXIII,
719 1923 752 1955 1.
778 1926 813 1956 et
844 1923 889 1956 ad
915 1921 1018 1955 Catil.
1054 1920 1147 1962 xlv,
1171 1919 1204 1953 7.
1230 1932 1266 1964 p.
1290 1919 1339 1953 73
1356 1931 1405 1963 sq.
1454 1918 1524 1953 Ne-

115 2000 185 2034 que
208 1987 364 2022 alienum
396 1983 506 2018 fuerit
529 1983 736 2027 contulisse,
771 1993 863 2027 quae
888 1983 930 2016 de
958 1985 1109 2026 cog-nato
1134 1981 1194 2015 ille
1217 1979 1435 2024 pronominis
1459 1990 1523 2012 usu

115 2048 362 2086 annotavimus
386 2046 431 2080 ad
456 2057 484 2080 c.
509 2045 600 2088 LVI,
624 2043 717 2078 4.-
740 2045 802 2078 Sin
830 2044 1078 2088 properantius
1100 2047 1265 2087 pergeret
1289 2053 1358 2075 non
1387 2045 1460 2081 est,
1485 2044 1523 2073 ut

115 2109 328 2146 Gerlachius
349 2107 606 2150 interpretatur,
630 2104 659 2139 si
677 2104 824 2139 consilia
840 2105 941 2138 nimis
959 2108 1166 2144 maturaret,
1190 2101 1250 2136 sed
1270 2101 1385 2146 potius
1395 2090 1409 2133 :³
1428 2099 1457 2133 ni
1470 2101 1524 2133 ἰη-

116 2171 304 2207 consultius
322 2169 367 2203 ad
390 2167 448 2209 id,
474 2167 565 2211 quod
585 2167 710 2207 vellet,
736 2166 969 2199 contenderet.
986 2184 1032 2190 —
1050 2165 1192 2198 suamet
1219 2164 1328 2207 ipsum
1352 2161 1522 2205 pecunia,

116 2245 207 2279 quae
230 2234 404 2266 structura
425 2228 547 2262 multis
571 2227 726 2261 librariis
750 2226 980 2261 offensionem
997 2225 1172 2270 praebuit,
1197 2221 1339 2268 optimis
1357 2224 1523 2256 sustenta-

117 2300 177 2331 tur
199 2293 298 2329 eodd.
324 2289 446 2326 Guelf.
470 2288 504 2323 5.
529 2287 610 2322 Sen.
635 2288 667 2322 1.
693 2287 790 2322 Leid.
807 2289 847 2322 L.
868 2287 994 2322 Nazar.
1019 2288 1122 2321 Febr.
1144 2287 1174 2319 1.
1188 2287 1269 2319 Bas.
1291 2284 1322 2318 l.
1339 2283 1526 2326 inuitisque

118 2355 221 2396 aiiis;
245 2365 324 2388 eam
346 2349 602 2386 vindicavimus
625 2349 668 2383 ad
693 2348 767 2382 Cat.
795 2349 925 2390 xxm,
947 2348 982 2383 2.
1014 2361 1049 2392 p.
1071 2347 1140 2381 112
1156 2359 1207 2391 sq.
1233 2347 1278 2381 cf.
1307 2345 1460 2379 GronoV.
1481 2343 1526 2378 ud

118 2416 194 2451 Liv.
222 2416 266 2457 11,
287 2414 347 2455 29,
373 2412 408 2447 5.
431 2410 492 2445 ubi
526 2409 746 2444 scribendum
770 2410 912 2445 suismet
936 2411 1004 2454 ipsi
1026 2409 1234 2454 corporibus.
1260 2406 1346 2441 ibid.
1364 2405 1409 2447 11,
1431 2405 1467 2444 9,
1488 2404 1522 2439 5.

119 2476 237 2512 Tacit.
256 2474 415 2515 Amin,
435 2473 493 2513 66,
515 2475 601 2507 extr.
621 2471 770 2505 Histoi-r.
793 2472 852 2512 m,
873 2471 930 2514 16,
953 2474 1038 2505 extr.
1089 2470 1198 2503 Pium
1212 2468 1357 2502 contulit
1369 2467 1527 2501 Gahbier

122 2538 157 2572 in
181 2536 298 2571 Iahnii
316 2535 452 2569 Annuit.
479 2533 610 2567 Philol.
630 2539 664 2566 et
679 2533 834 2576 Paedag.
853 2543 885 2567 a.
907 2531 1011 2566 1829.
1035 2532 1110 2564 vol.
1127 2532 1169 2565 n.
1194 2531 1293 2564 Fam.
1315 2530 1370 2563 lv.
1395 2539 1427 2571 p.
1444 2527 1524 2561 3521.

215 2599 276 2632 lx.
330 2597 359 2630 1.
394 2595 430 2629 2.
486 2605 561 2627 cum
601 2594 725 2628 titteris
757 2594 850 2637 cum]
880 2595 981 2634 Eum,
1006 2593 1098 2637 qnod
1121 2592 1154 2625 in
1175 2592 1294 2624 Guelf.
1311 2590 1343 2624 5.
1366 2595 1400 2623 et
1417 2589 1524 2622 Febr.

123 2661 159 2695 2.
179 2659 296 2698 deest,
314 2661 347 2691 et
372 2656 405 2689 in
425 2655 502 2688 vin.
529 2655 562 2687 2.
585 2655 710 2688 Frane.
739 2655 860 2689 Guels.
886 2654 936 2687 ΙΙ.
958 2655 1052 2687 Vrat.
1075 2654 1109 2687 2.
1135 2654 1253 2686 iocum
1279 2655 1413 2689 mutat,
1439 2649 1523 2682 0012

127 2722 195 2755 tius
213 2731 255 2754 eo
274 2717 415 2752 delevit.
452 2716 662 2749 Gerinrhiua
680 2715 712 2748 in
732 2720 826 2749 tnxtn
847 2716 900 2748 vd.
924 2715 1068 2749 maioris
1084 2713 1239 2750 retinuit,
1262 2711 1295 2745 in
1317 2711 1524 2743 conum-nu.

127 2792 210 2816 vero
236 2792 268 2824 pr
291 2778 384 2818 225..
406 2777 545 2822 cognito
573 2777 679 2811 ctiam
695 2777 740 2810 ub
763 2777 844 2810 Vcn.
864 2776 897 2810 3.
924 2775 957 2809 id
981 2777 1120 2818 abesse,
1145 2774 1251 2808 huius
1269 2772 1345 2805 eod.
1371 2771 1525 2804 auctori-
