1630 3034
471 141 829 194 IUGURTHA.
890 149 1015 193 cAr.
1046 149 1131 193 Lu.
1416 154 1500 193 283

115 285 251 330 quem
287 267 536 328 elephantis
569 274 614 311 et
652 266 769 328 parti
803 265 1034 324 copiarum
1061 255 1334 325 pedestrium
1363 281 1498 325 prae-

115 367 284 410 fectum
320 365 377 408 ab
407 363 624 424 Iugurtha
650 377 786 422 supra
817 361 1018 417 diximus,
1054 362 1131 405 ubi
1168 376 1270 405 eum
1307 361 1498 406 Rutilius

117 468 476 522 praetergressus
514 466 612 514 est,
638 459 869 518 paullatim
904 445 1003 501 suos
1040 458 1085 501 in
1117 473 1308 516 aequum
1350 459 1500 501 locum

116 557 321 612 deducit,
365 570 439 611 ae,
479 554 586 598 dum
617 555 791 613 legatus
828 553 886 596 ad
922 553 1111 610 flumen,
1159 569 1249 611 quo
1285 554 1499 612 praemis-

116 669 188 698 sus
225 658 346 709 erat,
391 651 602 694 festinans
637 651 810 709 pergit,
856 650 1056 706 quietus,
1095 650 1154 692 uti
1187 665 1257 693 res
1293 651 1500 710 postula—

114 751 216 801 bat,
256 748 397 792 aciem
428 752 633 801 exornat,
679 760 824 802 neque
861 745 1041 788 remittit
1076 744 1184 803 quid
1216 746 1382 803 ubique
1409 746 1498 790 ho-

116 846 190 890 stis
226 850 384 905 ageret
419 842 668 901 explorare,
718 842 960 899 Postquam
995 841 1209 885 Rutilium
1246 842 1533 890 consedisse6

115 943 206 985 iam
241 946 287 984 et
326 939 473 983 animo
520 953 709 981 vacuum
746 937 946 996 accepit,
991 938 1209 996 simulque
1246 954 1300 982 ex
1335 939 1500 998 Iugur-

114 1037 222 1082 thae
265 1031 442 1096 Iiroelio
489 1034 727 1076 clamorem
775 1033 928 1092 augeri
950 1067 962 1086 .,
1017 1034 1178 1078 veritus
1222 1050 1279 1078 ne
1325 1035 1500 1094 legatus

117 1132 296 1193 cognita
340 1146 390 1174 re
434 1129 736 1173 laborantibus
786 1129 873 1173 suis
926 1130 1088 1173 auxilio
1136 1130 1255 1174 foret
1274 1164 1286 1187 ,
1332 1131 1501 1185 aciem,

118 1331 153 1354 V.
178 1319 222 1353 ad
247 1331 277 1352 c.
303 1318 430 1360 xvm,
455 1317 488 1352 6.
512 1337 558 1342 —
598 1319 771 1353 Tutata
802 1323 882 1352 sunt
910 1317 1032 1361 optimi
1055 1319 1152 1353 codd.
1177 1330 1297 1353 omnes
1321 1330 1400 1352 cum
1424 1318 1502 1362 plu-

116 1380 217 1415 rimis
252 1378 332 1413 aliis
364 1378 515 1419 habent3
547 1377 583 1412 ἰιι
614 1378 787 1412 nonnullis
821 1383 938 1411 tamen
970 1378 1099 1422 legitur
1121 1385 1222 1421 tuta,
1256 1379 1347 1422 quod
1383 1390 1443 1422 per
1466 1390 1504 1412 se

117 1451 186 1474 non
208 1439 442 1473 damnandum
465 1442 535 1479 est3
559 1438 619 1472 sed
641 1437 757 1472 Latini
783 1437 942 1470 videntur
963 1448 1028 1481 pro
1049 1439 1211 1484 legitima
1231 1440 1408 1484 participii
1432 1440 1504 1474 for-

118 1511 198 1542 ma,
223 1510 314 1543 quae
336 1499 372 1533 in
394 1498 560 1532 adiectivi
583 1499 654 1532 vim
688 1498 848 1538 transiit,
883 1497 1087 1542 plerumque
1123 1500 1371 1543 frequentativi
1395 1499 1504 1543 parti-

117 1560 249 1604 cipium
278 1569 472 1602 usurpasse.
508 1578 552 1582 —
595 1559 728 1602 Ubique
767 1569 978 1601 quamquam
1021 1559 1186 1602 explicari
1230 1565 1346 1604 potest
1387 1560 1504 1604 quovis

120 1622 214 1661 loco,
247 1624 364 1653 tamen
397 1618 511 1663 magis
543 1629 584 1652 ex
616 1618 783 1661 loquendi
807 1630 871 1651 usu
894 1618 1050 1659 videtur,
1087 1620 1116 1653 si
1140 1621 1378 1666 interrogandi
1402 1631 1503 1654 sensu

118 1680 237 1724 capias
262 1685 296 1714 et
318 1680 396 1723 ubi,
428 1679 472 1712 de
503 1690 572 1722 quo
604 1678 742 1712 dicendi
774 1690 924 1731 genereX
936 1681 1108 1721 quaedam
1131 1681 1281 1715 diximus
1304 1683 1347 1715 ad
1372 1682 1446 1715 Cat.
1473 1693 1502 1713 c.

118 1740 248 1782 xxm,
274 1738 307 1773 4.
334 1751 368 1783 p.
393 1740 474 1774 116.
499 1744 533 1773 et
555 1740 601 1773 ad
623 1740 766 1780 xxvn,
794 1740 828 1773 1.
854 1751 886 1783 p.
911 1739 981 1773 12ss
1015 1740 1060 1774 ef.
1086 1742 1161 1786 lug.
1189 1743 1274 1783 MV,
1299 1742 1331 1775 2.
1381 1742 1505 1775 Metel-

119 1802 173 1835 lus
194 1802 406 1844 transfugas
430 1801 604 1845 Iugurtha
629 1801 705 1833 ubi
725 1801 904 1845 gentium,
929 1805 991 1834 aut
1019 1802 1126 1845 quid
1159 1808 1323 1847 ageret
1346 1803 1504 1846 explora-

119 1866 193 1895 tum
217 1862 322 1894 misit.
346 1881 387 1886 —
413 1862 534 1895 Animo
557 1872 688 1894 vacuus
710 1871 779 1894 uon
805 1860 858 1895 ita
880 1859 1014 1895 dictum
1038 1868 1099 1903 est,
1123 1867 1161 1896 ut
1184 1863 1213 1895 F
1217 1874 1330 1907 ragm.
1353 1862 1504 1896 Histoi-r.

98 1911 180 1964 lu,
209 1922 266 1958 29.
307 1923 405 1956 Gerl.
452 1921 623 1955 Antonius
652 1932 825 1954 vacuus
858 1933 882 1954 ιι
921 1922 1061 1963 curis,
1095 1933 1198 1965 quem
1231 1923 1346 1956 locum
1371 1921 1508 1954 Coi-tius

121 1981 216 2015 male
240 1992 322 2015 cum
355 1984 471 2014 nostro
497 1979 656 2015 contulit.
711 1981 847 2014 l‘acuus
883 1980 996 2024 potius
1025 1982 1184 2015 absolute
1216 1981 1422 2025 capiendum
1454 1987 1508 2015 est

121 2041 164 2073 de
187 2051 238 2081 eo,
264 2040 324 2083 qui
347 2039 490 2085 negotio
514 2044 659 2084 urgente
682 2051 750 2073 non
771 2041 920 2083 amplius
946 2044 997 2073 est
1020 2040 1227 2083 implicatus,
1251 2046 1288 2074 ut
1312 2052 1349 2073 se
1371 2042 1508 2075 relaxa*-

122 2111 160 2133 re
183 2101 380 2143 paullulum
411 2100 538 2143 possit3
572 2111 640 2142 quo
676 2111 775 2133 seusu
810 2100 930 2134 Cicero
962 2100 1048 2134 dixit
1071 2102 1147 2134 Act.
1172 2102 1196 2134 l.
1231 2102 1266 2135 in
1292 2102 1388 2135 Verr.
1416 2113 1446 2137 c.
1472 2101 1507 2142 9,

121 2160 179 2193 26.
216 2160 444 2204 Posteaquam
479 2161 541 2193 illa
573 2171 707 2204 magna
748 2172 833 2193 cura
865 2161 1033 2194 liberatus
1077 2173 1150 2194 sum
1171 2187 1181 2203 ‚
1222 2163 1375 2196 animo
1414 2163 1509 2207 coepi

121 2222 228 2254 multo
261 2221 377 2265 magis
409 2230 550 2253 vacuo
584 2232 625 2253 ac
657 2221 767 2253 soluto
800 2221 886 2254 nihil
910 2222 1008 2255 aliud
1030 2221 1098 2254 πίει·
1128 2222 1171 2256 de
1195 2223 1320 2256 iudicio
1344 2234 1452 2268 agere
1476 2228 1510 2257 et

123 2280 295 2325 cogitare.
344 2281 372 2313 Α
407 2290 476 2322 quo
514 2281 672 2323 exemplo
707 2292 919 2324 quamquam
949 2281 1162 2316 Sallustiana
1185 2283 1291 2316 dictio
1315 2294 1356 2317 eo
1381 2283 1511 2326 differt,

122 2339 217 2382 quod
242 2350 373 2372 vacuus
396 2351 464 2372 nun
488 2340 529 2372 ad
559 2340 807 2383 praedicatum,
833 2341 892 2374 sed
915 2343 957 2375 ad
983 2342 1177 2376 subiectum
1200 2344 1370 2387 refertur,
1394 2350 1511 2378 tamen

122 2399 160 2433 id
183 2410 249 2432 non
275 2404 326 2432 est
353 2399 443 2443 quod
469 2399 642 2442 offendat,
677 2407 715 2435 ut
738 2401 949 2436 ostendimus
971 2403 1014 2436 ad
1039 2404 1115 2437 Cat.
1141 2415 1172 2436 c.
1197 2404 1288 2446 mn,
1313 2405 1346 2439 6.
1371 2416 1404 2448 p.
1430 2404 1512 2439 286.

123 2459 168 2492 cf.
194 2459 410 2493 Boetticheri
436 2450 516 2494 Lex.
550 2460 664 2495 Tacit.
697 2472 730 2504 p.
756 2460 790 2494 5.
825 2473 858 2493 v.
884 2463 999 2497 Ablut.
1026 2464 1059 2497 l.
1087 2483 1128 2488 —
1162 2466 1246 2498 Arte
1278 2463 1302 2498 ἰ.
1330 2475 1362 2499 e.
1392 2470 1511 2505 arcte,-

123 2519 183 2553 sed
213 2519 315 2554 illam
350 2520 522 2561 formam,
555 2532 624 2564 qua
657 2521 765 2554 etiam
801 2522 864 2556 alii
899 2524 1083 2568 scriptores
1108 2528 1251 2558 utuntur
1274 2525 1326 2568 (v,
1353 2526 1511 2559 Draken-

123 2578 246 2612 borch.
271 2580 314 2612 ad
339 2580 413 2614 Liv.
443 2581 486 2621 Il,
511 2580 569 2621 34,
594 2582 625 2615 5.
654 2582 781 2614 Duker.
807 2582 852 2615 ad
872 2583 965 2616 Flor.
991 2585 1036 2625 11,
1061 2584 1096 2626 6,
1120 2584 1177 2618 31.
1226 2585 1347 2618 Bremi
1371 2586 1414 2618 ud
1441 2585 1511 2619 Cic.

125 2639 167 2671 de
198 2639 287 2672 Fato
321 2652 351 2673 c.
385 2641 439 2674 14.
478 2653 508 2684 [ι.
535 2640 630 2684 58),
667 2641 856 2677 Sallustius
889 2645 1095 2687 plerumque
1127 2644 1329 2688 praetulisse
1365 2645 1511 2679 xidetur.

127 2697 228 2731 catil.
255 2711 283 2732 c.
305 2700 393 2740 mx,
418 2700 451 2735 2.
505 2701 619 2746 Signa
644 2702 799 2736 artius
823 2704 976 2738 collocat.
1001 2706 1076 2750 lug.
1101 2704 1274 2744 LXXXV,
1297 2703 1354 2737 34.

195 2762 250 2805 11.
1176 2769 1239 2812 19
