1630 3034
419 148 774 193 IUGURTHA.
840 150 968 194 CAP.
1001 150 1066 194 CI.
1339 155 1426 197 539

48 269 249 313 hostibus
305 274 526 312 venturos.
618 267 798 310 Interim
845 266 994 323 Sulla,
1045 282 1179 325 quem
1230 269 1464 328 primurn4

46 365 196 410 hostes
223 365 474 424 attigerant,
511 363 766 408 cohortatus
800 379 916 420 suos,
935 365 1175 408 turmatim
1206 371 1251 408 et
1289 381 1428 423 quam

45 477 252 506 maxume
299 461 506 505 confertis
555 461 677 518 equis
724 461 821 519 ipse
865 460 1027 519 aliique
1065 461 1251 506 Mauros
1293 463 1428 507 inva-

47 558 172 618 dunt,
205 559 340 602 ceteri
372 559 416 602 in
444 559 547 602 loco
575 562 804 601 manentes
836 557 893 600 ab
922 558 1072 602 iaculis
1103 559 1271 602 eminus
1295 559 1430 603 emis-

46 655 102 699 sis
139 670 331 714 corpora
366 661 536 715 tegere,
568 660 612 698 et
647 654 683 697 si
719 654 794 711 qui
828 654 871 697 in
899 670 1054 699 manus
1091 661 1305 699 venerant
1340 655 1428 700 ob·

45 757 264 796 truncare.
335 751 456 795 Dum
492 766 547 795 eo
581 750 719 794 modo
755 751 925 808 equites
955 752 1257 811 proeliantur,
1300 752 1464 796 Boc-5

29 848 155 902 *chus
192 863 293 892 cum
328 846 578 908 peditibus,
615 863 726 907 quos
763 847 912 892 Volux
946 848 1059 892 filius
1095 849 1187 892 eius
1224 848 1430 893 adduxe-

44 983 146 1018 illata
169 987 302 1025 censet,
326 992 467 1027 prorsus
492 983 608 1027 inepte
631 983 801 1017 invadunt
823 982 875 1016 ita
896 982 1162 1029 intelligendum
1192 995 1267 1017 esse
1289 985 1432 1028 praeei-

43 1043 160 1087 pieus,
193 1043 291 1088 quasi
324 1044 566 1088 praecessisset
598 1045 698 1078 Sulla
730 1055 822 1077 cum
852 1044 962 1077 suis.
1020 1044 1098 1078 Alio
1133 1045 1237 1078 modo
1269 1047 1431 1089 peccavit

42 1104 223 1149 Langius,
245 1104 305 1148 qui
329 1105 435 1139 verba
467 1105 540 1149 ipse
565 1105 744 1149 aliique
777 1104 1022 1148 interpretatur
1053 1106 1126 1149 ipse
1159 1117 1253 1139 cum
1287 1112 1430 1151 parte

44 1166 219 1210 equitatus
234 1165 297 1207 sui,
322 1169 360 1199 ut
383 1167 490 1200 ceteri
513 1165 580 1200 sint
605 1171 739 1200 ceterae
762 1171 940 1200 turmae
965 1165 1192 1210 equitum5
1217 1168 1317 1210 quasi
1342 1179 1430 1203 vero

43 1225 79 1260 in
111 1226 181 1260 hoc
215 1227 365 1269 equestri
396 1227 530 1271 proelio
555 1238 693 1262 summa
732 1227 768 1259 vi
809 1226 995 1260 commisso
1027 1226 1127 1260 Sulla
1155 1232 1259 1271 parte
1292 1231 1431 1262 tantum

42 1298 186 1321 suorum
210 1299 292 1321 usus
315 1287 381 1330 sit,
412 1291 543 1322 ceteros
568 1288 698 1322 otiosos
721 1287 912 1332 reliquerit.
958 1286 1035 1321 Non
1059 1286 1173 1321 minus
1196 1289 1290 1322 male
1312 1290 1431 1324 Muek

42 1349 136 1382 lerus
159 1349 289 1393 aliique
312 1348 465 1394 intelligi
488 1349 564 1383 vult
587 1361 662 1390 eos,
696 1349 754 1393 qui
775 1348 983 1393 proximi
1015 1353 1116 1382 erant
1151 1350 1323 1393 equitatui
1348 1351 1431 1385 Sul-

44 1410 120 1452 lae,
151 1421 203 1443 ex
240 1409 427 1455 agmine
460 1409 576 1453 ipso3
609 1409 708 1444 cuius
739 1409 791 1444 rei
822 1420 865 1443 ne
889 1408 1073 1442 minimum
1098 1408 1237 1452 quidem
1260 1410 1432 1447 indicium

26 1470 79 1518 ,3¹¹
103 1469 262 1504 Sallustii
286 1469 402 1504 verbis
427 1473 582 1513 apparet.
630 1470 723 1514 Quid
747 1468 913 1514 quaeris?
938 1469 1067 1513 aliique
1088 1472 1168 1502 sunt
1189 1474 1434 1514 praefecti

44 1531 217 1576 equitum,
250 1541 330 1563 cum
362 1530 435 1574 ipso
466 1530 552 1564 duce
583 1530 727 1564 Mauros
758 1529 970 1563 invadentes.
1022 1529 1137 1564 Ceteri
1159 1534 1276 1565 autem
1299 1532 1433 1567 intelli-

41 1595 173 1637 guntur
195 1594 264 1624 tres
295 1593 433 1624 ceterae
462 1593 578 1633 partes
600 1590 762 1634 quadrati
793 1589 945 1635 agminis
959 1614 970 1631 ,
993 1590 1119 1633 quibus
1143 1590 1298 1627 Manlius
1321 1593 1357 1627 in
1382 1594 1430 1628 si-

43 1652 152 1687 nistra
183 1655 301 1695 parte,
333 1651 369 1684 in
391 1649 504 1693 primo
527 1654 561 1684 et
583 1654 740 1684 extremo
767 1649 909 1694 agmine
940 1650 1071 1684 tribuni
1096 1654 1302 1695 praeerant3
1327 1651 1373 1686 cf.
1401 1663 1432 1685 c.

43 1713 82 1757 C,
106 1713 140 1747 2.
189 1712 291 1746 Solos
313 1715 432 1744 autem
458 1711 609 1754 equites,
642 1715 676 1744 et
711 1710 852 1754 quidem
876 1722 989 1745 omnes
1013 1711 1115 1745 Sulla
1137 1711 1223 1744 duce
1245 1723 1432 1756 pugnasse,

42 1784 111 1807 non
143 1776 278 1807 tantum
308 1771 502 1805 clarissime
529 1771 710 1806 ostendunt
740 1771 918 1815 sequentia
943 1772 1024 1806 dum
1056 1784 1095 1806 eo
1119 1772 1219 1805 modo
1244 1773 1432 1816 equites

42 1834 347 1880 proeliantur
371 1836 448 1874 eto„
471 1833 532 1866 sed
556 1845 598 1866 ex
622 1843 663 1865 eo
688 1843 826 1875 quoque
849 1832 1069 1876 perspicitur,
1095 1832 1188 1876 quod
1211 1833 1317 1866 ceteri
1339 1845 1432 1867 cor-

41 1906 155 1940 pora
186 1894 359 1928 texisse
392 1894 565 1927 dicuntur.
613 1893 718 1936 Quod
751 1903 859 1935 quum
889 1895 1069 1926 scutorum
1102 1903 1168 1936 ope
1202 1893 1327 1933 fiebat,
1353 1893 1435 1938 qui-

44 1957 110 1990 bus
143 1954 273 1998 pedites
307 1955 523 1995 utebantur,
555 1953 660 1987 ceteri
692 1963 761 1986 non
793 1955 980 1996 potuerunt
1011 1952 1140 1996 equites
1163 1963 1250 1988 esse.
1280 1955 1324 1989 cf.
1352 1955 1434 1990 Liv.

44 2016 152 2057 XLII,
174 2014 232 2056 65,
255 2015 290 2050 7.
342 2015 383 2048 In
409 2015 524 2048 orbem
556 2014 683 2047 milites
716 2013 851 2058 coegit,
886 2017 926 2046 ut
955 2013 1109 2047 densatis
1139 2014 1243 2048 scutis
1267 2015 1311 2048 ab
1334 2015 1433 2049 iactu

45 2078 255 2122 sagittarum
298 2079 332 2110 et
371 2076 562 2109 iaculorum
602 2085 675 2108 sese
721 2079 901 2108 tuerentur
919 2098 931 2115 ,
980 2073 1042 2107 ubi
1082 2075 1241 2108 Duker-us
1286 2075 1435 2110 contulit

46 2137 204 2178 XXVIII,
226 2136 261 2178 2,
284 2135 320 2170 6.
342 2136 498 2177 XXXII,
522 2135 589 2179 17,
614 2134 673 2169 13.
697 2153 742 2160 —
775 2134 817 2167 In
840 2134 912 2167 loco
942 2144 989 2167 sc.
1014 2145 1118 2177 quem
1149 2137 1327 2178 tenebant,
1351 2136 1374 2170 i.
1401 2147 1432 2171 e.

44 2208 118 2232 suo.
152 2208 190 2231 v-
214 2197 258 2231 ad
283 2197 360 2230 Cat.
392 2209 421 2231 c.
447 2198 519 2238 IX,
544 2195 577 2230 4.
606 2207 639 2239 p.
665 2193 721 2228 49.
755 2198 789 2228 et
820 2195 865 2228 ad
897 2195 973 2238 lug.
999 2195 1071 2235 LII,
1096 2195 1129 2228 4.
1154 2215 1194 2220 —
1223 2197 1284 2229 Ab
1308 2196 1434 2230 iaculis

45 2263 164 2303 tegere
187 2268 255 2291 non
278 2257 369 2291 idem
394 2269 468 2291 esse
491 2261 595 2301 atque
618 2261 785 2290 contra
817 2256 882 2288 iac.
908 2261 994 2301 teg„
1018 2256 1078 2290 sed
1102 2256 1310 2290 defensionis
1333 2260 1431 2300 pote-

43 2321 189 2361 statem,
213 2328 303 2361 quae
326 2319 370 2352 ab
394 2318 568 2362 particula
591 2317 799 2358 adiuvatur,
831 2327 853 2350 a
875 2316 1044 2360 primaria
1074 2317 1270 2351 remotionis
1292 2316 1433 2351 notione

45 2391 120 2413 esse
142 2379 365 2423 repetendam
380 2404 390 2420 ,
422 2382 516 2412 recte
547 2378 681 2412 monuit
703 2377 864 2412 Handius
889 2377 930 2410 de
954 2376 1106 2411 Particc.
1141 2377 1217 2411 Lat.
1242 2377 1319 2411 Vol.
1344 2378 1370 2410 l.
1395 2388 1430 2421 p.

46 2440 103 2474 40.
129 2442 160 2482 §-
191 2439 225 2473 4.
259 2439 304 2473 cr.
338 2440 476 2482 Zumpt.
511 2439 668 2473 Gramm.
697 2439 775 2473 Lat.
810 2440 843 2480 ς.
874 2438 942 2479 74,
979 2438 1012 2472 9.
1039 2440 1112 2472 not.
1135 2437 1169 2471 1.
1199 2449 1234 2481 p.
1258 2436 1339 2471 361.
1376 2437 1430 2471 ed.

45 2501 101 2535 lv.
131 2522 177 2527 —
202 2501 242 2533 ln
265 2496 388 2534 marius
410 2505 576 2534 venerant
598 2511 705 2544 supra
727 2498 983 2544 explicavimus
1006 2498 1050 2532 ad
1074 2509 1105 2532 c.
1129 2497 1322 2539 LXXXIX,
1346 2496 1382 2532 3.

139 2562 172 2604 §.
199 2559 235 2595 5.
281 2572 391 2605 neque
423 2562 460 2594 in
490 2561 607 2605 priore
643 2571 793 2605 pugna,
825 2559 862 2592 in
893 2559 1017 2593 itinere
1047 2559 1200 2600 morati,
1231 2558 1431 2604 affuerant]

47 2623 147 2657 Haec
173 2622 282 2656 verba
313 2633 334 2655 a
366 2620 480 2664 Bipp„
512 2621 688 2655 Muellero
726 2624 760 2654 et
793 2619 984 2654 Gerlachio
1015 2620 1109 2654 male
1141 2619 1177 2653 in
1209 2619 1432 2664 parenthesin

49 2686 170 2717 coacta
200 2686 297 2724 sunt,
330 2681 550 2727 ignoratione
572 2693 655 2715 usus
677 2680 851 2725 loquendi.
895 2680 986 2714 Nam
1019 2680 1081 2713 ubi
1105 2681 1196 2714 duae
1218 2679 1431 2713 enunciatio-

51 2751 111 2775 nes
145 2741 372 2776 secundariae
409 2753 471 2786 per
501 2742 691 2776 relativum
726 2740 918 2786 primariae
938 2740 1172 2776 enunciationi
1199 2739 1433 2775 annectendae
