1630 3034
158 209 243 249 242
521 199 566 243 C.
597 197 915 242 SALLUSTI
945 196 1170 241 CRISPI

297 317 437 363 XLII.
481 317 600 361 Nam
628 321 868 376 postquam
895 314 1104 360 Tiberius
1136 321 1180 359 et
1212 313 1264 359 C.
1293 312 1543 365 Gracchus,

162 430 354 476 quorum
408 414 598 458 maiores
647 412 820 456 Punico
866 417 1000 470 atque
1046 411 1139 456 aliis
1187 411 1314 456 bellis
1360 411 1546 455 multum

161 513 433 573 reipublicae
469 509 755 565 addiderant,
803 507 1027 552 vindicare
1062 508 1245 569 plebem
1280 510 1324 552 in
1361 508 1544 551 liberta-

162 617 253 653 tem
288 615 332 653 et
366 622 617 668 paucorum
653 606 821 651 scelera
860 605 1118 665 patefacere
1154 620 1372 666 coepere,
1417 603 1548 648 nobi-

164 706 261 749 litas
306 706 436 750 noxia
460 686 616 762 ratque
661 718 715 747 eo
759 703 963 762 perculsa
1007 702 1145 746 modo
1189 718 1272 763 per
1318 701 1462 746 socios
1497 715 1549 743 ac

165 818 331 847 nomen
374 800 613 857 Latinum,
673 799 896 844 interdum
950 815 1034 859 per
1087 799 1257 857 equites
1306 799 1551 848 Romanos,

164 979 249 1004 nam
271 967 332 1001 ubi
356 967 509 1011 primum
534 978 574 1001 ex
596 965 777 1000 nobilitate
799 965 926 1009 reperti
950 968 1029 999 sunt
1061 969 1128 999 etc.
1174 965 1223 998 Ac
1257 963 1423 1008 quoniam
1454 962 1552 997 artis-

166 1028 255 1062 sime
277 1039 358 1061 cum
382 1027 439 1062 his
457 1028 646 1061 cohaerent
668 1025 861 1070 sequentia,
885 1037 966 1059 nam
980 1030 1161 1070 postquam
1182 1026 1258 1061 Tib.
1277 1031 1311 1060 et
1330 1025 1366 1059 C.
1381 1023 1556 1058 Gracchus

167 1094 252 1129 etc„
284 1089 361 1122 luce
393 1087 524 1122 clarius
554 1091 624 1128 est,
655 1087 699 1120 de
725 1087 891 1121 Gracchis
913 1087 1007 1120 hunc
1036 1086 1152 1119 locum
1177 1097 1252 1119 esse
1274 1084 1553 1129 intelligendum.

167 1168 212 1176 —
236 1149 413 1183 infelicius
445 1148 552 1183 etiam
582 1147 720 1182 Curtius
752 1153 910 1182 versatus
943 1151 996 1182 est
1031 1146 1067 1180 in
1099 1146 1216 1180 verbis
1249 1147 1414 1181 dissensio
1446 1145 1557 1179 ciuilis

168 1210 269 1255 quasi
303 1210 487 1255 permixtio
516 1214 632 1243 terrae
663 1208 746 1243 oriri
775 1209 886 1254 coepit
919 1207 1168 1242 constituendis
1197 1212 1301 1251 atque
1334 1204 1558 1250 explicandis.

169 1271 266 1305 Adeo
292 1271 386 1305 enim
410 1271 558 1315 vulgata
582 1269 733 1303 offensus
756 1275 829 1310 est,
862 1273 921 1311 ut,
953 1269 1036 1302 licet
1059 1269 1158 1302 codd.
1182 1268 1328 1302 minime
1350 1272 1467 1303 tantae
1489 1277 1557 1300 au-

170 1332 293 1366 daciae
317 1331 487 1373 favermit,
511 1341 554 1364 ex
578 1330 726 1364 libidine
750 1330 916 1364 scriberet
938 1330 1183 1374 permixtio
1207 1330 1317 1363 civilis
1343 1329 1444 1374 qnasi
1466 1327 1558 1361 dis·

171 1394 316 1427 cessio
333 1398 448 1428 terrac
465 1392 549 1426 oriri
563 1392 685 1435 coepit,
702 1403 807 1435 quam
825 1391 1059 1426 coniecturam
1073 1390 1284 1424 Gerlachius
1302 1389 1337 1423 in
1350 1388 1558 1422 Commenta

172 1465 208 1498 p.
231 1452 301 1487 277
314 1465 363 1497 sq.
389 1464 456 1487 non
480 1453 656 1487 dubitavit
678 1452 918 1487 acutissimam
943 1456 976 1486 et
1000 1451 1297 1497 elegantissimam
1321 1459 1464 1483 vocarm
1490 1447 1558 1481 Sed

173 1514 254 1547 vide
276 1525 385 1558 quam
409 1517 512 1547 acute
535 1517 638 1558 atque
661 1514 840 1558 eleganter
859 1514 1100 1558 permixtio
1126 1514 1236 1547 civilis
1261 1510 1457 1556 comparari
1480 1521 1560 1553 pos-

173 1574 219 1608 sit
250 1586 330 1608 cum
362 1575 654 1608 discessione
691 1579 829 1617 terrae,
870 1574 928 1607 vel
953 1574 1125 1608 illustrari
1149 1575 1217 1608 hac
1240 1573 1415 1618 imagine,
1453 1581 1561 1615 quum

175 1636 390 1669 discessionis
413 1635 588 1668 vocabulo
611 1633 828 1679 significetur
851 1634 995 1677 aliquid,
1022 1635 1114 1678 quod
1139 1638 1239 1669 antea
1263 1634 1484 1668 coniunctum
1507 1643 1562 1664 es·-
1615 1628 1619 1630 ⁷

177 1700 248 1738 set,
272 1695 392 1729 divelli
415 1702 451 1729 et
475 1694 649 1739 disiungi,
675 1695 858 1739 permistio
881 1705 968 1728 vero
993 1695 1038 1728 sit
1062 1707 1179 1729 rerum
1203 1695 1421 1729 diversarum
1445 1697 1478 1727 et
1502 1704 1563 1736 per

177 1768 215 1791 se
238 1756 475 1791 seiunctarum
501 1755 671 1789 confusio.
721 1755 840 1798 Quare
863 1766 930 1788 non
950 1755 1094 1789 ferimus
1117 1756 1343 1801 elegantiam,
1365 1764 1456 1798 quae
1471 1758 1564 1786 reete

178 1817 357 1863 cogitandi
381 1818 518 1863 legibus
550 1820 741 1861 repugnet,
778 1827 889 1859 neque
913 1827 998 1859 opus
1022 1821 1073 1850 est
1096 1828 1237 1850 monere
1259 1814 1564 1849 insolentissimam

179 1879 367 1913 dictionem
383 1878 566 1924 permixtio
583 1879 693 1911 civilis
709 1888 775 1910 non
792 1888 834 1910 eo
850 1877 1000 1918 defendi,
1025 1878 1117 1921 qnod
1135 1878 1258 1912 Noster
1274 1876 1360 1911 dixit
1377 1877 1454 1910 Cat.
1472 1876 1502 1909 ll
1530 1874 1564 1907 3.

181 1940 298 1973 omnia
322 1940 470 1981 miscer1'3
495 1943 529 1972 et
553 1939 626 1973 Cic.
651 1939 695 1971 de
719 1939 740 1971 Ι.
767 1938 892 1982 Agrar.
910 1939 954 1980 Π,
983 1937 1041 1979 33,
1065 1938 1122 1971 91.
1146 1939 1389 1981 rempublicam
1413 1939 1566 1976 miscere,

182 2004 243 2036 aut
266 2001 358 2045 quod
380 2001 472 2045 apud
499 2000 667 2044 pessimos
690 1998 889 2033 Latinitatis
912 2004 1071 2034 auctores
1096 1998 1214 2034 Anrcl.
1235 1999 1325 2034 vict.
1350 2012 1379 2034 c.
1393 1999 1487 2042 xm,
1511 1996 1564 2031 Η.

184 2066 218 2096 et
242 2061 425 2107 Augustin.
456 2062 498 2096 de
524 2062 560 2095 C.
586 2062 628 2095 D.
654 2061 737 2101 XV,
763 2059 819 2093 22.
854 2060 1004 2094 habetur
1027 2060 1237 2103 reipublicae
1256 2060 1449 2104 permixtio.
1497 2059 1566 2093 Sed

185 2135 228 2157 ne
250 2123 352 2157 multi
376 2123 506 2164 simus,
535 2122 716 2166 permixtio
741 2127 856 2155 terrac
880 2132 959 2155 eum
985 2133 1101 2154 rerum
1126 2125 1255 2154 statum
1279 2122 1476 2167 significat,
1499 2131 1568 2165 quo

184 2183 325 2228 singula
348 2195 416 2217 non
442 2183 589 2217 discreta
614 2187 647 2217 et
672 2183 704 2216 in
729 2182 859 2216 iustum
884 2182 1040 2216 ordinem
1065 2182 1256 2225 composito
1280 2183 1473 2223 habentur,
1508 2182 1565 2215 scd

186 2244 371 2287 dissoluta,
408 2243 572 2286 ‹tisim-tn,
603 2245 744 2278 turbata
776 2247 810 2277 et
842 2243 1036 2277 aestuantia
1060 2243 1274 2277 inconditam
1304 2250 1337 2278 et
1361 2243 1568 2289 indigestam

187 2305 314 2338 molem
340 2305 520 2346 efficiunt,
550 2293 796 2348 qualis'clrnos
820 2303 926 2337 fuisse
947 2303 1085 2337 dicitur.
1134 2304 1219 2337 Tali
1241 2308 1360 2338 autem
1382 2303 1569 2337 elemento-

188 2377 266 2398 rum
291 2365 486 2399 confusioni
511 2372 602 2401 recte
625 2364 823 2409 comparari
847 2369 960 2408 potest
983 2365 1141 2399 turbatus
1165 2365 1318 2399 civitatis
1341 2368 1472 2407 status,
1500 2363 1570 2397 dis-

188 2427 406 2461 tensionibus
436 2426 600 2462 civilibus
631 2431 738 2461 ortus.
785 2427 1008 2469 Quamquam
1036 2427 1159 2472 negari
1194 2425 1315 2469 nequit
1346 2422 1568 2457 audaciorem

189 2497 263 2520 esse
297 2488 612 2531 comparationem,
644 2499 749 2532 quam
787 2487 862 2531 ipse
892 2487 1077 2521 Sallustius
1115 2486 1233 2521 addita
1265 2485 1366 2531 quasi
1396 2483 1571 2528 particula

191 2547 330 2581 mollire
353 2548 500 2589 stnduit;
534 2549 577 2583 de
601 2561 669 2593 qna
693 2548 788 2582 vocis
812 2548 846 2581 vi
871 2549 915 2583 rs.
940 2548 1045 2582 Beier
1077 2547 1120 2580 ad
1145 2546 1216 2580 Cic.
1251 2546 1322 2580 oss'.
1348 2546 1398 2587 ll,
1424 2544 1488 2586 13,
1510 2544 1566 2578 6³.

192 2608 276 2642 otto
300 2609 343 2642 ad
368 2609 467 2642 Fiun.
494 2610 546 2650 ΙΙ,
571 2609 611 2651 7,
634 2609 691 2644 20.
724 2608 900 2642 Knehner.
935 2609 979 2642 ad
1002 2608 1127 2643 Tusce.
1153 2607 1223 2651 m,
1247 2607 1313 2650 20,
1337 2606 1394 2641 47.
1424 2608 1459 2640 et
1481 2616 1569 2649 qnae

286 2731 390 2765 xnll.
436 2733 468 2773 §.
495 2731 527 2763 l.
575 2741 718 2775 quorum
742 2731 905 2774 maiores]
930 2730 1138 2764 Habuerunt
1160 2727 1253 2761 enim
1278 2736 1383 2761 avum
1404 2725 1442 2759 Ρ.
1468 2726 1568 2759 Corn.

192 2791 391 2835 Scipionem
425 2791 625 2825 Africanum
658 2790 840 2825 Maiorem.
876 2790 920 2823 ef.
956 2790 1047 2824 Plut.
1081 2789 1141 2823 vit.
1172 2787 1254 2823 Tib.
1286 2786 1437 2821 Gracch.
1469 2798 1499 2820 c.
1536 2787 1564 2819 1.
