1630 3034
540 197 900 241 IUGURTHA.
936 198 1062 241 CAP.
1094 197 1149 241 Π.
1488 201 1543 241 11

152 315 263 360 dunt
297 321 344 360 et
378 320 507 360 aucta
542 320 803 368 senescunt3
848 315 1017 358 animus
1054 315 1360 372 incorruptus,
1396 320 1543 357 aeter-

150 428 259 469 nus,
296 418 444 456 rector
477 412 660 457 humani
693 411 869 473 generis
906 404 999 470 agit
1033 417 1168 468 atque
1203 410 1342 454 habet
1370 417 1544 469 cuncta,

150 525 297 567 neque
333 510 431 568 ipse
466 509 668 554 habetur.
739 509 844 563 Quo
871 507 1014 566 magis
1041 507 1237 568 pravitas
1265 522 1422 551 eorum
1457 506 1578 550 aul-4

149 605 347 650 miranda
396 612 488 662 est,
534 606 610 664 qui
659 604 797 650 dediti
837 604 1037 663 corporis
1073 604 1248 664 gaudiis
1283 618 1367 664 per
1394 604 1546 646 luxum

149 707 285 760 atque
333 702 559 761 ignaviam
602 708 794 746 aetatem
840 706 1003 761 agunt,
1059 706 1258 744 ceterum
1304 700 1546 759 ingenium,

149 813 240 857 quo
291 813 440 859 neque
490 799 646 844 melius
704 813 852 857 neque
899 797 1092 858 amplius
1139 796 1260 841 aliud
1301 797 1347 842 in
1392 802 1546 840 natura

147 965 205 998 oet
221 969 381 998 contenta
394 965 522 1009 potius,
547 970 586 999 ut
601 976 704 1009 saepe
721 976 761 1000 ex
781 967 853 1001 alto
881 966 919 999 in
936 969 1088 1010 portum,
1114 974 1155 998 ca:
1172 964 1244 1006 ipso
1266 968 1369 1007 portu
1389 964 1425 996 in
1442 974 1548 1008 agros

149 1037 186 1059 se
202 1027 495 1070 possessionesque
519 1026 712 1067 contulerit,
737 1026 876 1058 videtur
893 1027 968 1059 iure
986 1026 1114 1068 optimo
1129 1035 1226 1068 posse
1244 1025 1396 1057 laudari.
1431 1025 1549 1067 Quare

149 1098 258 1129 quum
280 1087 442 1131 ineptum
465 1086 531 1127 sit,
562 1085 642 1119 finis
665 1090 828 1120 naturam
852 1086 1048 1129 comparari
1071 1097 1152 1118 cum
1175 1083 1297 1125 initio,
1329 1083 1549 1126 consequitur

149 1147 198 1180 εἰσ
221 1147 459 1180 necessarium
483 1157 580 1187 esse,
613 1147 682 1180 hoc
706 1158 827 1179 sensu:
865 1158 901 1180 so
918 1147 982 1180 wie
1001 1147 1057 1180 die
1088 1147 1198 1179 Giiter
1228 1145 1288 1178 des
1308 1145 1459 1188 Karpers
1477 1145 1549 1177 und

150 1207 211 1240 des
244 1208 372 1240 Glffuks
395 1208 495 1240 einen
522 1209 670 1252 Anfang
697 1208 831 1249 haben,
867 1209 951 1241 eben
978 1219 1015 1240 so
1041 1208 1146 1252 (gut)
1171 1207 1284 1239 haben
1304 1207 1353 1239 sie
1380 1206 1469 1238 auch
1493 1206 1548 1238 ein

150 1267 260 1301 Ende.
308 1267 354 1303 cf.
377 1267 419 1299 de
444 1267 515 1301 Off.
540 1268 568 1309 l,
593 1268 660 1309 27,
685 1266 718 1300 5.
752 1269 846 1302 iusta
865 1269 981 1301 omnia
1001 1269 1126 1301 decora
1146 1273 1246 1308 sunt,
1280 1268 1410 1301 iniusta
1431 1272 1551 1300 contra

150 1333 200 1361 nt
221 1328 350 1370 turpia,
375 1328 439 1361 sic
457 1329 632 1361 indecora.
658 1327 824 1360 Eiusdem
847 1328 986 1372 generis
1009 1334 1088 1363 sunt
1106 1340 1199 1376 guae
1222 1327 1407 1362 VValchius
1429 1327 1550 1360 lauda-

149 1387 202 1421 vit
227 1388 272 1421 ad
299 1388 422 1421 Taciti
446 1388 568 1433 Agric.
601 1400 630 1424 c.
655 1389 775 1423 XLIV.
799 1400 833 1431 p.
859 1389 939 1423 416.
972 1389 1049 1424 Liv.
1074 1390 1178 1429 XXI,
1207 1388 1274 1427 35,
1298 1388 1356 1421 11.
1384 1388 1550 1431 pleraque

149 1448 290 1492 Alpium
310 1449 431 1481 sicut
452 1450 630 1489 breviora,
654 1450 722 1483 ita
741 1450 931 1482 arrectiora
949 1455 1039 1486 sunt.
1063 1448 1374 1488 Tac.Annall.lV‚
1387 1447 1444 1488 33,
1456 1447 1548 1480 med.

150 1514 298 1542 ceterum
320 1513 367 1542 ut
385 1512 585 1554 profutura,
608 1511 679 1543 ita
702 1511 879 1543 minimum
905 1510 1142 1544 delectationis
1162 1513 1325 1554 afferunt.
1348 1508 1446 1541 Adde
1458 1508 1551 1541 Goe-

149 1581 243 1603 renz.
270 1570 315 1603 ad
339 1569 415 1604 Cic.
444 1569 487 1602 (le
511 1569 613 1603 Finn.
637 1570 666 1610 Ι,
691 1570 725 1612 1,
750 1571 785 1604 3.
809 1583 844 1614 p.
868 1570 902 1604 4.
928 1575 963 1605 et
983 1570 1101 1604 Beier.
1127 1571 1170 1603 ad
1209 1569 1280 1604 Off.
1306 1570 1361 1608 111,
1386 1568 1445 1609 33,
1468 1568 1547 1601 119.

148 1642 185 1674 p.
209 1631 290 1664 413.
337 1631 471 1665 Parum
496 1634 661 1664 accurate
685 1630 728 1663 de
750 1630 808 1664 his
830 1631 954 1674 partic.
979 1631 1055 1676 egit
1087 1631 1148 1665 Fr.
1170 1630 1382 1673 Heusinger.
1408 1629 1450 1661 ad
1477 1628 1549 1662 Off.

148 1692 268 1733 1,1‚1.
294 1691 354 1735 qni
379 1692 475 1725 locus
499 1702 609 1734 aeque
636 1695 741 1734 atque
758 1692 846 1725 alter
869 1692 912 1725 de
935 1690 1214 1736 Legg.11‚6‚14.
1238 1690 1468 1724 aGoerenzio
1482 1701 1549 1722 non

149 1751 234 1785 satis
257 1751 476 1793 intellectae,
501 1752 545 1786 ad
574 1749 848 1787 ἀνακολούθων
873 1765 986 1798 genus
1010 1752 1177 1796 pertinet,
1200 1763 1313 1795 neque
1336 1751 1381 1785 ad
1406 1761 1550 1784 accura-

148 1815 202 1846 tas
217 1815 412 1847 structurae
430 1812 527 1856 leges
544 1811 734 1856 exigendus
753 1818 817 1846 est.
842 1832 891 1840 -
918 1814 1130 1857 Omniaque
1152 1812 1253 1846 unice
1270 1823 1394 1845 verum
1412 1813 1456 1845 ad
1473 1822 1550 1845 sen-

148 1872 337 1907 tentiarum
348 1883 475 1906 nexum
487 1872 732 1914 indicandum3
756 1865 837 1908 nam
847 1885 955 1917 quum
966 1875 1056 1908 haec
1067 1873 1175 1907 verba
1189 1884 1257 1906 nou
1274 1884 1403 1907 novam
1415 1876 1550 1906 senten-

148 1932 237 1967 tiam
255 1932 418 1975 inferant,
447 1933 506 1966 sed
523 1944 732 1978 praegressa
748 1935 988 1969 tantummodo
1006 1934 1180 1978 explicent
1198 1937 1233 1968 et
1251 1935 1466 1975 confirment,
1484 1933 1551 1966 nisi

149 1994 314 2028 scabram
337 1993 440 2027 malis
464 1997 501 2026 et
524 1993 685 2027 hiulcam
709 1995 915 2036 orationem,
939 1995 1128 2039 particula,
1153 2005 1222 2038 qua
1244 1998 1308 2028 iste
1330 2005 1436 2027 nexus
1461 1993 1550 2026 indi-

150 2058 268 2095 cetur,
304 2054 426 2087 abesse
457 2054 588 2099 nequit.
633 2054 847 2098 Saepissime
879 2061 998 2090 autem
1022 2054 1252 2098 explicativas
1276 2053 1463 2088 sententias
1486 2065 1549 2097 que

151 2114 210 2146 vel
234 2119 269 2148 et
292 2114 474 2157 particulis
491 2115 660 2148 contineri
683 2116 895 2148 ostendimus
918 2117 963 2148 ad
986 2117 1061 2149 Cat.
1087 2116 1183 2157 XIX,
1201 2115 1235 2149 2.
1258 2126 1291 2158 p.
1315 2115 1372 2148 92.
1397 2126 1431 2149 V.
1455 2114 1550 2147 infra

151 2175 197 2211 nd
219 2185 249 2206 c.
276 2174 388 2214 XXV,
411 2173 446 2207 5.
482 2175 592 2216 LXX,
619 2173 652 2209 5.
710 2161 806 2209 Male
829 2175 940 2220 igitur
963 2176 1102 2209 Cortius
1133 2188 1198 2219 que
1223 2175 1365 2215 abiecit,
1389 2175 1550 2218 quamvis

153 2232 392 2267 addicentibus
416 2234 516 2266 codd.
535 2235 640 2269 Rem.
658 2233 693 2268 1.
717 2235 822 2271 Fabt.
841 2237 873 2268 2.
903 2237 1021 2271 Gucls.
1045 2235 1080 2269 9.
1109 2236 1165 2269 10.
1190 2237 1248 2270 11.
1274 2235 1332 2269 12.
1356 2236 1433 2271 Erl.
1457 2236 1548 2280 Teg.

152 2293 259 2326 Bern.
283 2292 318 2326 3.
351 2292 448 2328 Leid.
472 2294 518 2327 Κ.
554 2294 632 2328 vat.
661 2294 715 2335 1.‚
747 2307 895 2339 eamque
917 2297 1088 2331 rationem
1114 2297 1345 2338 Gerlacbius,
1381 2308 1489 2339 quum
1514 2297 1550 2329 in

154 2356 250 2388 textu
280 2354 445 2387 Voculam
477 2353 693 2396 retinuisset,
728 2355 763 2388 in
796 2357 1006 2390 Commentt.
1039 2368 1072 2400 p.
1098 2357 1180 2393 216.
1217 2358 1366 2400 probat,
1399 2356 1552 2390 mii-ilica

153 2414 290 2461 ratione
313 2425 414 2455 usus,
448 2413 532 2457 quia
556 2414 734 2458 sequentia
757 2417 997 2459 explicationis
1020 2429 1144 2452 caussa
1168 2418 1286 2452 addita
1321 2417 1400 2451 sint.
1448 2418 1551 2451 Nihi—

153 2474 305 2509 lominus
329 2474 365 2507 in
395 2474 450 2507 ed.
480 2474 565 2511 min.
589 2487 710 2508 rursus
732 2477 944 2521 omniaque
975 2478 1123 2522 scripsit.
1172 2478 1366 2512 Muellerus
1389 2489 1429 2510 ex
1453 2477 1550 2521 inge-

153 2535 213 2569 nio
237 2545 300 2569 suo
324 2534 418 2568 dedit
441 2536 578 2577 omnia,
604 2547 717 2579 quac
741 2543 868 2579 orta,
894 2538 1075 2578 occidunt,-
1099 2549 1179 2571 nam
1204 2539 1296 2581 quod
1319 2540 1442 2572 multos
1466 2540 1552 2571 Cor-

154 2595 196 2629 tii
219 2595 326 2629 libros
351 2596 402 2629 ita
425 2595 558 2629 habere
581 2596 688 2638 dicit,
711 2608 754 2630 ne
779 2598 872 2630 ullus
895 2598 1035 2641 quidem
1059 2598 1178 2631 habet.
1202 2617 1249 2623 —
1273 2601 1373 2642 Quae
1396 2612 1546 2642 sequun-

153 2660 231 2699 tur,
265 2656 400 2691 anz'mus
425 2657 642 2700 incorruptus
671 2660 734 2691 etc.
766 2657 907 2700 proprie
938 2658 1145 2692 adversandi
1169 2659 1343 2702 particula
1377 2659 1552 2702 prioribus

155 2715 354 2750 adiicienda
388 2721 498 2751 erant.
546 2727 581 2753 V.
605 2717 650 2751 ad
673 2719 748 2751 Cat.
774 2719 916 2761 XXXV,
942 2718 975 2752 2.
1008 2738 1054 2743 ——
1086 2719 1305 2762 Incorruptus
1327 2719 1351 2753 i.
1373 2731 1404 2753 e.
1428 2731 1551 2752 corru-

156 2775 267 2819 ptioni
290 2780 324 2811 et
347 2775 503 2812 interitui
527 2788 594 2811 non
627 2777 820 2820 obnoxius,
855 2780 914 2823 qui
949 2780 1120 2825 corrumpi
1152 2780 1290 2824 nequit,
1321 2779 1357 2813 vi
1389 2780 1551 2814 adiectivi
