1630 3034
139 168 196 210 5o
509 164 554 207 C.
583 163 918 207 SALLUSTI
949 165 1176 209 CRISPI

107 282 288 337 2Nam‚
315 288 364 326 ut
399 281 483 325 alia
518 296 685 342 magna
714 287 759 326 et
793 282 983 343 egregia
1016 289 1094 326 tua
1129 282 1354 340 omittam,
1390 284 1539 330 novis-

138 447 224 491 poni
242 447 369 481 debere
387 450 586 490 censerent,
610 446 728 482 verbis
745 448 776 482 si
789 448 988 493 genuissem
1006 447 1114 483 facile
1130 459 1172 483 eo
1195 448 1320 483 adduci
1341 452 1541 496 potuerunt,

140 515 178 543 ut
201 509 314 543 liberis
342 508 570 543 intruderent.
618 508 807 543 Praeterea
834 520 902 543 non
932 509 1186 555 negligendum
1200 533 1212 552 ,
1236 509 1266 543 si
1282 510 1466 555 vulgatam
1486 522 1540 545 re-

138 569 262 612 tineas,
278 570 319 603 ob
345 570 512 613 beneficia
531 569 638 603 etiam
659 569 704 604 ad
725 570 850 605 liberos
868 570 996 604 referri
1015 570 1162 613 debere,
1195 571 1289 614 quod
1306 571 1410 614 plane
1432 571 1540 605 abso—

136 641 222 663 num
247 634 318 672 est,
360 641 469 673 quum
503 629 657 673 Micipsa
703 632 901 676 Iugurthae
930 634 1067 666 tantum
1093 635 1254 674 respectu
1283 630 1455 665 beneficia
1476 641 1541 666 sua

137 695 320 726 memoret.
361 691 444 726 Inde
463 690 571 725 etiam
588 691 811 734 consequitur
826 702 945 724 errare
965 691 1155 726 Gruterum
1173 695 1208 725 et
1227 691 1454 734 Muellerum,
1478 691 1539 735 qui

137 751 254 785 locum
279 763 347 786 non
368 763 493 786 sanum
512 751 654 795 quidem
673 756 818 795 putent,
853 752 911 785 sed
931 753 1072 796 perinde
1092 764 1166 786 esse
1183 756 1337 786 statuant
1354 756 1472 786 utrum
1496 752 1540 786 11·-

137 811 226 845 berz‘s
242 822 287 846 an
302 813 332 845 εἰ
349 813 547 857 genuissem
565 812 764 847 abiiciatur.
784 830 828 839 -
848 813 990 846 Falsum
1008 825 1041 846 m
1055 825 1072 847 e
1097 814 1220 847 habuit
1239 813 1397 856 plerique
1419 824 1540 847 omnes

136 873 268 907 habent
287 873 390 914 libri;
415 885 469 907 me
493 877 613 907 tamen
634 874 729 907 deest
757 874 793 906 in
818 873 934 906 Guelf.
954 873 988 906 3.
1018 873 1051 907 4.
1074 874 1122 915 6.,
1152 878 1233 908 ante
1249 875 1386 917 salsum
1407 873 1540 919 legitur

136 933 172 966 in
190 934 284 967 Med.
307 933 341 969 4.
364 935 442 968 Vat.
465 933 519 978 4.‚
553 938 630 978 post
657 934 781 968 habuit
809 933 845 967 in
876 934 969 968 Med.
985 934 1018 968 8.
1049 936 1123 969 Vat.
1141 936 1187 976 1..
1213 944 1283 978 qua
1307 933 1540 977 discrepantia

135 995 338 1029 confirmari
360 995 413 1030 ait
431 995 643 1030 Gerlachius
663 996 775 1030 Cortii
792 995 978 1035 rationem,
1003 996 1063 1038 qui
1081 996 1243 1028 voculam
1262 994 1405 1037 expulit.
1429 993 1540 1028 Nobis

136 1055 224 1090 istae
242 1056 457 1091 variationes
482 1057 571 1091 tales
597 1056 771 1096 videntur,
806 1067 895 1100 quac
912 1055 1027 1099 potius
1046 1055 1172 1099 scripto
1189 1067 1211 1089 a
1225 1055 1394 1090 Sallustio
1411 1066 1541 1099 prono-

136 1117 230 1151 mine
245 1143 255 1160 ,
280 1129 386 1161 quam
405 1129 448 1152 eo
480 1117 609 1151 omisso
636 1117 723 1151 oriri
747 1117 940 1161 potuerint,
961 1116 1115 1150 maxime
1138 1116 1285 1160 proclivi
1305 1117 1348 1150 ad
1367 1115 1539 1150 eiusmodi

135 1189 270 1212 errores
289 1179 560 1212 describentium
576 1182 703 1212 mente.
754 1178 804 1211 Ad
823 1178 891 1210 hoc
907 1189 961 1211 me
980 1177 1141 1211 firmatur
1160 1177 1360 1210 testimonio
1377 1176 1538 1220 Quincti-

131 1238 218 1272 liani
235 1238 360 1272 Institt.
378 1250 428 1273 or.
453 1240 515 1282 lx,
543 1239 578 1281 3,
597 1239 653 1273 12.
676 1239 770 1271 hunc
791 1238 879 1273 Sall.
903 1239 1020 1271 locum
1036 1239 1224 1272 afferentis.
1240 1257 1285 1263 ——
1312 1238 1454 1270 Falsum
1473 1237 1538 1270 ha-

134 1300 207 1333 buit
235 1299 417 1343 aliquanto
440 1301 586 1346 gravius
616 1301 750 1333 dictum
779 1311 854 1332 esse
880 1310 983 1342 quam
1003 1300 1139 1342 fefellit
1166 1302 1259 1343 patet
1282 1310 1322 1332 ex
1344 1298 1473 1332 notatis
1492 1298 1538 1332 ad

134 1360 241 1397 Catil.
260 1362 389 1403 xxm,
408 1361 443 1394 4.
463 1373 496 1404 p.
513 1360 593 1395 114.
616 1361 662 1394 cf.
686 1361 763 1405 lug.
787 1360 963 1402 LXXXV,
981 1360 1016 1394 7.
1051 1361 1190 1394 Curtius
1215 1361 1252 1393 h.
1271 1361 1293 1395 1.
1313 1359 1538 1404 comparavit

133 1420 212 1454 Liv.
235 1422 398 1463 XXXIX,
415 1421 472 1463 29,
493 1422 528 1456 9.
579 1423 648 1465 Qui
667 1422 744 1456 vias
763 1422 954 1456 latrociniis
969 1433 1169 1466 pascuaque
1188 1421 1328 1466 publica
1358 1422 1537 1465 infesta

134 1481 156 1514 h
170 1493 192 1514 a
204 1482 223 1514 b
238 1494 260 1515 u
274 1493 292 1515 e
304 1494 321 1515 r
331 1493 383 1515 an
394 1488 419 1516 r.

226 1545 258 1584 ς.
282 1542 316 1575 2.
366 1543 441 1576 alia
464 1555 599 1587 magna
624 1548 658 1576 et
684 1544 834 1588 egregia
851 1544 931 1586 tua]
956 1543 1061 1577 Multi
1079 1544 1177 1577 codd.
1199 1547 1277 1586 post
1297 1547 1359 1576 tua
1379 1540 1536 1576 additum

134 1603 264 1636 habent
275 1603 463 1645 facinora,
486 1603 577 1646 quod
599 1604 753 1647 Langius
769 1615 908 1647 quoque
926 1604 1084 1646 repetiit3
1108 1604 1144 1637 in
1171 1604 1249 1637 aliis
1259 1606 1363 1646 facta
1393 1602 1536 1648 legitur,

133 1663 194 1696 sed
220 1667 386 1697 neutrum
415 1663 627 1707 conspicitur
651 1663 688 1696 in
719 1666 792 1698 Vat.
822 1665 862 1697 Α.
894 1664 976 1697 Bas.
995 1663 1028 1697 1.
1053 1664 1133 1697 Sen.
1157 1664 1190 1698 1.
1224 1663 1321 1699 Leid.
1339 1664 1378 1697 1..
1407 1662 1534 1696 Arond.

134 1723 250 1758 Mar-k.
275 1725 316 1758 Γ.
342 1728 385 1759 Λ.
410 1724 522 1758 Paris.
544 1736 573 1758 c.
593 1735 626 1759 x.
655 1735 687 1759 z.
710 1725 954 1768 nonnullisque
975 1724 1074 1761 aliis.
1102 1737 1186 1769 quos
1212 1724 1351 1758 eortius
1367 1729 1460 1758 recte
1478 1734 1533 1758 se-

135 1788 237 1818 cutus
255 1789 316 1819 est.
366 1786 420 1818 Ex
439 1787 558 1830 glossa
579 1785 672 1819 enim
697 1789 885 1827 utrumque
909 1785 1164 1819 substantivum
1185 1784 1370 1819 accessisse
1388 1795 1457 1817 non
1477 1794 1534 1817 so-

133 1846 208 1879 lum
233 1846 342 1890 ipsius
368 1847 437 1880 loci
464 1846 555 1881 ratio
583 1850 619 1880 et
648 1845 809 1880 codicum
840 1844 1015 1880 dissensus
1041 1846 1209 1888 ostendit,
1235 1846 1293 1879 sed
1312 1845 1419 1879 etiam
1437 1843 1536 1879 varia

134 1907 301 1941 vocabuli
327 1908 447 1949 sedes,
477 1908 650 1951 siquidem
674 1909 780 1949 facta
805 1905 840 1939 in
867 1906 947 1939 aliis
975 1912 1055 1941 ante
1079 1913 1164 1949 tua,
1189 1907 1225 1940 in
1253 1906 1331 1939 aliis
1350 1910 1427 1950 post
1452 1916 1535 1949 pro-

134 1980 259 2002 nomen
280 1969 441 2003 habetur.
467 1968 511 2001 cf.
536 1968 614 2003 Liv.
636 1968 750 2008 XXX,
776 1966 834 2009 30,
857 1965 890 2000 ⁴.
945 1968 1022 2001 Tibi
1045 1969 1136 2002 inter
1160 1969 1306 2002 multa
1330 1967 1533 2012 egregia

133 2042 204 2064 non
225 2032 261 2063 in
284 2031 416 2065 ultimis
440 2029 581 2062 laudum
609 2029 670 2061 hoc
687 2029 812 2070 fuerit.
841 2028 926 2071 Nep.
946 2029 989 2061 de
1009 2030 1122 2073 Regg.
1139 2030 1164 2069 l,
1185 2028 1217 2062 3.
1261 2028 1368 2061 Xera-i
1383 2028 1534 2061 rna-rime

135 2096 187 2125 est
211 2092 420 2131 illustre,
445 2091 535 2135 quod
561 2108 604 2116 -
633 2090 758 2123 bellum
790 2090 910 2123 intulit
939 2090 1122 2124 Graeciae.
1149 2090 1194 2123 id.
1212 2089 1394 2134 Thrasyb.
1414 2089 1475 2130 ΙΙΙ,
1495 2087 1531 2122 3.

139 2152 444 2186 Praeclarum
468 2153 531 2185 hoc
552 2163 684 2196 qnoque
705 2151 926 2194 Thrasybuli.

225 2213 362 2246 rediens
392 2212 608 2255 Numantia]
644 2212 795 2246 Rediens
820 2210 1034 2246 Gerlachius
1057 2210 1094 2244 vi
1124 2209 1457 2254 plusquamperfecti
1485 2208 1532 2243 si-

132 2272 303 2317 gnificare
327 2277 424 2316 putat
447 2285 551 2317 quum
578 2273 748 2315 rediisses,
772 2273 862 2316 quod
889 2285 955 2306 non
975 2274 1078 2316 plane
1095 2277 1298 2306 accuratum
1323 2270 1530 2313 iudicamus,

132 2334 294 2376 quamvis
320 2333 462 2377 plurimi
488 2333 579 2374 sint,
603 2333 663 2376 qui
690 2333 880 2377 praesentis
898 2333 1083 2378 participio
1113 2331 1339 2378 praeteritam
1358 2332 1533 2375 planeque

132 2394 332 2427 absolutam
351 2395 525 2428 actionem
545 2394 738 2439 significari
759 2400 944 2433 censeant3
973 2395 1019 2428 cl'.
1042 2395 1124 2428 Ger.
1152 2395 1180 2429 1.
1200 2395 1299 2428 Voss.
1318 2393 1361 2426 de
1381 2393 1530 2437 Analog.

133 2454 190 2496 lv,
211 2454 267 2488 1⁴.
291 2466 324 2498 p.
346 2454 427 2488 233.
454 2455 629 2488 Drakenb.
660 2455 704 2488 ad
731 2454 807 2489 Liv.
834 2454 877 2496 ll,
907 2454 964 2496 19,
983 2454 1017 2489 8.
1052 2454 1240 2488 Ruhnken.
1267 2454 1312 2487 ad
1335 2453 1418 2489 Ter.
1440 2454 1529 2493 Eun,

120 2515 175 2555 u,
197 2515 232 2556 2,
251 2515 286 2548 3.
313 2515 496 2549 Heindorf.
522 2516 566 2549 ad
586 2516 675 2549 Hor.
695 2516 767 2550 Sat.
800 2517 826 2556 Ι,
847 2515 882 2556 5,
901 2516 958 2549 95.
985 2517 1164 2550 linebner.
1185 2516 1230 2549 ad
1250 2514 1323 2548 Cic.
1348 2513 1459 2549 Tunc.
1484 2513 1529 2554 n,

133 2575 191 2617 25,
213 2575 270 2610 61.
296 2576 510 2609 Rawslnorn.
541 2577 738 2610 Grammnt.
769 2577 844 2610 Lat.
870 2578 902 2618 ἓ.
928 2577 1006 2610 171.
1032 2578 1058 2610 1.
1081 2582 1150 2610 not.
1169 2577 1203 2611 2.
1222 2588 1254 2609 a.
1272 2587 1305 2619 p.
1323 2574 1404 2609 465.
1431 2574 1470 2608 F.
1486 2574 1529 2608 A.

135 2636 243 2671 Wolf.
272 2637 316 2670 ad
337 2636 431 2670 Suet.
460 2637 559 2670 Caes.
582 2637 639 2672 20.
664 2642 697 2671 et
720 2637 777 2671 37.
804 2637 944 2671 u'alcln.
967 2637 1001 2670 in
1023 2637 1220 2670 Emendntt.
1243 2635 1342 2670 Livv.
1365 2647 1398 2678 p.
1413 2634 1471 2668 82.
1491 2637 1529 2668 et

132 2697 176 2730 ad
194 2696 312 2731 Tacit.
332 2697 488 2741 Agricol.
510 2709 540 2730 c.
565 2697 861 2741 xxv111.p.322.
910 2698 981 2741 Qui
1002 2698 1070 2731 duo
1088 2697 1295 2741 posteriores
1313 2705 1528 2739 quamquam

130 2762 224 2794 recte
251 2763 458 2798 monuerunt
488 2758 566 2792 indo
596 2763 713 2793 ortum
746 2771 820 2793 csse
855 2759 948 2792 bunc
975 2758 1153 2802 participii
1195 2755 1384 2801 praesentis
1411 2766 1526 2789 umm-
