1630 3034
417 128 778 172 IUGURTHA.
839 131 964 174 CAP.
999 132 1152 176 XCIV.
1384 143 1470 183 503

84 255 183 293 acta
227 246 496 303 succedere,
547 253 590 291 et
634 247 762 291 simul
799 245 975 292 hostem
1021 253 1251 297 tormentis
1282 255 1464 315 sagitta-

81 347 244 404 riisque
279 350 325 390 et
359 344 656 388 funditoribus
693 345 860 389 eminus
897 351 1075 391 terrere.
1148 350 1208 393 At
1243 351 1502 402 Numidae4

81 458 217 503 saepe
261 447 392 486 antea
436 441 574 485 vineis
618 440 926 486 Romanorum
965 443 1213 503 subvorsis,
1253 448 1359 492 item
1394 450 1460 494 in·
1511 503 1514 504 ⁷

80 536 242 596 censis,
286 554 375 583 non
422 539 593 582 castelli
631 539 861 582 moenibus
917 555 1014 584 sese
1057 543 1335 602 tutabantur,
1383 547 1463 591 sed

77 654 161 698 pro
198 651 328 681 muro
362 635 456 679 (lies
493 635 725 692 noctisque
760 636 953 695 agitare,
985 639 1255 685 maledicere
1287 642 1462 686 Roma-

73 736 138 780 nis
174 750 226 778 ac
261 732 412 777 Mario
461 731 720 776 vecordiam
755 733 1008 790 obiectare,
1057 737 1264 782 militibus
1301 740 1460 785 nostris

71 830 317 893 Iugurthae
362 830 587 874 servitium
631 829 815 884 minari,
868 832 1071 877 secundis
1107 835 1240 879 rebus
1286 836 1459 881 feroces

72 946 181 975 esse.
251 927 434 972 Interim
468 927 688 983 omnibus,
723 927 938 972 Romanis
974 928 1281 989 hostibusque,
1319 931 1493 991 proc-5

67 1045 178 1078 genus
201 1031 295 1066 idem
318 1029 499 1074 descripsit
530 1029 658 1070 XLIV,
682 1027 726 1070 9,
750 1021 783 1063 θ’.
836 1031 1014 1072 Quadrato
1040 1033 1183 1077 agmine
1211 1036 1330 1077 facto,
1355 1036 1458 1069 scutis

67 1105 171 1138 super
194 1093 314 1137 capita
337 1092 513 1132 densatis,
537 1091 708 1124 stantibus
729 1091 869 1135 primis,
892 1092 1050 1125 secundis
1075 1094 1360 1137 submissioribus,
1388 1100 1458 1129 ter-

67 1156 127 1190 tiis
149 1154 265 1198 magis
291 1157 323 1186 et
347 1153 500 1198 quartis,
524 1153 703 1196 postremis
727 1153 833 1186 etiam
856 1164 950 1198 genu
973 1153 1077 1196 nisis,
1095 1156 1336 1200 fastigatum,
1369 1157 1456 1190 sicut

66 1220 160 1250 tecta
193 1215 426 1258 aedificiorum
459 1218 560 1254 sunt,
603 1215 892 1248 testudinem
925 1216 1193 1257 faciebant.
1228 1217 1271 1248 cf.
1297 1216 1454 1261 Herzog.

66 1277 111 1311 ad
134 1277 235 1311 Caes.
268 1277 313 1310 B.
339 1275 383 1309 G.
408 1276 461 1316 11,
483 1274 516 1309 6.
552 1285 586 1318 p.
609 1274 688 1308 lu.
716 1294 756 1300 —
797 1276 910 1309 Verbo
943 1276 1148 1319 succedere,
1179 1278 1271 1320 quod
1294 1278 1331 1312 Ιι.
1356 1278 1378 1311 l.
1404 1281 1456 1312 est

67 1337 266 1370 cominus
291 1337 465 1381 aggredi,
491 1347 552 1379 per
575 1336 677 1369 simul
708 1336 920 1380 particulam
948 1342 1170 1380 opponuntur
1192 1338 1299 1371 verba
1324 1337 1455 1371 eminus

64 1403 204 1432 terrere.
233 1417 270 1422 -
298 1398 350 1430 De
372 1397 508 1431 ratione
531 1396 769 1431 ablativorum
803 1398 1003 1442 sagittariis
1029 1402 1062 1431 et
1088 1399 1325 1442 funditoribus
1349 1409 1381 1433 V.
1407 1398 1452 1432 ad

63 1470 93 1495 c.
116 1458 214 1499 XXI,
237 1457 273 1492 3.

154 1520 188 1560 ς.
213 1517 247 1551 4.
296 1529 365 1551 non
387 1516 563 1551 moenibus
596 1527 669 1551 sese
694 1516 902 1552 tutabantur
933 1519 1024 1562 etc.]
1056 1517 1126 1552 Hic
1156 1519 1253 1553 locus
1288 1519 1451 1554 admonet

61 1580 105 1614 (le
126 1579 346 1621 discrimine,
372 1579 461 1622 quod
488 1578 577 1612 inter
600 1579 736 1612 moenia
766 1582 800 1612 et
823 1590 957 1612 murum
982 1579 1131 1613 interest.
1180 1581 1320 1614 Moenia
1343 1580 1449 1622 enim,

60 1637 105 1675 ut‘
132 1640 281 1674 ostendit
304 1639 401 1673 vocis
424 1639 546 1684 origo,
586 1639 715 1673 habent
748 1639 926 1673 notionem
959 1640 1165 1674 munimenti
1187 1642 1253 1675 toti
1275 1641 1354 1675 urbi
1379 1641 1448 1675 cir—

59 1701 237 1743 cumdati,
270 1701 361 1735 unde
383 1700 422 1734 fit
445 1704 483 1734 ut
506 1701 643 1734 moenia
669 1711 771 1744 saepe
797 1711 858 1744 pro
882 1700 959 1744 ipsa
992 1702 1074 1735 urbe
1099 1701 1276 1740 dicantur,
1301 1699 1344 1732 cf.
1372 1699 1448 1733 Cat.

59 1764 131 1799 Lll,
157 1761 216 1796 25.
264 1763 362 1795 Intra
386 1763 568 1795 moenia
593 1761 796 1805 deprehensi
817 1761 953 1802 hostes,·
977 1763 1024 1796 ib.
1049 1766 1083 1806 §.
1107 1762 1163 1800 35,
1187 1772 1298 1805 neque
1321 1760 1446 1800 obstat,

58 1824 151 1867 quod
176 1824 252 1868 lug.
277 1823 382 1865 LVII,
405 1822 439 1856 2.
489 1823 663 1857 Cuncta
697 1823 834 1855 moenia
858 1822 1011 1864 (licitum
1045 1823 1253 1857 adiectivum
1277 1821 1369 1854 euim
1394 1820 1445 1852 ni-

58 1885 110 1918 hil
144 1884 228 1919 novi
260 1884 365 1918 infert
397 1885 568 1917 moenium
611 1882 766 1924 notioni,
807 1882 866 1915 sed
909 1884 1148 1917 tantummodo
1190 1880 1445 1927 perspicuitatis

57 1957 181 1980 caussa
202 1945 359 1978 additum
383 1949 445 1979 est.
494 1945 616 1978 Murus
638 1954 723 1976 vero
747 1946 798 1976 est
821 1954 906 1986 opus
930 1943 1103 1986 lapidibus
1134 1943 1275 1986 aliaque
1296 1940 1444 1975 materia

57 2005 264 2049 excitatum,
289 2005 386 2038 cuius
409 2016 568 2039 summae
589 2003 681 2049 parti
704 2003 842 2037 insistas
856 2029 866 2045 ,
889 2003 1129 2048 impetumque
1151 2003 1325 2037 defendas,
1361 2001 1441 2035 Sin-

57 2068 165 2113 gulae
196 2065 307 2111 igitur
340 2065 518 2099 moenium
550 2070 696 2109 partes,
741 2064 824 2108 quia
865 2064 1017 2098 ambitus
1053 2064 1229 2098 notionem
1261 2061 1441 2104 abiiciunt,

55 2139 172 2163 murus
194 2131 349 2161 vocatur.
397 2127 516 2171 Quare
539 2130 655 2160 nostro
676 2127 755 2159 loco
789 2126 925 2159 moenia
957 2124 1140 2169 designant
1162 2124 1357 2158 universam
1382 2133 1441 2156 ca-

53 2189 143 2223 stelli
168 2188 416 2228 munitionem,
438 2187 593 2231 undique
616 2186 728 2221 clausi
752 2191 786 2221 et
807 2197 977 2230 nusquam
1007 2185 1155 2230 impetui
1179 2184 1345 2229 patentis3
1377 2195 1440 2228 pro

55 2263 152 2285 muro
185 2254 304 2284 autem
337 2247 549 2292 intelligitur
581 2259 625 2281 ea
648 2247 825 2282 moenium
848 2259 952 2292 pars,
977 2258 1065 2290 quae
1093 2247 1241 2280 adversa
1264 2249 1340 2278 erat
1367 2245 1447 2283 Ro-¹

55 2311 167 2346 manis
190 2314 224 2345 et
254 2310 316 2344 ubi
349 2309 488 2344 stabant
522 2307 718 2350 Numidae,
754 2307 916 2342 hostibus
938 2310 1182 2352 repugnantes.
1215 2306 1260 2340 cf.
1283 2306 1438 2350 Herzog.

56 2371 100 2406 ad
122 2371 226 2405 Catil.
248 2370 309 2413 VI,
332 2370 366 2404 2.
400 2382 436 2414 p.
461 2369 519 2404 39.
566 2370 637 2404 Per
657 2380 693 2403 se
715 2373 833 2403 autem
868 2372 963 2412 patet
995 2369 1130 2402 moenia
1162 2377 1336 2411 nunquam
1370 2365 1439 2399 (lici

54 2443 153 2476 posse
176 2442 240 2475 pro
263 2442 382 2471 muro3
404 2442 523 2464 murus
545 2441 630 2464 vero
655 2429 778 2464 latiore
808 2441 907 2464 sensu
932 2441 1036 2474 saepe
1057 2429 1198 2473 ponitur
1216 2440 1283 2473 pro
1310 2427 1440 2462 moena·-

54 2494 127 2527 bus.
164 2503 196 2527 ν.
232 2491 370 2527 Nolteu.
395 2491 478 2525 Lex.
516 2491 698 2527 Antibarb.
733 2503 768 2535 p.
797 2490 903 2525 1⁰52.
934 2491 1078 2535 Gry-sar.
1102 2490 1174 2525 Art.
1197 2489 1322 2524 Latine
1351 2488 1439 2522 scri-

53 2553 158 2587 bendi
181 2565 216 2597 p.
241 2551 322 2587 332.
348 2555 383 2586 et
406 2552 464 2587 W.
486 2552 526 2586 E.
562 2550 707 2586 waheri
737 2550 887 2585 Exercit.
920 2551 1014 2596 styli
1045 2552 1121 2586 Lat.
1146 2552 1225 2586 Vol.
1247 2551 1276 2586 I.
1299 2563 1333 2596 p.
1356 2549 1437 2586 153.

53 2626 89 2649 n.
111 2613 145 2648 ὃ.
171 2633 214 2639 —
240 2613 390 2659 Agitare
410 2613 532 2646 eodem
556 2613 663 2647 modo
687 2611 818 2646 dictum
841 2615 894 2646 est
916 2624 945 2646 c.
969 2612 1060 2655 LIX,
1084 2613 1135 2648 1.

145 2676 179 2717 5.
203 2673 227 2709 5
245 2693 291 2700 —-
314 2673 349 2707 7.
396 2673 581 2718 omnibus]
611 2675 721 2708 Recte
746 2674 863 2707 Faber
895 2674 964 2706 hoc
985 2673 1198 2708 vocabulum
1221 2685 1243 2708 a
1264 2672 1440 2716 sequenti-

54 2735 121 2768 bus
144 2739 318 2771 commate
340 2733 509 2776 seiunxit3
543 2747 613 2770 non
645 2735 807 2770 viderunt
838 2735 931 2768 enim
953 2734 1156 2779 interpretes
1185 2745 1254 2770 nou
1278 2732 1442 2778 coniungi
