1630 3034
487 170 846 216 IUGURTHA.
881 171 1007 213 CAP.
1041 170 1202 213 XVIII.
1458 175 1539 213 109

156 291 252 336 Sed
286 295 528 350 postquam
566 290 612 333 in
647 287 865 347 Hispania
896 286 1140 345 HerculeS‚
1177 286 1302 330 sicuti
1330 287 1429 331 Afri
1455 295 1581 348 pli-3

151 394 273 443 tant,
323 387 508 441 interiit,
557 385 772 429 exercitus
823 384 938 440 eius,
994 383 1267 442 compositus
1313 399 1367 427 ex
1411 386 1540 430 variis

153 483 384 545 gentibus,
420 483 582 526 amisso
618 481 734 524 duce
769 494 822 523 ac
857 479 1022 539 passim
1050 479 1198 523 multis
1234 479 1316 524 sibi
1352 482 1540 541 quisque

151 634 232 680 gari
264 633 511 668 consuetudine
533 635 675 679 quisque
698 632 752 666 ita
774 633 984 676 usurpetur,
1014 634 1055 665 ut
1078 631 1110 664 ei
1133 632 1373 676 praedicatum
1396 634 1544 677 pluralis

149 695 288 729 numeri
312 697 450 738 aptetur
487 695 540 738 (v,
566 695 610 728 ad
635 693 736 728 Catil.
761 693 844 734 Vll,
867 693 942 736 1.),
967 703 1153 736 progressa
1176 693 1374 736 paullulum
1397 693 1541 728 licentia

86 771 88 773 >
149 757 284 790 factum
309 759 380 796 est,
404 758 444 789 ut
467 755 535 788 hoc
558 765 750 798 pronomen
774 753 928 787 subiecto
952 753 1096 796 pluralis
1119 754 1256 787 numeri
1279 754 1378 797 quasi
1400 755 1542 798 apposi—

150 816 256 850 tionis
277 815 313 849 vi
338 816 540 856 adderetur,
566 814 625 847 sed
649 814 718 857 ita,
742 818 779 848 ut
805 813 1017 848 relicuorum
1040 814 1230 847 verborum
1263 818 1438 849 structura
1470 827 1540 850 non

149 877 440 920 comprehensum
481 879 649 918 tanquam
689 875 868 908 absolutae
899 873 1152 907 enunciationis
1185 874 1294 908 instar
1326 879 1437 916 esset,
1470 886 1541 918 qua

148 937 285 971 dicendi
323 936 458 970 ratione
489 934 604 968 Latini
644 938 787 969 utuntur
833 935 877 968 ad
912 934 1135 968 indicandum
1178 935 1272 968 idem
1313 946 1335 969 a
1381 935 1542 978 pluribus

149 1008 304 1031 seorsum
337 997 434 1037 fieri,
468 1006 504 1031 v,
536 996 692 1039 Herzog.
724 996 768 1029 ad
801 996 904 1030 Catil.
935 996 1067 1036 xmn,
1102 996 1135 1028 1.
1160 1007 1195 1039 p.
1218 994 1299 1030 219.
1323 995 1462 1030 collatis
1484 995 1542 1036 iis,

148 1068 239 1101 quae
271 1067 379 1100 supra
413 1055 656 1090 annotavimus
688 1056 733 1088 ad
764 1067 794 1089 c.
820 1057 856 1097 1,
887 1056 921 1090 4.
945 1057 1040 1090 lnsra
1064 1057 1180 1098 Lvn,
1200 1055 1234 1089 4.
1260 1056 1455 1089 Romani
1476 1067 1541 1100 pro

149 1118 290 1162 ingenio
307 1118 598 1161 quisquepars
620 1116 748 1149 eminus
761 1127 983 1161 pugnare.
1008 1116 1145 1157 LVIII,
1167 1116 1200 1150 2.
1234 1121 1273 1149 at
1297 1117 1448 1151 nostri
1474 1117 1541 1150 sibi

149 1179 417 1223 quisquepro
434 1177 581 1209 moribus
607 1178 871 1210 consulunt.
907 1177 1170 1211 Drakenborch.
1204 1177 1247 1210 ad
1274 1176 1349 1210 Liv.
1377 1177 1455 1220 Vll,
1482 1175 1541 1218 19,

147 1239 181 1274 2.
204 1239 255 1272 Id.
278 1239 330 1279 ΙΙ,
354 1238 419 1277 12,
436 1236 492 1270 16.
518 1236 692 1277 ceteri,
716 1241 755 1270 ut
772 1237 893 1280 cuique
917 1237 1078 1270 ceciderit
1099 1237 1233 1281 primo,
1259 1248 1320 1270 suo
1348 1238 1540 1283 quisque

147 1303 300 1342 tempore
319 1298 480 1330 aderunt.
506 1297 561 1338 11,
593 1296 639 1339 7,
663 1297 696 1330 1.
722 1297 845 1329 ambo
876 1308 923 1329 ex
939 1297 1135 1339 ercitus,
1167 1297 1288 1330 Veiens
1309 1299 1541 1343 Tarquinien-

146 1359 280 1402 sisque,
316 1369 397 1391 suas
423 1357 631 1401 quisque
664 1357 801 1394 abirent
831 1358 957 1390 doan.
989 1357 1102 1398 XLV,
1137 1355 1205 1398 38,
1238 1357 1295 1390 14.
1329 1359 1358 1391 si
1386 1360 1460 1403 quis
1480 1371 1541 1392 vos

147 1420 362 1464 interroget,
397 1417 480 1462 quid
509 1417 690 1451 moremini
717 1417 793 1459 hic,
828 1422 861 1451 et
889 1429 956 1451 non
984 1417 1060 1451 div
1076 1418 1170 1451 ersi
1201 1418 1317 1452 domos
1345 1420 1539 1464 quisque

149 1479 283 1512 abeatis
300 1483 445 1513 vestras.
470 1476 676 1520 Consimili,
701 1478 761 1511 sed
785 1478 947 1512 liberiore
972 1477 1076 1511 modo
1105 1478 1301 1513 Lechnerus
1332 1479 1422 1513 vidit
1450 1480 1540 1513 illud

146 1540 288 1584 quisque
311 1538 420 1574 etiam
444 1536 610 1572 ablativis
626 1538 794 1572 absolutis
818 1538 1038 1573 interiectum
1063 1549 1155 1579 esse,
1176 1537 1225 1572 ita
1250 1542 1305 1581 ut,
1335 1543 1451 1583 spreta
1474 1551 1537 1584 ap-

146 1600 328 1644 positionis
366 1600 468 1644 lege‚
500 1598 616 1642 potius
647 1603 786 1641 rectae,
812 1610 917 1643 quam
941 1598 1078 1640 dicunt,
1105 1599 1272 1632 orationis
1296 1603 1459 1633 naturam
1483 1611 1540 1633 se-

146 1664 285 1704 quatur.
311 1661 403 1695 Nam
427 1660 458 1693 si
480 1663 603 1693 auctor
619 1659 776 1693 dixisset:
802 1671 905 1704 quum
925 1660 1050 1693 amisso
1067 1660 1152 1694 duce
1169 1660 1301 1694 multi
1319 1661 1384 1693 sibi
1402 1672 1422 1704 q
1435 1661 1542 1694 uis-

146 1732 228 1766 que
248 1722 428 1764 imperium
443 1725 693 1765 peterent,
726 1719 804 1763 quis
828 1731 869 1753 eo
894 1720 1109 1754 offenderet?
1145 1720 1313 1754 Geminus
1337 1724 1389 1754 est
1415 1721 1540 1755 Iustini

146 1781 264 1822 locus,
281 1782 422 1822 XXIX,
447 1781 488 1823 1,
512 1780 545 1815 8.
572 1781 647 1815 his
668 1781 871 1825 regibus
902 1782 1080 1825 pueris,
1113 1782 1177 1815 etsi
1195 1782 1284 1815 nulli
1310 1782 1454 1815 senioris
1478 1794 1539 1816 ae-

147 1842 232 1876 tatis
258 1846 406 1875 rectores
432 1847 553 1886 erant,
579 1847 696 1876 tamen
715 1843 752 1875 in
777 1853 954 1886 suorum
979 1842 1168 1886 quisque
1191 1842 1361 1875 maiorum
1385 1843 1539 1887 vestigia

146 1903 433 1944 nitentibus,
466 1914 600 1948 magna
628 1903 759 1936 indoles
793 1903 935 1936 virtutis
965 1903 1101 1937 enituit.
1136 1902 1304 1936 Caussam
1342 1902 1540 1936 audacioris

145 1966 342 1996 structurae
374 1962 436 1995 hic
459 1963 555 1997 vides
588 1963 623 1997 in
656 1973 696 1995 eo
721 1962 870 2006 positam
887 1963 1016 2006 fuisse,
1041 1963 1134 2006 quod
1157 1961 1305 2005 scriptor
1328 1973 1453 1996 cavere
1475 1974 1538 1996 vo-

145 2023 259 2064 lebat,
285 2034 327 2055 ne
351 2034 483 2067 quoque
506 2034 570 2066 pro
595 2023 768 2065 particula
793 2023 1010 2063 haberetnr3
1034 2033 1117 2056 nam
1141 2022 1327 2066 quominus
1351 2024 1539 2067 quibusque

145 2083 355 2117 scriberetur
378 2084 423 2117 ad
446 2083 659 2127 pronominis
684 2093 802 2116 casum
828 2083 930 2116 alteri
956 2083 1089 2117 nomini
1124 2083 1345 2126 aequandum
1379 2087 1540 2118 constans

147 2143 261 2177 obstat
293 2145 484 2188 singularis
515 2145 650 2178 numeri
688 2143 724 2176 in
758 2143 826 2175 hoc
857 2143 1061 2185 pronomine
1101 2154 1196 2176 usus.
1254 2144 1408 2178 Ulterius
1431 2144 1539 2179 etlam

147 2203 313 2246 processit
345 2204 486 2247 Livius,
519 2205 578 2248 qui
611 2205 697 2238 adeo
730 2201 892 2246 passivae
924 2203 1164 2237 ablativorum
1196 2203 1318 2238 absoll.
1341 2207 1539 2239 structurae

147 2264 287 2307 quisque
318 2263 456 2307 intulit,
502 2266 564 2300 ubi
596 2273 790 2310 pronomen
822 2273 890 2296 non
925 2263 996 2297 alio
1030 2264 1158 2307 modo,
1201 2263 1269 2297 nisi
1300 2263 1469 2298 sententia
1502 2264 1538 2297 in

147 2323 300 2357 activum
325 2329 473 2368 mutata,
495 2325 656 2360 excusari
679 2326 801 2368 potest.
832 2322 948 2357 Verba
972 2329 1050 2357 sunt
1073 2325 1182 2358 haec:
1202 2325 1297 2367 xxl,
1323 2323 1381 2367 45,
1403 2324 1437 2358 9.
1462 2329 1537 2359 tum

145 2395 226 2418 vero
251 2395 424 2426 omnes,
447 2386 541 2420 velut
567 2386 665 2419 Diis
690 2383 980 2426 auctoribus,
1005 2385 1042 2417 in
1073 2396 1168 2429 spem
1202 2396 1302 2418 suam
1339 2386 1536 2429 quisque

146 2456 281 2488 accep
294 2445 373 2484 tis,
397 2445 436 2478 id
452 2457 586 2487 morae,
613 2446 703 2490 quod
718 2444 869 2477 nondum
886 2450 1111 2489 pugnarent,
1136 2446 1184 2479 ad
1203 2446 1372 2490 potienda
1389 2451 1536 2490 sperata

144 2506 236 2547 rati,
269 2505 438 2549 proelium
462 2518 529 2540 uno
557 2508 672 2540 animo
699 2510 733 2540 et
761 2517 844 2540 voce
870 2518 944 2540 una
968 2510 1124 2550 poscunt.
1160 2505 1254 2540 Livii
1284 2506 1395 2553 menti,
1416 2509 1536 2540 autem

145 2567 415 2600 obversabatur:
440 2577 549 2610 quos
572 2566 769 2610 quisque
796 2568 833 2600 in
857 2578 951 2611 spem
970 2577 1070 2601 suam
1099 2571 1364 2610 acceperat.
1382 2585 1427 2591 —-·
1445 2566 1535 2600 Pas-

144 2628 209 2662 sim
242 2627 399 2673 Langius
429 2626 544 2670 inepte
577 2626 730 2670 explicat
757 2628 896 2661 divisim
928 2638 989 2661 seu
1022 2628 1114 2661 inter
1147 2638 1183 2660 se
1217 2627 1411 2667 discordes,·
1441 2632 1535 2661 recte

144 2686 305 2721 Curtius:
338 2686 448 2720 variis
476 2687 578 2728 locis,
615 2698 725 2731 neque
756 2687 900 2730 ordine,
939 2688 1019 2721 coll.
1043 2687 1141 2721 Mela
1174 2688 1212 2729 1,
1247 2687 1282 2722 8.
1304 2689 1458 2731 passim,
1483 2700 1532 2720 ac

144 2748 248 2780 sine
273 2748 378 2792 lege
402 2747 559 2791 dispersi.
584 2747 684 2782 Brut.
709 2746 744 2781 in
770 2747 842 2782 Cic.
867 2748 958 2791 Epp.
983 2747 1026 2782 ad
1049 2748 1189 2785 Famm.
1215 2748 1286 2789 XI,
1310 2748 1378 2789 13,
1403 2748 1439 2783 4.
1473 2749 1532 2782 ille
