<?xml version="1.0" encoding="UTF-8"?>
<!DOCTYPE html PUBLIC "-//W3C//DTD XHTML 1.0 Transitional//EN"
    "http://www.w3.org/TR/xhtml1/DTD/xhtml1-transitional.dtd">
<html xmlns="http://www.w3.org/1999/xhtml" xml:lang="en" lang="en">
 <head>
  <title>
</title>
<meta http-equiv="Content-Type" content="text/html;charset=utf-8" />
  <meta name='ocr-system' content='tesseract 3.04.00' />
  <meta name='ocr-capabilities' content='ocr_page ocr_carea ocr_par ocr_line ocrx_word'/>
</head>
<body>
  <div class='ocr_page' id='page_1' title='image "./operaquaesupeappx01salluoft_0692.png"; bbox 0 0 1630 3034; ppageno 0'>
   <div class='ocr_carea' id='block_1_1' title="bbox 132 172 1162 221">
    <p class='ocr_par' dir='ltr' id='par_1_1' title="bbox 132 172 1162 221">
     <span class='ocr_line' id='line_1_1' title="bbox 132 172 1162 221; baseline -0.006 0"><span class='ocrx_word' id='word_1_1' title='bbox 132 181 218 221; x_wconf 78' lang='lat'><strong>312</strong></span> <span class='ocrx_word' id='word_1_2' title='bbox 506 173 550 216; x_wconf 92' lang='lat' dir='ltr'><strong>C.</strong></span> <span class='ocrx_word' id='word_1_3' title='bbox 583 172 906 216; x_wconf 88' lang='lat' dir='ltr'>SALLUSTI</span> <span class='ocrx_word' id='word_1_4' title='bbox 939 173 1162 216; x_wconf 86' lang='lat' dir='ltr'>CRISPI</span> 
     </span>
    </p>
   </div>
   <div class='ocr_carea' id='block_1_2' title="bbox 134 272 1522 351">
    <p class='ocr_par' dir='ltr' id='par_1_2' title="bbox 134 272 1522 351">
     <span class='ocr_line' id='line_1_2' title="bbox 134 272 1522 351; baseline -0.003 -13"><span class='ocrx_word' id='word_1_5' title='bbox 134 291 274 338; x_wconf 88' lang='lat' dir='ltr'><strong>modo</strong></span> <span class='ocrx_word' id='word_1_6' title='bbox 310 289 438 335; x_wconf 84' lang='lat' dir='ltr'><strong>scalis</strong></span> <span class='ocrx_word' id='word_1_7' title='bbox 478 288 696 351; x_wconf 81' lang='lat' dir='ltr'>aggredi,</span> <span class='ocrx_word' id='word_1_8' title='bbox 741 303 908 349; x_wconf 88' lang='lat' dir='ltr'><strong>cupere</strong></span> <span class='ocrx_word' id='word_1_9' title='bbox 952 272 1173 350; x_wconf 85' lang='lat' dir='ltr'><strong>proelium</strong></span> <span class='ocrx_word' id='word_1_10' title='bbox 1218 288 1416 334; x_wconf 84' lang='lat' dir='ltr'><strong>manibus</strong></span> <span class='ocrx_word' id='word_1_11' title='bbox 1438 291 1522 334; x_wconf 86' lang='lat' dir='ltr'><strong>.fa-</strong></span> 
     </span>
    </p>
   </div>
   <div class='ocr_carea' id='block_1_3' title="bbox 103 385 1525 447">
    <p class='ocr_par' dir='ltr' id='par_1_3' title="bbox 103 385 1525 447">
     <span class='ocr_line' id='line_1_3' title="bbox 103 385 1525 447; baseline -0.001 -16"><span class='ocrx_word' id='word_1_12' title='bbox 103 389 258 436; x_wconf 88' lang='lat' dir='ltr'><strong>5cere.</strong></span> <span class='ocrx_word' id='word_1_13' title='bbox 331 386 501 432; x_wconf 79' lang='lat' dir='ltr'>Contra</span> <span class='ocrx_word' id='word_1_14' title='bbox 542 401 597 430; x_wconf 85' lang='lat' dir='ltr'><strong>ea</strong></span> <span class='ocrx_word' id='word_1_15' title='bbox 643 385 861 447; x_wconf 83' lang='lat' dir='ltr'>oppidani</span> <span class='ocrx_word' id='word_1_16' title='bbox 901 387 946 430; x_wconf 92' lang='lat' dir='ltr'><strong>in</strong></span> <span class='ocrx_word' id='word_1_17' title='bbox 991 400 1238 446; x_wconf 84' lang='lat' dir='ltr'><strong>proxumos</strong></span> <span class='ocrx_word' id='word_1_18' title='bbox 1277 401 1383 430; x_wconf 85' lang='lat' dir='ltr'><strong>saxa</strong></span> <span class='ocrx_word' id='word_1_19' title='bbox 1426 388 1525 431; x_wconf 84' lang='lat' dir='ltr'><strong>vol-</strong></span> 
     </span>
    </p>
   </div>
   <div class='ocr_carea' id='block_1_4' title="bbox 138 517 1529 624">
    <p class='ocr_par' dir='ltr' id='par_1_4' title="bbox 138 517 1529 624">
     <span class='ocr_line' id='line_1_4' title="bbox 138 517 1529 567; baseline -0.003 -11"><span class='ocrx_word' id='word_1_20' title='bbox 138 525 219 567; x_wconf 82' lang='lat' dir='ltr'><strong>post</strong></span> <span class='ocrx_word' id='word_1_21' title='bbox 241 519 402 554; x_wconf 70' lang='lat' dir='ltr'><strong>manibus</strong></span> <span class='ocrx_word' id='word_1_22' title='bbox 418 521 542 563; x_wconf 85' lang='lat' dir='ltr'><strong>facere</strong></span> <span class='ocrx_word' id='word_1_23' title='bbox 565 517 736 552; x_wconf 72' lang='lat' dir='ltr'>edidimus</span> <span class='ocrx_word' id='word_1_24' title='bbox 758 519 968 553; x_wconf 85' lang='lat' dir='ltr'><strong>auctoritate</strong></span> <span class='ocrx_word' id='word_1_25' title='bbox 990 519 1098 553; x_wconf 88' lang='lat' dir='ltr'><strong>Fabr.</strong></span> <span class='ocrx_word' id='word_1_26' title='bbox 1121 519 1156 553; x_wconf 86' lang='grc'><strong>2.</strong></span> <span class='ocrx_word' id='word_1_27' title='bbox 1179 519 1248 553; x_wconf 82' lang='lat' dir='ltr'><strong>Ine.</strong></span> <span class='ocrx_word' id='word_1_28' title='bbox 1269 519 1303 555; x_wconf 89' lang='lat'><strong>1.</strong></span> <span class='ocrx_word' id='word_1_29' title='bbox 1324 518 1465 558; x_wconf 78' lang='lat' dir='ltr'><strong>Mar-tin.</strong></span> <span class='ocrx_word' id='word_1_30' title='bbox 1484 519 1529 552; x_wconf 86' lang='lat' dir='ltr'><strong>B.</strong></span> 
     </span>
     <span class='ocr_line' id='line_1_5' title="bbox 138 578 1527 624; baseline -0.003 -7"><span class='ocrx_word' id='word_1_31' title='bbox 138 582 242 617; x_wconf 87' lang='lat' dir='ltr'><strong>Publ.</strong></span> <span class='ocrx_word' id='word_1_32' title='bbox 266 580 407 615; x_wconf 79' lang='lat' dir='ltr'><strong>Pembr.</strong></span> <span class='ocrx_word' id='word_1_33' title='bbox 431 580 550 614; x_wconf 87' lang='lat' dir='ltr'><strong>Mark.</strong></span> <span class='ocrx_word' id='word_1_34' title='bbox 574 582 619 614; x_wconf 86' lang='grc' dir='ltr'><strong>Λ.</strong></span> <span class='ocrx_word' id='word_1_35' title='bbox 643 578 791 613; x_wconf 87' lang='lat' dir='ltr'><strong>Balliol.</strong></span> <span class='ocrx_word' id='word_1_36' title='bbox 816 579 906 624; x_wconf 86' lang='lat' dir='ltr'><strong>Reg.</strong></span> <span class='ocrx_word' id='word_1_37' title='bbox 931 580 1094 614; x_wconf 88' lang='lat' dir='ltr'><strong>Arondel.</strong></span> <span class='ocrx_word' id='word_1_38' title='bbox 1119 581 1230 614; x_wconf 82' lang='lat' dir='ltr'><strong>Laud.</strong></span> <span class='ocrx_word' id='word_1_39' title='bbox 1258 581 1292 615; x_wconf 84' lang='lat'><strong>1.</strong></span> <span class='ocrx_word' id='word_1_40' title='bbox 1315 580 1350 614; x_wconf 88' lang='grc'><strong>2.</strong></span> <span class='ocrx_word' id='word_1_41' title='bbox 1373 579 1408 615; x_wconf 84' lang='lat'><strong>3.</strong></span> <span class='ocrx_word' id='word_1_42' title='bbox 1457 580 1527 613; x_wconf 78' lang='lat' dir='ltr'><strong>Re-</strong></span> 
     </span>
    </p>
   </div>
   <div class='ocr_carea' id='block_1_5' title="bbox 139 640 1533 805">
    <p class='ocr_par' dir='ltr' id='par_1_5' title="bbox 139 640 1533 805">
     <span class='ocr_line' id='line_1_6' title="bbox 139 640 1533 695; baseline -0.001 -20"><span class='ocrx_word' id='word_1_43' title='bbox 139 641 227 683; x_wconf 80' lang='lat' dir='ltr'><strong>licui</strong></span> <span class='ocrx_word' id='word_1_44' title='bbox 260 652 382 675; x_wconf 89' lang='lat' dir='ltr'><strong>omnes</strong></span> <span class='ocrx_word' id='word_1_45' title='bbox 416 640 550 675; x_wconf 85' lang='lat' dir='ltr'><strong>habent</strong></span> <span class='ocrx_word' id='word_1_46' title='bbox 583 641 628 674; x_wconf 79' lang='lat' dir='ltr'><strong>in</strong></span> <span class='ocrx_word' id='word_1_47' title='bbox 661 640 821 673; x_wconf 80' lang='lat' dir='ltr'><strong>manibus</strong></span> <span class='ocrx_word' id='word_1_48' title='bbox 846 642 992 682; x_wconf 84' lang='lat' dir='ltr'><strong>facere,</strong></span> <span class='ocrx_word' id='word_1_49' title='bbox 1025 646 1131 684; x_wconf 84' lang='lat' dir='ltr'><strong>quam</strong></span> <span class='ocrx_word' id='word_1_50' title='bbox 1163 641 1372 695; x_wconf 47' lang='lat' dir='ltr'><strong>scripturam</strong></span> <span class='ocrx_word' id='word_1_51' title='bbox 1401 640 1533 674; x_wconf 81' lang='lat' dir='ltr'><strong>frustra</strong></span> 
     </span>
     <span class='ocr_line' id='line_1_7' title="bbox 139 699 1532 746; baseline -0.001 -9"><span class='ocrx_word' id='word_1_52' title='bbox 139 702 347 746; x_wconf 73' lang='lat' dir='ltr'><strong>interpretes</strong></span> <span class='ocrx_word' id='word_1_53' title='bbox 378 701 515 735; x_wconf 85' lang='lat' dir='ltr'><strong>student</strong></span> <span class='ocrx_word' id='word_1_54' title='bbox 549 700 734 735; x_wconf 72' lang='lat' dir='ltr'><strong>defendere</strong></span> <span class='ocrx_word' id='word_1_55' title='bbox 766 699 938 735; x_wconf 88' lang='lat' dir='ltr'><strong>eiusmodi</strong></span> <span class='ocrx_word' id='word_1_56' title='bbox 972 702 1079 744; x_wconf 84' lang='lat' dir='ltr'><strong>locis,</strong></span> <span class='ocrx_word' id='word_1_57' title='bbox 1111 703 1232 746; x_wconf 88' lang='lat' dir='ltr'><strong>quales</strong></span> <span class='ocrx_word' id='word_1_58' title='bbox 1263 706 1344 738; x_wconf 86' lang='lat' dir='ltr'><strong>sunt</strong></span> <span class='ocrx_word' id='word_1_59' title='bbox 1365 703 1465 736; x_wconf 83' lang='lat' dir='ltr'><strong>Caes.</strong></span> <span class='ocrx_word' id='word_1_60' title='bbox 1487 703 1532 736; x_wconf 91' lang='lat' dir='ltr'><strong>B.</strong></span> 
     </span>
     <span class='ocr_line' id='line_1_8' title="bbox 144 761 1533 805; baseline 0.001 -8"><span class='ocrx_word' id='word_1_61' title='bbox 144 764 189 798; x_wconf 87' lang='lat' dir='ltr'><strong>G.</strong></span> <span class='ocrx_word' id='word_1_62' title='bbox 212 764 257 805; x_wconf 88' lang='lat'><strong>11,</strong></span> <span class='ocrx_word' id='word_1_63' title='bbox 282 761 342 796; x_wconf 88' lang='grc'><strong>19.</strong></span> <span class='ocrx_word' id='word_1_64' title='bbox 397 762 442 796; x_wconf 89' lang='lat' dir='ltr'><strong>Ut</strong></span> <span class='ocrx_word' id='word_1_65' title='bbox 465 762 537 796; x_wconf 82' lang='lat' dir='ltr'><strong>iam</strong></span> <span class='ocrx_word' id='word_1_66' title='bbox 560 762 608 796; x_wconf 82' lang='lat' dir='ltr'><strong>in</strong></span> <span class='ocrx_word' id='word_1_67' title='bbox 631 761 844 796; x_wconf 81' lang='lat' dir='ltr'><strong>manibus</strong></span> <span class='ocrx_word' id='word_1_68' title='bbox 867 763 993 796; x_wconf 83' lang='lat' dir='ltr'><strong>nostris</strong></span> <span class='ocrx_word' id='word_1_69' title='bbox 1017 763 1131 797; x_wconf 81' lang='lat' dir='ltr'><strong>hostes</strong></span> <span class='ocrx_word' id='word_1_70' title='bbox 1154 765 1443 798; x_wconf 78' lang='lat' dir='ltr'><strong>viderentur.</strong></span> <span class='ocrx_word' id='word_1_71' title='bbox 1466 763 1533 798; x_wconf 88' lang='lat' dir='ltr'><strong>Sil.</strong></span> 
     </span>
    </p>
   </div>
   <div class='ocr_carea' id='block_1_6' title="bbox 120 822 1615 867">
    <p class='ocr_par' dir='ltr' id='par_1_6' title="bbox 120 822 1615 867">
     <span class='ocr_line' id='line_1_9' title="bbox 120 822 1615 867; baseline -0.001 -9"><span class='ocrx_word' id='word_1_72' title='bbox 120 825 223 866; x_wconf 52' lang='grc' dir='ltr'><strong>«ΧΠ,</strong></span> <span class='ocrx_word' id='word_1_73' title='bbox 247 823 328 858; x_wconf 84' lang='grc'><strong>196.</strong></span> <span class='ocrx_word' id='word_1_74' title='bbox 378 823 459 857; x_wconf 83' lang='lat' dir='ltr'><strong><em>Stat</em></strong></span> <span class='ocrx_word' id='word_1_75' title='bbox 482 834 623 867; x_wconf 80' lang='lat' dir='ltr'><strong>campus</strong></span> <span class='ocrx_word' id='word_1_76' title='bbox 658 826 691 857; x_wconf 82' lang='lat' dir='ltr'><strong>et</strong></span> <span class='ocrx_word' id='word_1_77' title='bbox 721 833 843 863; x_wconf 85' lang='lat' dir='ltr'><strong>arma,</strong></span> <span class='ocrx_word' id='word_1_78' title='bbox 868 822 917 856; x_wconf 85' lang='lat' dir='ltr'><strong>Et</strong></span> <span class='ocrx_word' id='word_1_79' title='bbox 943 823 1044 858; x_wconf 84' lang='lat' dir='ltr'><strong>Mars</strong></span> <span class='ocrx_word' id='word_1_80' title='bbox 1073 824 1119 858; x_wconf 77' lang='lat' dir='ltr'><strong>in</strong></span> <span class='ocrx_word' id='word_1_81' title='bbox 1151 825 1374 858; x_wconf 74' lang='lat' dir='ltr'><strong>manibus.</strong></span> <span class='ocrx_word' id='word_1_82' title='bbox 1397 824 1535 865; x_wconf 74' lang='lat' dir='ltr'><strong>Liv.11‚</strong></span> <span class='ocrx_word' id='word_1_83' title='bbox 1604 843 1615 848; x_wconf 92' lang='lat'><em>-</em></span> 
     </span>
    </p>
   </div>
   <div class='ocr_carea' id='block_1_7' title="bbox 144 873 1569 2813">
    <p class='ocr_par' dir='ltr' id='par_1_7' title="bbox 144 873 1547 1473">
     <span class='ocr_line' id='line_1_10' title="bbox 144 873 1532 930; baseline -0.001 -11"><span class='ocrx_word' id='word_1_84' title='bbox 144 884 213 927; x_wconf 85' lang='lat'><strong>30,</strong></span> <span class='ocrx_word' id='word_1_85' title='bbox 237 884 295 919; x_wconf 84' lang='lat'><strong>12.</strong></span> <span class='ocrx_word' id='word_1_86' title='bbox 349 885 416 918; x_wconf 81' lang='lat' dir='ltr'><strong>Ubi</strong></span> <span class='ocrx_word' id='word_1_87' title='bbox 444 884 502 917; x_wconf 80' lang='lat' dir='ltr'><strong>ad</strong></span> <span class='ocrx_word' id='word_1_88' title='bbox 534 894 707 917; x_wconf 85' lang='lat' dir='ltr'><strong>manum</strong></span> <span class='ocrx_word' id='word_1_89' title='bbox 745 882 954 918; x_wconf 80' lang='lat' dir='ltr'><strong>venisset</strong></span> <span class='ocrx_word' id='word_1_90' title='bbox 993 885 1110 920; x_wconf 81' lang='lat' dir='ltr'><strong>hostis.</strong></span> <span class='ocrx_word' id='word_1_91' title='bbox 1144 885 1230 930; x_wconf 67' lang='lat' dir='ltr'><strong>Nep.</strong></span> <span class='ocrx_word' id='word_1_92' title='bbox 1254 873 1403 919; x_wconf 68' lang='lat' dir='ltr'><strong>Eumeus</strong></span> <span class='ocrx_word' id='word_1_93' title='bbox 1425 885 1475 926; x_wconf 83' lang='lat' dir='ltr'><strong>V,</strong></span> <span class='ocrx_word' id='word_1_94' title='bbox 1500 885 1532 918; x_wconf 91' lang='grc'><strong>2.</strong></span> 
     </span>
     <span class='ocr_line' id='line_1_11' title="bbox 146 935 1538 990; baseline -0.001 -10"><span class='ocrx_word' id='word_1_95' title='bbox 146 946 271 990; x_wconf 80' lang='lat' dir='ltr'><strong><em>Neque</em></strong></span> <span class='ocrx_word' id='word_1_96' title='bbox 303 955 458 989; x_wconf 81' lang='lat' dir='ltr'><strong>unquam</strong></span> <span class='ocrx_word' id='word_1_97' title='bbox 482 945 539 978; x_wconf 83' lang='lat' dir='ltr'><strong>ad</strong></span> <span class='ocrx_word' id='word_1_98' title='bbox 574 935 750 978; x_wconf 72' lang='lat' dir='ltr'><strong>manum</strong></span> <span class='ocrx_word' id='word_1_99' title='bbox 782 945 1003 980; x_wconf 80' lang='lat' dir='ltr'><strong><em>accedere</em></strong></span> <span class='ocrx_word' id='word_1_100' title='bbox 1035 946 1161 980; x_wconf 82' lang='lat' dir='ltr'><strong>licebat</strong></span> <span class='ocrx_word' id='word_1_101' title='bbox 1172 958 1185 987; x_wconf 73' lang='lat'><strong>,-</strong></span> <span class='ocrx_word' id='word_1_102' title='bbox 1218 945 1345 990; x_wconf 85' lang='lat' dir='ltr'><strong>quibus</strong></span> <span class='ocrx_word' id='word_1_103' title='bbox 1375 948 1416 979; x_wconf 87' lang='lat' dir='ltr'><strong>ut</strong></span> <span class='ocrx_word' id='word_1_104' title='bbox 1446 944 1538 978; x_wconf 82' lang='lat' dir='ltr'>nihil</span> 
     </span>
     <span class='ocr_line' id='line_1_12' title="bbox 147 1005 1540 1050; baseline -0.002 -8"><span class='ocrx_word' id='word_1_105' title='bbox 147 1007 238 1042; x_wconf 81' lang='lat' dir='ltr'><strong>inter</strong></span> <span class='ocrx_word' id='word_1_106' title='bbox 259 1017 298 1041; x_wconf 89' lang='lat' dir='ltr'><strong>se</strong></span> <span class='ocrx_word' id='word_1_107' title='bbox 320 1005 404 1050; x_wconf 86' lang='lat' dir='ltr'><strong>ipsis</strong></span> <span class='ocrx_word' id='word_1_108' title='bbox 427 1009 480 1040; x_wconf 86' lang='lat' dir='ltr'><strong>est</strong></span> <span class='ocrx_word' id='word_1_109' title='bbox 502 1016 697 1045; x_wconf 86' lang='lat' dir='ltr'><strong>commune,</strong></span> <span class='ocrx_word' id='word_1_110' title='bbox 721 1005 773 1040; x_wconf 86' lang='lat' dir='ltr'><strong>ita</strong></span> <span class='ocrx_word' id='word_1_111' title='bbox 795 1005 952 1040; x_wconf 82' lang='lat' dir='ltr'><strong>maxima</strong></span> <span class='ocrx_word' id='word_1_112' title='bbox 975 1009 1027 1039; x_wconf 87' lang='lat' dir='ltr'><strong>est</strong></span> <span class='ocrx_word' id='word_1_113' title='bbox 1051 1005 1296 1040; x_wconf 80' lang='lat' dir='ltr'><strong>dissimilitudo</strong></span> <span class='ocrx_word' id='word_1_114' title='bbox 1318 1017 1399 1039; x_wconf 89' lang='lat' dir='ltr'><strong>cum</strong></span> <span class='ocrx_word' id='word_1_115' title='bbox 1422 1009 1540 1039; x_wconf 89' lang='lat' dir='ltr'><strong>nostro</strong></span> 
     </span>
     <span class='ocr_line' id='line_1_13' title="bbox 148 1064 1539 1110; baseline -0.001 -9"><span class='ocrx_word' id='word_1_116' title='bbox 148 1067 243 1101; x_wconf 87' lang='lat' dir='ltr'><strong>loco.</strong></span> <span class='ocrx_word' id='word_1_117' title='bbox 289 1066 410 1110; x_wconf 85' lang='lat' dir='ltr'><strong>Quum</strong></span> <span class='ocrx_word' id='word_1_118' title='bbox 441 1069 561 1100; x_wconf 89' lang='lat' dir='ltr'><strong>autem</strong></span> <span class='ocrx_word' id='word_1_119' title='bbox 592 1077 717 1099; x_wconf 82' lang='lat' dir='ltr'><strong>manus</strong></span> <span class='ocrx_word' id='word_1_120' title='bbox 748 1064 884 1100; x_wconf 79' lang='lat' dir='ltr'><strong>dicatur</strong></span> <span class='ocrx_word' id='word_1_121' title='bbox 915 1065 958 1099; x_wconf 90' lang='lat' dir='ltr'><strong>de</strong></span> <span class='ocrx_word' id='word_1_122' title='bbox 989 1067 1181 1100; x_wconf 81' lang='lat' dir='ltr'><strong><em>certamine</em></strong></span> <span class='ocrx_word' id='word_1_123' title='bbox 1209 1067 1409 1100; x_wconf 79' lang='lat' dir='ltr'><strong>cominus</strong></span> <span class='ocrx_word' id='word_1_124' title='bbox 1427 1068 1539 1110; x_wconf 79' lang='lat' dir='ltr'><strong>facto,</strong></span> 
     </span>
     <span class='ocr_line' id='line_1_14' title="bbox 149 1125 1542 1172; baseline -0.001 -10"><span class='ocrx_word' id='word_1_125' title='bbox 149 1127 186 1162; x_wconf 89' lang='lat' dir='ltr'><strong>in</strong></span> <span class='ocrx_word' id='word_1_126' title='bbox 209 1130 375 1172; x_wconf 88' lang='lat' dir='ltr'><strong>promptu</strong></span> <span class='ocrx_word' id='word_1_127' title='bbox 397 1130 449 1161; x_wconf 85' lang='lat' dir='ltr'><strong>est</strong></span> <span class='ocrx_word' id='word_1_128' title='bbox 466 1129 589 1172; x_wconf 86' lang='lat' dir='ltr'><strong>facere</strong></span> <span class='ocrx_word' id='word_1_129' title='bbox 611 1127 760 1160; x_wconf 82' lang='lat' dir='ltr'><strong>verbum</strong></span> <span class='ocrx_word' id='word_1_130' title='bbox 787 1125 1081 1170; x_wconf 81' lang='lat' dir='ltr'><strong>praepositionem</strong></span> <span class='ocrx_word' id='word_1_131' title='bbox 1108 1138 1176 1161; x_wconf 91' lang='lat' dir='ltr'><strong>non</strong></span> <span class='ocrx_word' id='word_1_132' title='bbox 1202 1126 1402 1169; x_wconf 84' lang='lat' dir='ltr'><strong>admittere3</strong></span> <span class='ocrx_word' id='word_1_133' title='bbox 1431 1138 1542 1170; x_wconf 86' lang='lat' dir='ltr'><strong>neque</strong></span> 
     </span>
     <span class='ocr_line' id='line_1_15' title="bbox 151 1174 1545 1233; baseline 0 -12"><span class='ocrx_word' id='word_1_134' title='bbox 151 1199 196 1222; x_wconf 89' lang='lat' dir='ltr'><strong>ea</strong></span> <span class='ocrx_word' id='word_1_135' title='bbox 219 1199 302 1222; x_wconf 87' lang='lat' dir='ltr'><strong>usus</strong></span> <span class='ocrx_word' id='word_1_136' title='bbox 324 1191 376 1222; x_wconf 84' lang='lat' dir='ltr'><strong>est</strong></span> <span class='ocrx_word' id='word_1_137' title='bbox 398 1188 548 1222; x_wconf 85' lang='lat' dir='ltr'><strong>Tacitus</strong></span> <span class='ocrx_word' id='word_1_138' title='bbox 569 1187 607 1222; x_wconf 91' lang='lat' dir='ltr'><strong>in</strong></span> <span class='ocrx_word' id='word_1_139' title='bbox 630 1174 813 1222; x_wconf 81' lang='lat' dir='ltr'><strong>simillima</strong></span> <span class='ocrx_word' id='word_1_140' title='bbox 839 1187 991 1221; x_wconf 84' lang='lat' dir='ltr'><strong>dictione</strong></span> <span class='ocrx_word' id='word_1_141' title='bbox 1011 1189 1100 1224; x_wconf 86' lang='lat' dir='ltr'><strong>Ann.</strong></span> <span class='ocrx_word' id='word_1_142' title='bbox 1120 1189 1200 1230; x_wconf 82' lang='lat' dir='ltr'><strong>XII,</strong></span> <span class='ocrx_word' id='word_1_143' title='bbox 1221 1187 1281 1230; x_wconf 79' lang='lat'><strong>30,</strong></span> <span class='ocrx_word' id='word_1_144' title='bbox 1298 1187 1332 1221; x_wconf 89' lang='lat'><strong>1.</strong></span> <span class='ocrx_word' id='word_1_145' title='bbox 1381 1188 1545 1233; x_wconf 70' lang='lat' dir='ltr'><strong>Pugnan:</strong></span> 
     </span>
     <span class='ocr_line' id='line_1_16' title="bbox 154 1247 1545 1294; baseline 0 -12"><span class='ocrx_word' id='word_1_146' title='bbox 154 1260 262 1283; x_wconf 78' lang='lat' dir='ltr'><strong>manu</strong></span> <span class='ocrx_word' id='word_1_147' title='bbox 285 1249 458 1293; x_wconf 79' lang='lat' dir='ltr'><strong>capessiit.</strong></span> <span class='ocrx_word' id='word_1_148' title='bbox 506 1248 595 1283; x_wconf 69' lang='lat' dir='ltr'><strong>Octa</strong></span> <span class='ocrx_word' id='word_1_149' title='bbox 618 1253 671 1283; x_wconf 88' lang='lat' dir='ltr'><strong>est</strong></span> <span class='ocrx_word' id='word_1_150' title='bbox 693 1251 811 1282; x_wconf 89' lang='lat' dir='ltr'><strong>autem</strong></span> <span class='ocrx_word' id='word_1_151' title='bbox 835 1259 877 1282; x_wconf 87' lang='lat' dir='ltr'><strong>ex</strong></span> <span class='ocrx_word' id='word_1_152' title='bbox 899 1259 934 1281; x_wconf 89' lang='lat' dir='ltr'><strong>m</strong></span> <span class='ocrx_word' id='word_1_153' title='bbox 957 1247 1077 1283; x_wconf 88' lang='lat' dir='ltr'><strong>littera</strong></span> <span class='ocrx_word' id='word_1_154' title='bbox 1100 1250 1160 1283; x_wconf 75' lang='lat' dir='ltr'><strong>vel</strong></span> <span class='ocrx_word' id='word_1_155' title='bbox 1183 1254 1386 1294; x_wconf 83' lang='lat' dir='ltr'><strong>antegressa</strong></span> <span class='ocrx_word' id='word_1_156' title='bbox 1411 1250 1469 1283; x_wconf 78' lang='lat' dir='ltr'><strong>vel</strong></span> <span class='ocrx_word' id='word_1_157' title='bbox 1492 1260 1545 1282; x_wconf 87' lang='lat' dir='ltr'><strong>se-</strong></span> 
     </span>
     <span class='ocr_line' id='line_1_17' title="bbox 153 1308 1547 1355; baseline -0.001 -11"><span class='ocrx_word' id='word_1_158' title='bbox 153 1314 301 1355; x_wconf 84' lang='lat' dir='ltr'><strong>quente,</strong></span> <span class='ocrx_word' id='word_1_159' title='bbox 336 1309 437 1344; x_wconf 78' lang='lat' dir='ltr'><strong>cuius</strong></span> <span class='ocrx_word' id='word_1_160' title='bbox 467 1310 609 1355; x_wconf 85' lang='lat' dir='ltr'><strong>generis</strong></span> <span class='ocrx_word' id='word_1_161' title='bbox 641 1309 863 1353; x_wconf 86' lang='lat' dir='ltr'><strong>corruptelae</strong></span> <span class='ocrx_word' id='word_1_162' title='bbox 893 1309 1089 1353; x_wconf 87' lang='lat' dir='ltr'><strong>permultae</strong></span> <span class='ocrx_word' id='word_1_163' title='bbox 1111 1308 1148 1344; x_wconf 88' lang='lat' dir='ltr'><strong>in</strong></span> <span class='ocrx_word' id='word_1_164' title='bbox 1171 1310 1350 1344; x_wconf 75' lang='lat' dir='ltr'><strong>codicibus</strong></span> <span class='ocrx_word' id='word_1_165' title='bbox 1369 1309 1547 1353; x_wconf 87' lang='lat' dir='ltr'><strong>reperiun-</strong></span> 
     </span>
     <span class='ocr_line' id='line_1_18' title="bbox 154 1368 1546 1415; baseline -0.001 -10"><span class='ocrx_word' id='word_1_166' title='bbox 154 1376 229 1415; x_wconf 85' lang='lat' dir='ltr'><strong>tur,</strong></span> <span class='ocrx_word' id='word_1_167' title='bbox 262 1371 310 1405; x_wconf 82' lang='lat' dir='ltr'><strong>cf.</strong></span> <span class='ocrx_word' id='word_1_168' title='bbox 345 1371 523 1405; x_wconf 80' lang='lat' dir='ltr'><strong>Drakenb.</strong></span> <span class='ocrx_word' id='word_1_169' title='bbox 547 1371 592 1405; x_wconf 87' lang='lat' dir='ltr'><strong>ad</strong></span> <span class='ocrx_word' id='word_1_170' title='bbox 616 1371 691 1405; x_wconf 82' lang='lat' dir='ltr'><strong>Liv.</strong></span> <span class='ocrx_word' id='word_1_171' title='bbox 729 1370 779 1412; x_wconf 80' lang='lat' dir='ltr'><strong>V,</strong></span> <span class='ocrx_word' id='word_1_172' title='bbox 803 1368 871 1411; x_wconf 77' lang='lat'><strong>23,</strong></span> <span class='ocrx_word' id='word_1_173' title='bbox 895 1368 930 1404; x_wconf 86' lang='lat'><strong>5.</strong></span> <span class='ocrx_word' id='word_1_174' title='bbox 964 1370 1085 1412; x_wconf 79' lang='lat' dir='ltr'><strong>xxn,</strong></span> <span class='ocrx_word' id='word_1_175' title='bbox 1109 1369 1166 1413; x_wconf 83' lang='lat'><strong>55,</strong></span> <span class='ocrx_word' id='word_1_176' title='bbox 1191 1371 1225 1406; x_wconf 78' lang='grc' dir='ltr'><strong>ὃ.</strong></span> <span class='ocrx_word' id='word_1_177' title='bbox 1251 1375 1285 1407; x_wconf 83' lang='lat' dir='ltr'><strong>et</strong></span> <span class='ocrx_word' id='word_1_178' title='bbox 1307 1371 1477 1406; x_wconf 87' lang='lat' dir='ltr'><strong>Goerenz.</strong></span> <span class='ocrx_word' id='word_1_179' title='bbox 1502 1371 1546 1405; x_wconf 88' lang='lat' dir='ltr'><strong>ad</strong></span> 
     </span>
     <span class='ocr_line' id='line_1_19' title="bbox 155 1431 614 1473; baseline -0.004 -7"><span class='ocrx_word' id='word_1_180' title='bbox 155 1432 228 1466; x_wconf 87' lang='lat' dir='ltr'><strong>Cic.</strong></span> <span class='ocrx_word' id='word_1_181' title='bbox 253 1432 384 1466; x_wconf 81' lang='lat' dir='ltr'><strong>Acadd.</strong></span> <span class='ocrx_word' id='word_1_182' title='bbox 410 1432 456 1473; x_wconf 90' lang='lat'><strong>11,</strong></span> <span class='ocrx_word' id='word_1_183' title='bbox 475 1431 534 1473; x_wconf 82' lang='lat'><strong>12,</strong></span> <span class='ocrx_word' id='word_1_184' title='bbox 558 1431 614 1466; x_wconf 83' lang='lat'><strong>38.</strong></span> 
     </span>
    </p>

    <p class='ocr_par' dir='ltr' id='par_1_8' title="bbox 158 1490 1569 2813">
     <span class='ocr_line' id='line_1_20' title="bbox 250 1490 1551 1537; baseline 0.002 -14"><span class='ocrx_word' id='word_1_185' title='bbox 250 1492 284 1536; x_wconf 73' lang='lat'><strong>§-</strong></span> <span class='ocrx_word' id='word_1_186' title='bbox 311 1491 345 1526; x_wconf 85' lang='lat'><strong>5.</strong></span> <span class='ocrx_word' id='word_1_187' title='bbox 396 1492 527 1527; x_wconf 83' lang='lat' dir='ltr'><strong>Contra</strong></span> <span class='ocrx_word' id='word_1_188' title='bbox 552 1496 622 1534; x_wconf 89' lang='lat' dir='ltr'><strong>ea]</strong></span> <span class='ocrx_word' id='word_1_189' title='bbox 658 1493 713 1526; x_wconf 85' lang='lat' dir='ltr'><strong>Ea</strong></span> <span class='ocrx_word' id='word_1_190' title='bbox 736 1492 835 1526; x_wconf 84' lang='lat' dir='ltr'><strong>abest</strong></span> <span class='ocrx_word' id='word_1_191' title='bbox 857 1503 879 1527; x_wconf 83' lang='lat' dir='ltr'><strong>a</strong></span> <span class='ocrx_word' id='word_1_192' title='bbox 903 1491 979 1527; x_wconf 74' lang='lat' dir='ltr'><strong>Vin.</strong></span> <span class='ocrx_word' id='word_1_193' title='bbox 1002 1492 1035 1526; x_wconf 91' lang='lat'><strong>1.</strong></span> <span class='ocrx_word' id='word_1_194' title='bbox 1060 1496 1096 1527; x_wconf 83' lang='lat' dir='ltr'><strong>et</strong></span> <span class='ocrx_word' id='word_1_195' title='bbox 1118 1491 1226 1526; x_wconf 80' lang='lat' dir='ltr'><strong>Acad.</strong></span> <span class='ocrx_word' id='word_1_196' title='bbox 1250 1492 1441 1537; x_wconf 84' lang='lat' dir='ltr'><strong>Vulgatam</strong></span> <span class='ocrx_word' id='word_1_197' title='bbox 1464 1490 1551 1526; x_wconf 90' lang='lat' dir='ltr'><strong>Tel-</strong></span> 
     </span>
     <span class='ocr_line' id='line_1_21' title="bbox 158 1551 1552 1598; baseline 0 -12"><span class='ocrx_word' id='word_1_198' title='bbox 158 1553 253 1586; x_wconf 90' lang='lat' dir='ltr'><strong>lerus</strong></span> <span class='ocrx_word' id='word_1_199' title='bbox 277 1552 313 1587; x_wconf 92' lang='lat' dir='ltr'><strong>in</strong></span> <span class='ocrx_word' id='word_1_200' title='bbox 345 1552 462 1586; x_wconf 82' lang='lat' dir='ltr'><strong>Indice</strong></span> <span class='ocrx_word' id='word_1_201' title='bbox 494 1565 530 1597; x_wconf 92' lang='lat' dir='ltr'><strong>p.</strong></span> <span class='ocrx_word' id='word_1_202' title='bbox 555 1552 638 1587; x_wconf 80' lang='lat'><strong>322.</strong></span> <span class='ocrx_word' id='word_1_203' title='bbox 665 1563 851 1597; x_wconf 80' lang='lat' dir='ltr'><strong>perperam</strong></span> <span class='ocrx_word' id='word_1_204' title='bbox 883 1551 1129 1596; x_wconf 83' lang='lat' dir='ltr'><strong>interpretatur</strong></span> <span class='ocrx_word' id='word_1_205' title='bbox 1161 1553 1408 1598; x_wconf 75' lang='lat' dir='ltr'><strong>gegenseita’g,</strong></span> <span class='ocrx_word' id='word_1_206' title='bbox 1443 1563 1552 1596; x_wconf 89' lang='lat' dir='ltr'><strong>quum</strong></span> 
     </span>
     <span class='ocr_line' id='line_1_22' title="bbox 159 1613 1553 1658; baseline -0.001 -10"><span class='ocrx_word' id='word_1_207' title='bbox 159 1614 276 1658; x_wconf 79' lang='lat' dir='ltr'><strong>potius</strong></span> <span class='ocrx_word' id='word_1_208' title='bbox 301 1613 347 1648; x_wconf 82' lang='lat' dir='ltr'><strong>sit</strong></span> <span class='ocrx_word' id='word_1_209' title='bbox 371 1625 412 1648; x_wconf 77' lang='lat' dir='ltr'><strong>ex</strong></span> <span class='ocrx_word' id='word_1_210' title='bbox 437 1615 551 1648; x_wconf 84' lang='lat' dir='ltr'><strong>altera</strong></span> <span class='ocrx_word' id='word_1_211' title='bbox 572 1618 699 1658; x_wconf 82' lang='lat' dir='ltr'><strong>parte,</strong></span> <span class='ocrx_word' id='word_1_212' title='bbox 723 1613 779 1646; x_wconf 84' lang='lat' dir='ltr'><strong>cui</strong></span> <span class='ocrx_word' id='word_1_213' title='bbox 804 1613 920 1646; x_wconf 88' lang='lat' dir='ltr'><strong>sensui</strong></span> <span class='ocrx_word' id='word_1_214' title='bbox 943 1613 1050 1647; x_wconf 84' lang='lat' dir='ltr'><strong>etiam</strong></span> <span class='ocrx_word' id='word_1_215' title='bbox 1074 1613 1204 1648; x_wconf 81' lang='lat' dir='ltr'><strong>sufficit</strong></span> <span class='ocrx_word' id='word_1_216' title='bbox 1225 1618 1346 1648; x_wconf 84' lang='lat' dir='ltr'><strong>contra</strong></span> <span class='ocrx_word' id='word_1_217' title='bbox 1373 1613 1407 1646; x_wconf 74' lang='lat' dir='ltr'><strong>vi</strong></span> <span class='ocrx_word' id='word_1_218' title='bbox 1432 1613 1553 1647; x_wconf 83' lang='lat' dir='ltr'><strong>adver-</strong></span> 
     </span>
     <span class='ocr_line' id='line_1_23' title="bbox 160 1672 1552 1718; baseline -0.002 -9"><span class='ocrx_word' id='word_1_219' title='bbox 160 1674 212 1709; x_wconf 84' lang='lat' dir='ltr'><strong>bii</strong></span> <span class='ocrx_word' id='word_1_220' title='bbox 236 1674 408 1718; x_wconf 88' lang='lat' dir='ltr'><strong>positum;</strong></span> <span class='ocrx_word' id='word_1_221' title='bbox 433 1674 476 1708; x_wconf 89' lang='lat' dir='ltr'><strong>de</strong></span> <span class='ocrx_word' id='word_1_222' title='bbox 500 1674 713 1718; x_wconf 85' lang='lat' dir='ltr'><strong>pleonastico</strong></span> <span class='ocrx_word' id='word_1_223' title='bbox 736 1672 951 1717; x_wconf 84' lang='lat' dir='ltr'><strong>pronominis</strong></span> <span class='ocrx_word' id='word_1_224' title='bbox 975 1684 1039 1707; x_wconf 84' lang='lat' dir='ltr'><strong>usu</strong></span> <span class='ocrx_word' id='word_1_225' title='bbox 1063 1674 1107 1708; x_wconf 74' lang='lat' dir='ltr'><strong>cf.</strong></span> <span class='ocrx_word' id='word_1_226' title='bbox 1127 1673 1388 1709; x_wconf 79' lang='lat' dir='ltr'><strong>Drakenborch.</strong></span> <span class='ocrx_word' id='word_1_227' title='bbox 1414 1673 1458 1707; x_wconf 86' lang='lat' dir='ltr'><strong>ad</strong></span> <span class='ocrx_word' id='word_1_228' title='bbox 1476 1672 1552 1707; x_wconf 82' lang='lat' dir='ltr'><strong>Liv.</strong></span> 
     </span>
     <span class='ocr_line' id='line_1_24' title="bbox 161 1733 1553 1778; baseline -0.003 -8"><span class='ocrx_word' id='word_1_229' title='bbox 161 1735 223 1777; x_wconf 86' lang='grc' dir='ltr'>ΙΙΙ,</span> <span class='ocrx_word' id='word_1_230' title='bbox 246 1735 305 1778; x_wconf 79' lang='grc'><strong>57,</strong></span> <span class='ocrx_word' id='word_1_231' title='bbox 328 1735 361 1770; x_wconf 93' lang='lat'><strong>1.</strong></span> <span class='ocrx_word' id='word_1_232' title='bbox 383 1733 505 1769; x_wconf 86' lang='lat' dir='ltr'><strong>Bremi</strong></span> <span class='ocrx_word' id='word_1_233' title='bbox 529 1738 564 1768; x_wconf 88' lang='lat' dir='ltr'><strong>et</strong></span> <span class='ocrx_word' id='word_1_234' title='bbox 579 1734 761 1768; x_wconf 84' lang='lat' dir='ltr'><strong>Daehnius</strong></span> <span class='ocrx_word' id='word_1_235' title='bbox 784 1734 829 1768; x_wconf 89' lang='lat' dir='ltr'><strong>ad</strong></span> <span class='ocrx_word' id='word_1_236' title='bbox 853 1735 941 1778; x_wconf 73' lang='lat' dir='ltr'><strong>Nep.</strong></span> <span class='ocrx_word' id='word_1_237' title='bbox 965 1735 1082 1769; x_wconf 79' lang='lat' dir='ltr'><strong>Praef.</strong></span> <span class='ocrx_word' id='word_1_238' title='bbox 1108 1737 1141 1777; x_wconf 63' lang='grc' dir='ltr'><strong>ἕ.</strong></span> <span class='ocrx_word' id='word_1_239' title='bbox 1164 1734 1199 1768; x_wconf 90' lang='grc'><strong>6.</strong></span> <span class='ocrx_word' id='word_1_240' title='bbox 1224 1735 1362 1769; x_wconf 82' lang='lat' dir='ltr'><strong>Walch.</strong></span> <span class='ocrx_word' id='word_1_241' title='bbox 1385 1733 1553 1768; x_wconf 79' lang='lat' dir='ltr'><strong>Emendd.</strong></span> 
     </span>
     <span class='ocr_line' id='line_1_25' title="bbox 161 1794 1556 1840; baseline -0.002 -10"><span class='ocrx_word' id='word_1_242' title='bbox 161 1795 264 1830; x_wconf 79' lang='lat' dir='ltr'><strong>Livv.</strong></span> <span class='ocrx_word' id='word_1_243' title='bbox 287 1807 322 1840; x_wconf 86' lang='lat' dir='ltr'><strong>p.</strong></span> <span class='ocrx_word' id='word_1_244' title='bbox 349 1794 430 1830; x_wconf 83' lang='lat'><strong>250.</strong></span> <span class='ocrx_word' id='word_1_245' title='bbox 477 1795 640 1829; x_wconf 89' lang='lat' dir='ltr'><strong>Handins</strong></span> <span class='ocrx_word' id='word_1_246' title='bbox 672 1801 788 1829; x_wconf 88' lang='lat' dir='ltr'><strong>tamen</strong></span> <span class='ocrx_word' id='word_1_247' title='bbox 822 1795 866 1828; x_wconf 84' lang='lat' dir='ltr'><strong>de</strong></span> <span class='ocrx_word' id='word_1_248' title='bbox 899 1794 1048 1829; x_wconf 87' lang='lat' dir='ltr'><strong>l’articc.</strong></span> <span class='ocrx_word' id='word_1_249' title='bbox 1075 1796 1150 1829; x_wconf 81' lang='lat' dir='ltr'><strong>Lat.</strong></span> <span class='ocrx_word' id='word_1_250' title='bbox 1179 1795 1258 1829; x_wconf 67' lang='lat' dir='ltr'><strong>vol.</strong></span> <span class='ocrx_word' id='word_1_251' title='bbox 1281 1795 1324 1828; x_wconf 93' lang='lat'><strong>11.</strong></span> <span class='ocrx_word' id='word_1_252' title='bbox 1350 1806 1382 1837; x_wconf 90' lang='lat' dir='ltr'><strong>p.</strong></span> <span class='ocrx_word' id='word_1_253' title='bbox 1407 1794 1486 1828; x_wconf 66' lang='lat'><strong>124.</strong></span> <span class='ocrx_word' id='word_1_254' title='bbox 1512 1805 1556 1827; x_wconf 86' lang='lat' dir='ltr'><strong>ea</strong></span> 
     </span>
     <span class='ocr_line' id='line_1_26' title="bbox 162 1855 1558 1899; baseline -0.001 -9"><span class='ocrx_word' id='word_1_255' title='bbox 162 1868 230 1890; x_wconf 91' lang='lat' dir='ltr'><strong>non</strong></span> <span class='ocrx_word' id='word_1_256' title='bbox 255 1857 433 1890; x_wconf 81' lang='lat' dir='ltr'><strong>abundare</strong></span> <span class='ocrx_word' id='word_1_257' title='bbox 455 1855 564 1897; x_wconf 86' lang='lat' dir='ltr'><strong>dicit,</strong></span> <span class='ocrx_word' id='word_1_258' title='bbox 587 1856 647 1890; x_wconf 88' lang='lat' dir='ltr'><strong>sed</strong></span> <span class='ocrx_word' id='word_1_259' title='bbox 671 1855 715 1889; x_wconf 89' lang='lat' dir='ltr'><strong>ad</strong></span> <span class='ocrx_word' id='word_1_260' title='bbox 738 1855 977 1889; x_wconf 80' lang='lat' dir='ltr'><strong>antecedentia</strong></span> <span class='ocrx_word' id='word_1_261' title='bbox 1001 1859 1171 1899; x_wconf 88' lang='lat' dir='ltr'><strong>spectare,</strong></span> <span class='ocrx_word' id='word_1_262' title='bbox 1196 1855 1266 1889; x_wconf 90' lang='lat' dir='ltr'><strong>hoc</strong></span> <span class='ocrx_word' id='word_1_263' title='bbox 1287 1866 1410 1889; x_wconf 87' lang='lat' dir='ltr'><strong>sensu:</strong></span> <span class='ocrx_word' id='word_1_264' title='bbox 1435 1858 1558 1889; x_wconf 82' lang='lat' dir='ltr'><strong>contra</strong></span> 
     </span>
     <span class='ocr_line' id='line_1_27' title="bbox 165 1915 1557 1962; baseline -0.001 -11"><span class='ocrx_word' id='word_1_265' title='bbox 165 1929 229 1959; x_wconf 90' lang='lat' dir='ltr'><strong>ea,</strong></span> <span class='ocrx_word' id='word_1_266' title='bbox 253 1928 342 1962; x_wconf 79' lang='lat' dir='ltr'><strong>quae</strong></span> <span class='ocrx_word' id='word_1_267' title='bbox 366 1930 390 1951; x_wconf 88' lang='lat' dir='ltr'><strong>a</strong></span> <span class='ocrx_word' id='word_1_268' title='bbox 415 1916 582 1951; x_wconf 79' lang='lat' dir='ltr'><strong>Romanis</strong></span> <span class='ocrx_word' id='word_1_269' title='bbox 603 1917 730 1962; x_wconf 80' lang='lat' dir='ltr'><strong>parari</strong></span> <span class='ocrx_word' id='word_1_270' title='bbox 754 1916 921 1957; x_wconf 80' lang='lat' dir='ltr'><strong>dirimus3</strong></span> <span class='ocrx_word' id='word_1_271' title='bbox 956 1926 1068 1959; x_wconf 83' lang='lat' dir='ltr'><strong>neque</strong></span> <span class='ocrx_word' id='word_1_272' title='bbox 1099 1916 1319 1950; x_wconf 81' lang='lat' dir='ltr'><strong>diffitendum</strong></span> <span class='ocrx_word' id='word_1_273' title='bbox 1352 1921 1423 1957; x_wconf 82' lang='lat' dir='ltr'><strong>est,</strong></span> <span class='ocrx_word' id='word_1_274' title='bbox 1452 1915 1557 1949; x_wconf 81' lang='lat' dir='ltr'><strong>istam</strong></span> 
     </span>
     <span class='ocr_line' id='line_1_28' title="bbox 164 1976 1558 2022; baseline -0.003 -9"><span class='ocrx_word' id='word_1_275' title='bbox 164 1978 336 2014; x_wconf 85' lang='lat' dir='ltr'><strong>rationem</strong></span> <span class='ocrx_word' id='word_1_276' title='bbox 371 1978 504 2012; x_wconf 89' lang='lat' dir='ltr'><strong>habere</strong></span> <span class='ocrx_word' id='word_1_277' title='bbox 539 1988 607 2021; x_wconf 89' lang='lat' dir='ltr'><strong>quo</strong></span> <span class='ocrx_word' id='word_1_278' title='bbox 649 1978 753 2012; x_wconf 80' lang='lat' dir='ltr'><strong>alteri</strong></span> <span class='ocrx_word' id='word_1_279' title='bbox 786 1977 1015 2022; x_wconf 76' lang='lat' dir='ltr'><strong>praeferatur.</strong></span> <span class='ocrx_word' id='word_1_280' title='bbox 1040 1994 1084 2002; x_wconf 92' lang='lat'><em>-</em></span> <span class='ocrx_word' id='word_1_281' title='bbox 1119 1976 1159 2009; x_wconf 90' lang='lat' dir='ltr'><strong>ln</strong></span> <span class='ocrx_word' id='word_1_282' title='bbox 1193 1976 1308 2010; x_wconf 76' lang='lat' dir='ltr'><strong>verbis</strong></span> <span class='ocrx_word' id='word_1_283' title='bbox 1335 1976 1558 2019; x_wconf 81' lang='lat' dir='ltr'><strong>sequentibus</strong></span> 
     </span>
     <span class='ocr_line' id='line_1_29' title="bbox 166 2037 1559 2083; baseline -0.001 -10"><span class='ocrx_word' id='word_1_284' title='bbox 166 2039 264 2073; x_wconf 87' lang='lat' dir='ltr'><strong>codd.</strong></span> <span class='ocrx_word' id='word_1_285' title='bbox 291 2043 472 2083; x_wconf 83' lang='lat' dir='ltr'><strong>tantopere</strong></span> <span class='ocrx_word' id='word_1_286' title='bbox 505 2038 723 2082; x_wconf 86' lang='lat' dir='ltr'><strong>discrepant,</strong></span> <span class='ocrx_word' id='word_1_287' title='bbox 756 2043 794 2072; x_wconf 85' lang='lat' dir='ltr'><strong>ut</strong></span> <span class='ocrx_word' id='word_1_288' title='bbox 830 2038 889 2071; x_wconf 82' lang='lat' dir='ltr'><strong>vix</strong></span> <span class='ocrx_word' id='word_1_289' title='bbox 921 2037 1082 2081; x_wconf 85' lang='lat' dir='ltr'><strong>expedias</strong></span> <span class='ocrx_word' id='word_1_290' title='bbox 1105 2037 1189 2081; x_wconf 88' lang='lat' dir='ltr'><strong>quid</strong></span> <span class='ocrx_word' id='word_1_291' title='bbox 1213 2042 1338 2071; x_wconf 84' lang='lat' dir='ltr'><strong>auctor</strong></span> <span class='ocrx_word' id='word_1_292' title='bbox 1360 2037 1559 2081; x_wconf 53' lang='lat' dir='ltr'><strong>scripserim</strong></span> 
     </span>
     <span class='ocr_line' id='line_1_30' title="bbox 167 2098 1559 2144; baseline -0.001 -11"><span class='ocrx_word' id='word_1_293' title='bbox 167 2099 280 2134; x_wconf 85' lang='lat' dir='ltr'><strong>variis</strong></span> <span class='ocrx_word' id='word_1_294' title='bbox 305 2104 420 2134; x_wconf 83' lang='lat' dir='ltr'><strong>tamen</strong></span> <span class='ocrx_word' id='word_1_295' title='bbox 452 2098 634 2143; x_wconf 86' lang='lat' dir='ltr'><strong>scripturis</strong></span> <span class='ocrx_word' id='word_1_296' title='bbox 658 2110 700 2133; x_wconf 91' lang='lat' dir='ltr'><strong>ac</strong></span> <span class='ocrx_word' id='word_1_297' title='bbox 725 2099 971 2144; x_wconf 87' lang='lat' dir='ltr'><strong>probabilibus</strong></span> <span class='ocrx_word' id='word_1_298' title='bbox 996 2099 1275 2141; x_wconf 84' lang='lat' dir='ltr'><strong>corruptelarum</strong></span> <span class='ocrx_word' id='word_1_299' title='bbox 1300 2098 1430 2132; x_wconf 66' lang='lat' dir='ltr'><strong>caussis</strong></span> <span class='ocrx_word' id='word_1_300' title='bbox 1453 2110 1559 2132; x_wconf 83' lang='lat' dir='ltr'><strong>accu-</strong></span> 
     </span>
     <span class='ocr_line' id='line_1_31' title="bbox 166 2158 1562 2204; baseline -0.001 -9"><span class='ocrx_word' id='word_1_301' title='bbox 166 2165 242 2196; x_wconf 86' lang='lat' dir='ltr'><strong>rate</strong></span> <span class='ocrx_word' id='word_1_302' title='bbox 265 2161 492 2195; x_wconf 81' lang='lat' dir='ltr'><strong>consideratis</strong></span> <span class='ocrx_word' id='word_1_303' title='bbox 516 2160 705 2194; x_wconf 73' lang='lat' dir='ltr'><strong>Sallustius</strong></span> <span class='ocrx_word' id='word_1_304' title='bbox 728 2161 779 2194; x_wconf 82' lang='lat' dir='ltr'><strong>ita</strong></span> <span class='ocrx_word' id='word_1_305' title='bbox 802 2159 980 2204; x_wconf 79' lang='lat' dir='ltr'><strong>scripsisse</strong></span> <span class='ocrx_word' id='word_1_306' title='bbox 1003 2159 1161 2200; x_wconf 70' lang='lat' dir='ltr'><strong>videtur,</strong></span> <span class='ocrx_word' id='word_1_307' title='bbox 1187 2163 1224 2192; x_wconf 91' lang='lat' dir='ltr'><strong>ut</strong></span> <span class='ocrx_word' id='word_1_308' title='bbox 1249 2158 1284 2192; x_wconf 91' lang='lat' dir='ltr'><strong>in</strong></span> <span class='ocrx_word' id='word_1_309' title='bbox 1307 2164 1402 2193; x_wconf 76' lang='lat' dir='ltr'><strong>textu</strong></span> <span class='ocrx_word' id='word_1_310' title='bbox 1424 2170 1562 2204; x_wconf 82' lang='lat' dir='ltr'><strong>expres-</strong></span> 
     </span>
     <span class='ocr_line' id='line_1_32' title="bbox 167 2220 1562 2266; baseline -0.002 -10"><span class='ocrx_word' id='word_1_311' title='bbox 167 2222 299 2257; x_wconf 76' lang='lat' dir='ltr'><strong>simus:</strong></span> <span class='ocrx_word' id='word_1_312' title='bbox 330 2227 517 2266; x_wconf 81' lang='lat' dir='ltr'><strong>praetcrea</strong></span> <span class='ocrx_word' id='word_1_313' title='bbox 550 2222 626 2266; x_wconf 83' lang='lat' dir='ltr'><strong>pice</strong></span> <span class='ocrx_word' id='word_1_314' title='bbox 662 2226 695 2256; x_wconf 85' lang='lat' dir='ltr'><strong>et</strong></span> <span class='ocrx_word' id='word_1_315' title='bbox 727 2221 892 2266; x_wconf 79' lang='lat' dir='ltr'><strong>sulphure</strong></span> <span class='ocrx_word' id='word_1_316' title='bbox 916 2220 1057 2255; x_wconf 80' lang='lat' dir='ltr'><strong>taedam</strong></span> <span class='ocrx_word' id='word_1_317' title='bbox 1081 2221 1226 2254; x_wconf 70' lang='lat' dir='ltr'><strong>mistam</strong></span> <span class='ocrx_word' id='word_1_318' title='bbox 1250 2221 1390 2258; x_wconf 78' lang='lat' dir='ltr'><strong>ardenti</strong></span> <span class='ocrx_word' id='word_1_319' title='bbox 1413 2221 1562 2255; x_wconf 74' lang='lat' dir='ltr'><strong>mittere.</strong></span> 
     </span>
     <span class='ocr_line' id='line_1_33' title="bbox 169 2280 1562 2324; baseline -0.001 -7"><span class='ocrx_word' id='word_1_320' title='bbox 169 2283 223 2317; x_wconf 84' lang='lat' dir='ltr'><strong>lta</strong></span> <span class='ocrx_word' id='word_1_321' title='bbox 248 2287 340 2317; x_wconf 84' lang='lat' dir='ltr'><strong>certe</strong></span> <span class='ocrx_word' id='word_1_322' title='bbox 364 2288 475 2319; x_wconf 73' lang='lat' dir='ltr'><strong>exstat</strong></span> <span class='ocrx_word' id='word_1_323' title='bbox 498 2282 533 2316; x_wconf 92' lang='lat' dir='ltr'><strong>in</strong></span> <span class='ocrx_word' id='word_1_324' title='bbox 558 2283 657 2318; x_wconf 87' lang='lat' dir='ltr'><strong>codd.</strong></span> <span class='ocrx_word' id='word_1_325' title='bbox 681 2283 828 2317; x_wconf 83' lang='lat' dir='ltr'><strong>Barber.</strong></span> <span class='ocrx_word' id='word_1_326' title='bbox 851 2282 889 2316; x_wconf 83' lang='lat'><strong>2.</strong></span> <span class='ocrx_word' id='word_1_327' title='bbox 913 2282 947 2315; x_wconf 83' lang='lat'><strong>3.</strong></span> <span class='ocrx_word' id='word_1_328' title='bbox 971 2281 1006 2316; x_wconf 71' lang='lat'><strong>4.</strong></span> <span class='ocrx_word' id='word_1_329' title='bbox 1031 2280 1088 2322; x_wconf 88' lang='lat'><strong>5.;</strong></span> <span class='ocrx_word' id='word_1_330' title='bbox 1114 2280 1273 2324; x_wconf 86' lang='lat' dir='ltr'><strong>proxime</strong></span> <span class='ocrx_word' id='word_1_331' title='bbox 1295 2281 1464 2315; x_wconf 84' lang='lat' dir='ltr'><strong>accedunt</strong></span> <span class='ocrx_word' id='word_1_332' title='bbox 1487 2282 1562 2315; x_wconf 65' lang='lat' dir='ltr'><strong>Vat-</strong></span> 
     </span>
     <span class='ocr_line' id='line_1_34' title="bbox 172 2340 1564 2387; baseline -0.001 -11"><span class='ocrx_word' id='word_1_333' title='bbox 172 2340 207 2377; x_wconf 78' lang='grc'><strong>5.</strong></span> <span class='ocrx_word' id='word_1_334' title='bbox 234 2348 268 2377; x_wconf 82' lang='lat' dir='ltr'><strong>et</strong></span> <span class='ocrx_word' id='word_1_335' title='bbox 293 2342 389 2377; x_wconf 86' lang='lat' dir='ltr'><strong>Leid.</strong></span> <span class='ocrx_word' id='word_1_336' title='bbox 415 2344 457 2377; x_wconf 83' lang='grc' dir='ltr'><strong>Λ.</strong></span> <span class='ocrx_word' id='word_1_337' title='bbox 484 2344 527 2376; x_wconf 86' lang='grc' dir='ltr'><strong>Β.</strong></span> <span class='ocrx_word' id='word_1_338' title='bbox 553 2343 591 2377; x_wconf 86' lang='lat' dir='ltr'><strong>C.</strong></span> <span class='ocrx_word' id='word_1_339' title='bbox 615 2343 671 2385; x_wconf 57' lang='lat' dir='ltr'><strong>N„</strong></span> <span class='ocrx_word' id='word_1_340' title='bbox 696 2345 757 2387; x_wconf 88' lang='lat' dir='ltr'><strong>qui</strong></span> <span class='ocrx_word' id='word_1_341' title='bbox 780 2344 815 2378; x_wconf 92' lang='lat' dir='ltr'><strong>in</strong></span> <span class='ocrx_word' id='word_1_342' title='bbox 843 2345 967 2378; x_wconf 78' lang='lat' dir='ltr'><strong>ceteris</strong></span> <span class='ocrx_word' id='word_1_343' title='bbox 989 2341 1227 2385; x_wconf 80' lang='lat' dir='ltr'><strong>conspirantes</strong></span> <span class='ocrx_word' id='word_1_344' title='bbox 1250 2353 1314 2385; x_wconf 90' lang='lat' dir='ltr'><strong>pro</strong></span> <span class='ocrx_word' id='word_1_345' title='bbox 1338 2341 1478 2376; x_wconf 75' lang='lat' dir='ltr'><strong>ardenti</strong></span> <span class='ocrx_word' id='word_1_346' title='bbox 1500 2342 1564 2375; x_wconf 86' lang='lat' dir='ltr'><strong>ha-</strong></span> 
     </span>
     <span class='ocr_line' id='line_1_35' title="bbox 171 2402 1565 2447; baseline -0.001 -10"><span class='ocrx_word' id='word_1_347' title='bbox 171 2405 254 2437; x_wconf 88' lang='lat' dir='ltr'><strong>bent</strong></span> <span class='ocrx_word' id='word_1_348' title='bbox 277 2404 462 2443; x_wconf 71' lang='lat' dir='ltr'><strong>ardentia5</strong></span> <span class='ocrx_word' id='word_1_349' title='bbox 494 2407 569 2437; x_wconf 83' lang='lat' dir='ltr'><strong>tum</strong></span> <span class='ocrx_word' id='word_1_350' title='bbox 603 2403 638 2436; x_wconf 92' lang='lat' dir='ltr'><strong>in</strong></span> <span class='ocrx_word' id='word_1_351' title='bbox 668 2404 808 2438; x_wconf 62' lang='lat' dir='ltr'><strong>l&#39;ratisl.</strong></span> <span class='ocrx_word' id='word_1_352' title='bbox 834 2406 866 2438; x_wconf 95' lang='grc'><strong>1.</strong></span> <span class='ocrx_word' id='word_1_353' title='bbox 903 2405 1009 2439; x_wconf 86' lang='lat' dir='ltr'><strong>Fabr.</strong></span> <span class='ocrx_word' id='word_1_354' title='bbox 1034 2402 1155 2445; x_wconf 71' lang='lat' dir='ltr'><strong>Rivii,</strong></span> <span class='ocrx_word' id='word_1_355' title='bbox 1184 2403 1273 2437; x_wconf 82' lang='lat' dir='ltr'><strong>Tur.</strong></span> <span class='ocrx_word' id='word_1_356' title='bbox 1298 2404 1329 2438; x_wconf 89' lang='lat' dir='ltr'><strong>l.</strong></span> <span class='ocrx_word' id='word_1_357' title='bbox 1359 2406 1411 2437; x_wconf 84' lang='lat' dir='ltr'><strong>est</strong></span> <span class='ocrx_word' id='word_1_358' title='bbox 1431 2403 1565 2447; x_wconf 72' lang='lat' dir='ltr'><strong>picem</strong></span> 
     </span>
     <span class='ocr_line' id='line_1_36' title="bbox 173 2463 1565 2507; baseline 0.001 -10"><span class='ocrx_word' id='word_1_359' title='bbox 173 2470 205 2497; x_wconf 78' lang='lat' dir='ltr'><strong>ct</strong></span> <span class='ocrx_word' id='word_1_360' title='bbox 230 2465 392 2507; x_wconf 73' lang='lat' dir='ltr'><strong>sulphure</strong></span> <span class='ocrx_word' id='word_1_361' title='bbox 412 2463 554 2498; x_wconf 75' lang='lat' dir='ltr'><strong>taedam</strong></span> <span class='ocrx_word' id='word_1_362' title='bbox 580 2464 722 2499; x_wconf 70' lang='lat' dir='ltr'><strong>mistam</strong></span> <span class='ocrx_word' id='word_1_363' title='bbox 747 2467 887 2500; x_wconf 77' lang='lat' dir='ltr'><strong>ardenti</strong></span> <span class='ocrx_word' id='word_1_364' title='bbox 909 2477 979 2504; x_wconf 90' lang='lat' dir='ltr'><strong>m.‚·</strong></span> <span class='ocrx_word' id='word_1_365' title='bbox 1004 2464 1039 2498; x_wconf 91' lang='lat' dir='ltr'><strong>in</strong></span> <span class='ocrx_word' id='word_1_366' title='bbox 1063 2463 1205 2498; x_wconf 69' lang='lat' dir='ltr'><strong>Fabric.</strong></span> <span class='ocrx_word' id='word_1_367' title='bbox 1225 2463 1259 2497; x_wconf 78' lang='lat'><strong>2.</strong></span> <span class='ocrx_word' id='word_1_368' title='bbox 1283 2463 1403 2498; x_wconf 73' lang='lat' dir='ltr'><strong>StruV.</strong></span> <span class='ocrx_word' id='word_1_369' title='bbox 1421 2464 1565 2498; x_wconf 80' lang='lat' dir='ltr'><strong>Eccard.</strong></span> 
     </span>
     <span class='ocr_line' id='line_1_37' title="bbox 175 2524 1563 2569; baseline -0.001 -11"><span class='ocrx_word' id='word_1_370' title='bbox 175 2527 294 2559; x_wconf 80' lang='lat' dir='ltr'><strong>Guclt&#39;.</strong></span> <span class='ocrx_word' id='word_1_371' title='bbox 318 2525 352 2559; x_wconf 77' lang='lat'><strong>7.</strong></span> <span class='ocrx_word' id='word_1_372' title='bbox 377 2524 411 2557; x_wconf 81' lang='lat' dir='ltr'><strong>ll.</strong></span> <span class='ocrx_word' id='word_1_373' title='bbox 441 2524 560 2558; x_wconf 76' lang='lat' dir='ltr'><strong>heidd.</strong></span> <span class='ocrx_word' id='word_1_374' title='bbox 585 2525 629 2558; x_wconf 87' lang='lat'><strong>1).</strong></span> <span class='ocrx_word' id='word_1_375' title='bbox 656 2526 696 2559; x_wconf 81' lang='grc' dir='ltr'><strong>Ε.</strong></span> <span class='ocrx_word' id='word_1_376' title='bbox 716 2526 755 2560; x_wconf 76' lang='lat' dir='ltr'><strong>F.</strong></span> <span class='ocrx_word' id='word_1_377' title='bbox 775 2528 822 2561; x_wconf 82' lang='lat' dir='ltr'><strong>u.</strong></span> <span class='ocrx_word' id='word_1_378' title='bbox 842 2527 868 2560; x_wconf 87' lang='lat'><strong>1.</strong></span> <span class='ocrx_word' id='word_1_379' title='bbox 890 2528 933 2560; x_wconf 67' lang='lat' dir='ltr'><strong>u.</strong></span> <span class='ocrx_word' id='word_1_380' title='bbox 958 2527 1082 2560; x_wconf 77' lang='lat' dir='ltr'><strong>Palatt.</strong></span> <span class='ocrx_word' id='word_1_381' title='bbox 1107 2525 1142 2558; x_wconf 86' lang='grc'><strong>2.</strong></span> <span class='ocrx_word' id='word_1_382' title='bbox 1168 2524 1202 2558; x_wconf 85' lang='lat'><strong>5.</strong></span> <span class='ocrx_word' id='word_1_383' title='bbox 1229 2525 1263 2558; x_wconf 74' lang='lat'><strong>7.</strong></span> <span class='ocrx_word' id='word_1_384' title='bbox 1288 2525 1379 2569; x_wconf 79' lang='lat' dir='ltr'><strong>ch.</strong></span> <span class='ocrx_word' id='word_1_385' title='bbox 1404 2524 1512 2558; x_wconf 76' lang='lat' dir='ltr'><strong>Laud.</strong></span> <span class='ocrx_word' id='word_1_386' title='bbox 1531 2524 1563 2557; x_wconf 89' lang='grc'><strong>2.</strong></span> 
     </span>
     <span class='ocr_line' id='line_1_38' title="bbox 176 2585 1567 2629; baseline 0 -10"><span class='ocrx_word' id='word_1_387' title='bbox 176 2585 278 2619; x_wconf 85' lang='lat' dir='ltr'><strong>Bodl.</strong></span> <span class='ocrx_word' id='word_1_388' title='bbox 308 2585 426 2618; x_wconf 86' lang='lat' dir='ltr'><strong>Berol.</strong></span> <span class='ocrx_word' id='word_1_389' title='bbox 453 2586 484 2618; x_wconf 92' lang='lat'><strong>1.</strong></span> <span class='ocrx_word' id='word_1_390' title='bbox 524 2585 625 2619; x_wconf 78' lang='lat' dir='ltr'><strong>Misn.</strong></span> <span class='ocrx_word' id='word_1_391' title='bbox 661 2591 696 2619; x_wconf 82' lang='lat' dir='ltr'><strong>et</strong></span> <span class='ocrx_word' id='word_1_392' title='bbox 728 2587 838 2621; x_wconf 76' lang='lat' dir='ltr'><strong>Puris.</strong></span> <span class='ocrx_word' id='word_1_393' title='bbox 871 2599 902 2620; x_wconf 79' lang='lat' dir='ltr'><strong>z.</strong></span> <span class='ocrx_word' id='word_1_394' title='bbox 937 2599 984 2619; x_wconf 91' lang='lat' dir='ltr'><strong>m.</strong></span> <span class='ocrx_word' id='word_1_395' title='bbox 1018 2597 1087 2618; x_wconf 78' lang='lat' dir='ltr'><strong>sec.</strong></span> <span class='ocrx_word' id='word_1_396' title='bbox 1111 2597 1147 2629; x_wconf 83' lang='lat' dir='ltr'><strong>p.</strong></span> <span class='ocrx_word' id='word_1_397' title='bbox 1179 2586 1299 2629; x_wconf 78' lang='lat' dir='ltr'><strong>picem</strong></span> <span class='ocrx_word' id='word_1_398' title='bbox 1330 2585 1494 2629; x_wconf 76' lang='lat' dir='ltr'><strong>sulphure</strong></span> <span class='ocrx_word' id='word_1_399' title='bbox 1527 2591 1567 2619; x_wconf 81' lang='lat' dir='ltr'><strong>et</strong></span> 
     </span>
     <span class='ocr_line' id='line_1_39' title="bbox 177 2646 1567 2685; baseline 0 -6"><span class='ocrx_word' id='word_1_400' title='bbox 177 2647 295 2680; x_wconf 84' lang='lat' dir='ltr'><strong>taeda</strong></span> <span class='ocrx_word' id='word_1_401' title='bbox 319 2647 462 2680; x_wconf 75' lang='lat' dir='ltr'><strong>mixtam</strong></span> <span class='ocrx_word' id='word_1_402' title='bbox 496 2647 657 2685; x_wconf 66' lang='lat' dir='ltr'><strong>ardentif</strong></span> <span class='ocrx_word' id='word_1_403' title='bbox 689 2647 722 2680; x_wconf 91' lang='lat' dir='ltr'><strong>in</strong></span> <span class='ocrx_word' id='word_1_404' title='bbox 744 2647 849 2681; x_wconf 73' lang='lat' dir='ltr'><strong>Fabr.</strong></span> <span class='ocrx_word' id='word_1_405' title='bbox 875 2648 906 2681; x_wconf 89' lang='lat'><strong>1.</strong></span> <span class='ocrx_word' id='word_1_406' title='bbox 934 2649 1001 2681; x_wconf 87' lang='lat' dir='ltr'><strong>luc.</strong></span> <span class='ocrx_word' id='word_1_407' title='bbox 1030 2648 1061 2682; x_wconf 87' lang='lat'><strong>1.</strong></span> <span class='ocrx_word' id='word_1_408' title='bbox 1086 2649 1188 2681; x_wconf 72' lang='lat' dir='ltr'><strong>llcm.</strong></span> <span class='ocrx_word' id='word_1_409' title='bbox 1214 2648 1246 2681; x_wconf 95' lang='grc'><strong>1.</strong></span> <span class='ocrx_word' id='word_1_410' title='bbox 1271 2647 1365 2680; x_wconf 65' lang='lat' dir='ltr'><strong>Vtut.</strong></span> <span class='ocrx_word' id='word_1_411' title='bbox 1389 2646 1423 2680; x_wconf 81' lang='lat'><strong>3.</strong></span> <span class='ocrx_word' id='word_1_412' title='bbox 1449 2646 1567 2679; x_wconf 74' lang='lat' dir='ltr'><strong>Guell&#39;.</strong></span> 
     </span>
     <span class='ocr_line' id='line_1_40' title="bbox 178 2705 1569 2751; baseline 0.001 -12"><span class='ocrx_word' id='word_1_413' title='bbox 178 2705 235 2740; x_wconf 82' lang='lat'><strong>12.</strong></span> <span class='ocrx_word' id='word_1_414' title='bbox 264 2706 345 2739; x_wconf 79' lang='lat' dir='ltr'><strong>Bas.</strong></span> <span class='ocrx_word' id='word_1_415' title='bbox 372 2706 406 2739; x_wconf 69' lang='lat'><strong>4.</strong></span> <span class='ocrx_word' id='word_1_416' title='bbox 445 2707 557 2740; x_wconf 74' lang='lat' dir='ltr'><strong>Pan-is.</strong></span> <span class='ocrx_word' id='word_1_417' title='bbox 584 2708 624 2740; x_wconf 89' lang='grc' dir='ltr'><strong>Λ.</strong></span> <span class='ocrx_word' id='word_1_418' title='bbox 651 2708 691 2740; x_wconf 79' lang='lat' dir='ltr'><strong>E.</strong></span> <span class='ocrx_word' id='word_1_419' title='bbox 727 2707 843 2741; x_wconf 76' lang='lat' dir='ltr'><strong>Bcrol.</strong></span> <span class='ocrx_word' id='word_1_420' title='bbox 867 2708 901 2740; x_wconf 88' lang='grc'><strong>2.</strong></span> <span class='ocrx_word' id='word_1_421' title='bbox 933 2720 969 2751; x_wconf 85' lang='lat' dir='ltr'><strong>p.</strong></span> <span class='ocrx_word' id='word_1_422' title='bbox 1000 2709 1123 2751; x_wconf 78' lang='lat' dir='ltr'><strong>picem</strong></span> <span class='ocrx_word' id='word_1_423' title='bbox 1155 2708 1320 2751; x_wconf 79' lang='lat' dir='ltr'><strong>sulphure</strong></span> <span class='ocrx_word' id='word_1_424' title='bbox 1352 2712 1394 2741; x_wconf 80' lang='lat' dir='ltr'><strong>ct</strong></span> <span class='ocrx_word' id='word_1_425' title='bbox 1426 2707 1569 2741; x_wconf 81' lang='lat' dir='ltr'><strong>taedam</strong></span> 
     </span>
     <span class='ocr_line' id='line_1_41' title="bbox 178 2767 1569 2813; baseline -0.001 -13"><span class='ocrx_word' id='word_1_426' title='bbox 178 2767 322 2800; x_wconf 71' lang='lat' dir='ltr'><strong>mistum</strong></span> <span class='ocrx_word' id='word_1_427' title='bbox 349 2767 506 2807; x_wconf 43' lang='lat' dir='ltr'><strong>ardenta}</strong></span> <span class='ocrx_word' id='word_1_428' title='bbox 541 2767 574 2800; x_wconf 89' lang='lat' dir='ltr'><strong>iu</strong></span> <span class='ocrx_word' id='word_1_429' title='bbox 600 2767 749 2802; x_wconf 72' lang='lat' dir='ltr'><strong>(iocrlit.</strong></span> <span class='ocrx_word' id='word_1_430' title='bbox 789 2780 823 2812; x_wconf 82' lang='lat' dir='ltr'><strong>p.</strong></span> <span class='ocrx_word' id='word_1_431' title='bbox 858 2769 959 2812; x_wconf 77' lang='lat' dir='ltr'><strong>pice,</strong></span> <span class='ocrx_word' id='word_1_432' title='bbox 993 2769 1155 2813; x_wconf 68' lang='lat' dir='ltr'><strong>sulphure</strong></span> <span class='ocrx_word' id='word_1_433' title='bbox 1188 2774 1227 2803; x_wconf 78' lang='lat' dir='ltr'><strong>ct</strong></span> <span class='ocrx_word' id='word_1_434' title='bbox 1260 2768 1402 2802; x_wconf 76' lang='lat' dir='ltr'><strong>taedam</strong></span> <span class='ocrx_word' id='word_1_435' title='bbox 1425 2768 1569 2803; x_wconf 70' lang='lat' dir='ltr'><strong>mixtam</strong></span> 
     </span>
    </p>
   </div>
  </div>
 </body>
</html>
