1630 3034
417 102 588 143 RERUM
618 103 680 143 AC
711 104 979 144 VERBORUM
1330 105 1384 146 65

10 210 176 252 Praefectus
193 213 226 244 in
243 222 280 244 re
297 213 433 246 militari
450 214 651 255 intelligitur
667 216 795 256 equitum
811 216 960 246 sociorum
978 240 985 253 ,
1012 212 1052 247 C.
1073 215 1126 251 59,
1145 217 1176 247 6.

9 267 171 307 Ρνιιεῇσενε
186 267 338 301 absolute
355 269 508 311 positum,
534 267 570 302 C.
590 269 645 309 51,
662 269 717 304 28.

6 322 174 355 Prczemium
190 323 212 355 i.
233 333 262 364 q.
279 325 487 364 commodum,
507 321 547 357 C.
567 325 622 365 41,
643 326 673 359 1.

5 377 192 410 Praemissae
208 378 428 420 explicativae
446 381 634 413 sententiae
650 382 682 414 ei
698 382 760 421 rei,
778 391 862 423 quae
879 382 1075 423 explicatur.
1102 382 1123 414 l.
1145 382 1177 420 7,
1198 383 1225 414 l.

7 433 204 465 Praenomina
221 433 276 465 ubi
294 444 357 466 non
376 435 580 474 omittantur,
606 436 629 468 I.
648 436 704 476 43,
725 436 755 469 1.

5 489 192 530 Praeparare
209 493 244 521 et
256 499 421 530 properare
438 490 587 531 confusa,
612 491 637 524 Ι.
657 491 712 532 37,
730 494 762 524 4.

3 544 242 585 praepositiones
258 544 315 577 ubi
332 546 437 588 repeti
451 546 603 585 debeant,
629 544 669 579 C.
687 547 743 586 49,
760 547 790 580 1.
839 547 862 580 1.
884 547 937 587 13,
963 547 994 580 3.

3 600 188 641 Praepositio
202 610 266 632 non
283 601 416 633 additur
432 602 652 635 substantivis
669 603 860 636 verbalibus
880 604 912 635 in
921 614 986 635 —ta
995 604 1204 643 exeuntibus
1221 604 1255 636 C.
1276 604 1332 643 42,
1344 605 1374 637 3.

3 655 241 697 Praepositiones
257 656 292 688 vi
309 657 551 696 adverbiorum,
576 658 599 690 Ι.
621 659 652 697 5,
672 658 703 690 3.

3 712 240 752 Praepositiones
258 713 437 746 nonnullae
455 723 526 745 cum
544 713 726 753 nominibus
745 715 808 745 sine
824 716 912 746 verbo
926 715 1071 753 iunctae,
1089 714 1114 749 Ι.
1134 715 1188 753 54,
1203 714 1234 747 6.
1271 715 1325 754 61,
1343 716 1374 747 4.

3 767 242 808 praepositiones
254 768 382 800 urbium
401 769 584 800 nominibus
602 769 746 807 additae,
772 766 812 802 C.
834 769 887 809 40,
906 771 936 802 5
985 769 1009 802 Ι
1028 769 1132 809 61,1.

5 823 242 864 praepositiones
259 825 290 854 in
308 828 342 856 et
358 834 395 855 ex
418 823 492 855 voci
517 825 622 855 domus
641 834 713 856 cum
731 824 897 857 adiectivo
915 825 1110 857 coniunctae
1127 835 1190 857 non
1199 825 1375 863 adduntur,

93 878 119 911 Ι.
136 878 190 918 66,
209 878 240 911 3.
291 877 345 918 76,
364 879 395 912 6.

0 934 239 976 Praepositiones
256 935 404 975 genitivo
422 935 603 977 appositae,
621 935 740 967 omisso
750 937 833 967 aedis
843 937 898 968 vel
915 937 1017 976 templi
1025 936 1198 976 vocabulo,
1212 933 1258 969 C.
1274 935 1328 975 49,
1343 937 1372 968 5.

1 990 238 1032 Praepositiones
256 991 328 1023 sine
346 991 485 1029 nomine,
504 1000 546 1023 ex
562 991 834 1023 antecedentibus
853 992 1033 1034 supplendo
1045 1016 1053 1030 ,
1079 992 1227 1032 genitivo
1244 992 1375 1035 apposi-

94 1051 161 1086 tae,
188 1046 213 1078 Ι.
233 1045 288 1085 92,
307 1047 340 1078 4.

0 1101 238 1143 praepositiones
254 1102 288 1133 vi
305 1101 455 1134 adverbii
472 1101 624 1134 absolute
641 1103 769 1145 positae
780 1103 885 1135 instar
899 1103 1140 1134 enunciationis
1158 1101 1375 1134 secundariae

91 1161 180 1196 sunt,
206 1156 230 1189 l.
250 1156 304 1196 76,
325 1158 355 1189 5.

1 1212 259 1255 Ρναεροεὶιὶοηαπι
274 1212 402 1255 ellipsis
415 1213 507 1246 nulla
525 1218 588 1252 est,
608 1212 646 1247 C.
668 1214 723 1253 31,
742 1214 772 1246 3.

0 1269 259 1310 Praepositionum
275 1269 485 1312 anastrophe,
503 1269 526 1301 I.
548 1269 624 1308 101,
643 1270 674 1302 8.

1 1326 146 1358 Praesens
163 1325 187 1358 i.
207 1334 237 1367 q.
257 1325 388 1364 efficax,
408 1324 443 1357 C.
463 1325 517 1364 51,
538 1324 588 1356 19.

0 1382 144 1414 Praesens
163 1383 250 1414 inter
267 1382 329 1414 duo
346 1381 537 1424 imperfecta
555 1391 629 1413 esse
647 1382 771 1423 nequit,
791 1380 827 1413 C.
846 1381 901 1421 40,
923 1382 950 1413 1.

2 1438 145 1471 Praesens
159 1442 194 1470 et
208 1439 409 1479 imperfectum¹
426 1437 458 1468 in
483 1437 650 1469 bimembri
675 1437 905 1469 enunciatione
932 1437 1062 1478 aequali
1088 1438 1163 1479 poni
1188 1437 1321 1478 nequit,
1348 1436 1372 1469 l.

91 1493 147 1533 33,
164 1494 196 1526 4.

0 1549 154 1589 Pmesens,
172 1559 368 1592 praegresso
386 1549 589 1592 imperfecto,
608 1560 650 1582 ex
666 1550 835 1593 praesenti
850 1549 1009 1592 pendenS,
1037 1544 1077 1581 C.
1097 1547 1151 1586 34,
1172 1548 1200 1580 1.

0 1605 145 1638 Praesens
162 1606 286 1648 excipit
301 1605 483 1637 infinitivus
501 1605 690 1644 historicus,
718 1604 752 1637 C.
774 1604 828 1644 16,
845 1604 878 1638 2.

0 1661 143 1693 Praesens
159 1662 331 1693 historicum
348 1671 420 1693 cum
435 1661 581 1703 perfecto
598 1661 817 1699 coniunctum,
844 1659 879 1691 C.
898 1659 954 1698 20,
981 1659 1010 1692 1.
1060 1658 1084 1690 Ι.
1114 1658 1167 1697 12,
1186 1659 1218 1690 4.
1267 1657 1323 1696 20,
1343 1657 1372 1690 1.

91 1716 148 1756 26,
167 1716 199 1750 3.
249 1716 304 1756 34,
321 1716 354 1750 2.
404 1717 458 1755 35,
476 1717 508 1749 4.

1 1773 145 1805 Praesens
159 1773 332 1804 historicum
347 1783 367 1805 a
383 1772 503 1804 scribis
522 1772 554 1804 in
572 1771 754 1815 perfectum
766 1775 938 1810 mutatum,
963 1770 988 1802 1.
1007 1769 1064 1809 29,
1083 1770 1114 1802 5.
1141 1768 1196 1808 58,
1215 1770 1246 1801 5.
1272 1767 1328 1808 80,
1340 1769 1370 1802 2.

3 1829 152 1861 Praesenti
167 1829 307 1860 historico
324 1828 536 1869 subiungitur
553 1827 784 1859 coniunctivus
802 1825 998 1868 imperfecti,
1025 1824 1060 1857 C.
1080 1823 1135 1862 34,
1156 1823 1185 1855 1.

0 1885 169 1918 Praesentis
187 1884 416 1916 coniunctivus
435 1893 476 1914 ex
492 1883 638 1925 perfecto
656 1882 779 1914 aoristo
796 1881 956 1923 pendens,
976 1879 1011 1912 C.
1037 1879 1093 1917 41,
1112 1880 1142 1911 5.
1193 1878 1216 1910 Ι.
1237 1877 1292 1917 28,
1312 1878 1340 1910 1.

2 1941 170 1973 Praesentis
187 1940 372 1972 infinitivus
386 1948 442 1981 pro
460 1938 622 1970 infinitivo
641 1937 756 1976 futuri,
782 1936 805 1969 Ι.
825 1936 881 1976 33,
899 1936 930 1969 3.

1 1997 168 2029 Praesentis
181 1995 386 2039 participium
405 2004 467 2025 non
484 1993 615 2036 ponitur
631 1994 665 2024 vi
682 1992 833 2035 perfecti,
852 1991 875 2024 Ι.
898 1990 951 2030 10,
968 1991 1000 2023 2.
1051 1990 1106 2028 62,
1125 1989 1154 2021 1.
1207 1989 1282 2027 106,
1310 1990 1340 2021 1.

1 2052 180 2085 Praesertim
196 2061 287 2092 quum
304 2055 338 2083 et
355 2059 445 2090 quum
460 2050 648 2089 praesertim,
676 2047 712 2080 C.
729 2047 783 2086 51,
802 2046 853 2079 19.
905 2047 927 2079 Ι.
943 2047 975 2082 2.
998 2047 1026 2077 4.

2 2108 176 2140 Pmesidere
192 2108 214 2139 i.
235 2117 265 2149 q.
290 2115 458 2149 praeesse,
478 2102 517 2136 C.
538 2103 592 2143 57,
612 2104 642 2136 1.

2 2163 158 2196 Praestare
175 2163 214 2196 de
233 2173 269 2195 re
286 2163 373 2195 mala
389 2162 522 2200 dictum,
550 2159 585 2192 C.
606 2158 660 2198 37,
680 2159 710 2191 5.

1 2220 208 2252 Pmestalurus
224 2218 323 2262 proba
340 2217 505 2260 participii
523 2216 636 2253 forma,
662 2215 685 2248 Ι.
705 2214 760 2254 47,
778 2215 810 2246 2.

3 2275 122 2308 Praeter
138 2276 161 2308 i.
180 2285 211 2318 q.
226 2278 467 2318 praeterquam,
486 2269 525 2305 C.
547 2271 602 2311 36,
620 2271 652 2305 2.

4 2332 160 2364 Praeterea
176 2332 209 2364 in
225 2330 333 2363 media
350 2329 498 2361 oratione
517 2328 611 2369 quasi
629 2327 765 2368 copulae
782 2327 815 2358 vi
833 2326 983 2369 positum,
1010 2325 1045 2357 C.
1066 2324 1120 2361 50,
1140 2324 1170 2356 3.

3 2387 124 2420 Praetor
147 2387 169 2419 i.
189 2396 220 2428 q.
239 2389 440 2429 propraetor,
467 2381 507 2417 C.
528 2383 582 2422 19,
601 2383 631 2415 1.
680 2382 702 2414 Ι.
725 2381 801 2420 103,
819 2382 849 2414 4.

5 2443 152 2475 Praetoris
163 2442 274 2474 urbani
289 2441 411 2479 officia,
439 2439 475 2472 C.
495 2439 550 2477 33,
569 2438 599 2471 1.

6 2499 117 2531 Pravus
132 2498 225 2531 vocis
241 2501 401 2540 potestas,
428 2494 463 2527 C.
484 2495 516 2534 5,
535 2494 565 2527 1.
615 2493 640 2526 Ι.
660 2494 714 2533 64,
731 2494 765 2527 2.

6 2555 134 2587 Pretium
151 2558 194 2585 est
211 2553 233 2585 i.
253 2563 283 2595 q.
298 2561 353 2584 res
369 2550 479 2592 magni
496 2550 593 2593 pretii
611 2553 674 2589 est,
699 2549 724 2582 Ι.
742 2548 798 2588 81,
817 2548 848 2580 3.

6 2610 104 2642 Primo
122 2609 278 2652 quomodo
295 2607 427 2640 differat
443 2616 462 2638 a
477 2607 618 2647 primum,
638 2601 679 2637 C.
697 2604 754 2644 24,
773 2603 802 2636 1.
852 2603 875 2636 Ι.
895 2603 950 2642 29,
965 2603 995 2636 3
1047 2602 1124 2641 111,
1141 2603 1172 2635 2.

52 2679 140 2712 Index
158 2679 186 2706 in
205 2678 324 2705 Sallust.
345 2676 392 2706 ed.
411 2676 548 2704 Kritzius.
1089 2671 1107 2699 5
