1630 3034
383 153 746 198 IUGURTHA.
808 155 934 198 GAP.
965 154 1100 198 XCV.
1349 158 1433 202 507

50 258 208 319 nobilis
252 271 366 328 fuit,
408 270 576 315 familia
624 286 771 332 prope
823 272 912 316 iam
965 273 1158 317 extincta
1214 272 1433 317 maiorum

48 371 248 432 ignavia3
291 369 445 414 litteris
490 368 675 412 Graecis
721 375 855 428 atque
900 370 1066 414 Latinis
1106 370 1249 428 iuxta,
1298 377 1432 429 atque

47 466 332 522 doctissume,
369 465 580 523 eruditus,
617 466 763 509 animo
792 466 974 526 ingenti,
1012 466 1201 527 cupidus
1227 468 1432 528 volupta-

46 569 165 622 tum,
203 562 284 607 sed
319 562 493 623 gloriae
529 562 756 622 cupidior,
807 563 897 607 otio
933 564 1158 608 luxurioso
1205 580 1325 618 esse3
1361 571 1432 608 ta-

44 687 226 729 exaravin
257 687 410 733 margini
434 688 585 731 ascripta
607 693 706 730 suut,
733 688 871 723 Coi-tius
893 693 1024 723 temere
1045 689 1169 733 eiecit,
1196 689 1433 734 perversitatis

43 754 223 784 auctorem
253 754 392 783 secutus
424 749 624 783 Gruterum.
682 748 815 782 Neuter
848 749 942 783 enim
973 749 1064 783 vidit
1094 760 1162 783 non
1196 749 1309 782 solum
1333 747 1434 793 genti

42 810 170 854 opponi
187 810 363 853 familiam
380 835 390 852 ‚
422 810 483 843 sed
506 810 601 844 illins
626 809 732 844 etiam
757 809 934 845 nobilitati
955 811 1164 855 respondere
1185 809 1290 843 huius
1312 809 1431 842 obscu-

41 872 195 906 ritatem.
243 870 334 905 Nam
358 883 466 915 quum
491 871 624 905 nobiles
649 875 781 912 essent,
820 882 969 915 quorum
992 870 1147 904 maiores
1168 868 1434 914 magistratibus

40 932 221 966 curulibus
245 932 320 966 sive
343 931 537 965 maioribus
566 937 680 967 essent
712 931 822 966 functi
838 957 848 974 ,
882 931 943 976 qui
975 930 1078 965 multi
1100 931 1242 965 fuerunt
1264 930 1300 964 in
1324 934 1430 974 gente
1496 934 1499 941 ¹

45 993 229 1034 cornelia,
254 992 291 1026 in
314 992 434 1036 aprico
465 997 517 1026 est
540 993 656 1027 verbis
667 994 822 1036 *familia
845 1011 891 1019 —
922 993 1134 1026 extincta
1165 992 1248 1025 mai.
1281 990 1431 1036 ignavia

39 1052 109 1087 hoc
143 1052 354 1098 significari,
395 1053 431 1087 in
463 1053 610 1088 Sullana
643 1055 781 1089 familia
811 1065 874 1098 per
905 1055 1053 1098 longum
1086 1056 1222 1096 tempus
1255 1051 1429 1085 neminem

38 1113 168 1157 fuisse,
201 1114 263 1158 qui
295 1114 465 1150 industria
494 1121 598 1159 atque
621 1115 750 1149 virtute
773 1115 921 1149 honores
954 1114 1100 1156 adeptus
1123 1125 1244 1148 nornen
1263 1112 1430 1156 familiae

40 1175 188 1209 adderet
216 1186 365 1220 eamque
399 1176 516 1221 gloria
545 1176 749 1210 illustraret.
792 1177 837 1210 cf.
870 1176 959 1210 Veli.
992 1176 1043 1218 ΙΙ,
1076 1174 1143 1216 17,
1178 1174 1211 1209 l.
1258 1173 1301 1207 L.
1328 1173 1431 1206 Corn.

39 1236 140 1269 Sulla
170 1240 275 1269 natus
307 1237 456 1279 familia
490 1238 617 1279 nobili,
651 1243 765 1271 sextus
797 1249 820 1271 a
859 1237 1016 1271 Cornelio
1054 1235 1210 1279 Rufino,
1250 1232 1310 1278 qui
1342 1234 1429 1267 bello

40 1297 167 1341 Pyrrhi
194 1297 286 1331 inter
319 1297 553 1331 celeberrimos
579 1300 707 1341 fuerat
738 1299 861 1343 duces,
905 1310 1030 1343 quum
1064 1295 1297 1340 familiae
1329 1294 1429 1327 eius

39 1358 282 1393 claritudo
316 1358 599 1392 intermissa
640 1365 782 1402 esset,
819 1361 881 1394 diu
913 1360 966 1393 ita
996 1370 1032 1392 se
1064 1356 1196 1403 gessit,
1231 1359 1271 1388 ut
1294 1354 1447 1403 nullam*

36 1420 178 1465 petendi
210 1421 424 1453 consulatum
457 1420 706 1464 cogitationem
739 1421 867 1455 habere
902 1419 1091 1452 videretur.
1147 1416 1202 1450 Ad
1236 1426 1312 1449 rem
1343 1414 1429 1448 facit

36 1480 144 1515 etiam
166 1480 375 1521 contulisse,
400 1491 490 1523 quae
513 1480 681 1514 Asconius
706 1481 750 1514 ad
775 1481 846 1515 Cic.
870 1492 921 1515 or.
947 1493 981 1524 p.
1002 1479 1136 1513 Scauro
1161 1477 1234 1521 (ed.
1254 1476 1426 1520 l'erburg.

35 1542 139 1575 Tom.
165 1541 208 1574 11.
234 1552 266 1584 p.
291 1539 391 1584 981.)
418 1540 545 1574 tradit=
579 1542 731 1575 Scaurus
754 1543 808 1577 ita
825 1542 904 1585 fuit
924 1541 1106 1586 patricius,
1128 1544 1167 1574 ut
1189 1539 1298 1572 tribus
1320 1548 1428 1581 supra

37 1614 115 1636 eum
147 1602 323 1635 aetatibus
359 1602 562 1636 iacuerit
600 1603 752 1637 domus
794 1604 898 1637 eius
935 1604 1142 1645 fortuna.
1192 1599 1286 1632 Nam
1319 1609 1428 1642 neque

34 1668 155 1708 pater,
186 1673 296 1707 neque
326 1672 432 1703 avus,
463 1673 573 1706 neque
607 1664 713 1698 etiam
736 1674 910 1708 proavus,
946 1668 986 1697 ut
1007 1666 1112 1706 puto,
1140 1665 1282 1704 propter
1308 1664 1428 1693 tennes

34 1735 115 1768 opes
140 1729 181 1758 et
208 1723 385 1756 nullam
415 1723 545 1756 vitae
578 1724 865 1759 industriam
902 1723 1045 1756 honores
1070 1721 1191 1765 adepti
1211 1725 1302 1755 sunt.
1351 1720 1427 1754 Ita-

35 1796 100 1830 que
135 1785 265 1818 Scauro
298 1794 407 1828 aeque
441 1795 484 1817 ac
507 1794 597 1818 novo
631 1786 761 1819 homini
788 1784 1017 1819 laborandum
1043 1783 1128 1826 suit.
1175 1783 1229 1815 De
1251 1781 1369 1826 gentis
1391 1786 1428 1814 et

29 1847 195 1891 familiae
227 1844 449 1886 discrimine,
484 1846 576 1888 qnod
609 1846 744 1880 Velleio
769 1845 966 1880 accuratius
989 1843 1142 1877 servavit
1164 1841 1371 1882 Sallustius,
1393 1852 1426 1874 v.

35 1905 215 1941 Heineccii
248 1906 388 1949 Autiqq.
424 1907 531 1940 Rom.
556 1905 622 1948 111,
645 1905 688 1946 2,
715 1905 750 1939 2.
783 1917 816 1949 p.
841 1904 910 1938 495
933 1916 984 1947 sq.
1010 1904 1064 1937 ed.
1088 1903 1266 1938 Haubold.
1294 1907 1329 1936 et
1351 1901 1425 1936 Nit-

36 1968 126 2002 schii
155 1966 293 2010 Antiqq.
326 1967 432 2000 Rom.
470 1966 546 1999 Vol.
573 1967 601 2000 Ι.
634 1978 670 2010 p.
695 1965 763 1999 211
780 1977 851 2009 sqq.
886 1965 938 1999 ed.
974 1965 1037 1998 111.
1062 1983 1107 1989 —
1133 1964 1325 1996 Muellerus
1357 1962 1427 1996 loci

36 2028 144 2063 nostri
176 2027 310 2062 ratione
342 2032 375 2061 et
406 2027 577 2061 sententia
601 2027 704 2070 plane
736 2037 803 2060 non
837 2026 1013 2061 intellecta
1037 2029 1157 2058 contra
1181 2035 1300 2058 omnes
1327 2023 1427 2060 codd.

35 2089 174 2133 scripsit
195 2089 344 2122 nobili
372 2090 447 2132 suit
475 2088 633 2132 familia.
681 2087 762 2121 Alio
797 2088 901 2121 modo
925 2090 1106 2130 peccatum
1131 2089 1182 2118 est
1207 2085 1241 2118 in
1267 2084 1320 2118 ed.
1345 2083 1425 2127 Bip.

35 2156 226 2192 commate,
259 2161 329 2194 quo
360 2155 439 2194 post
464 2151 541 2193 suit
574 2149 890 2192 interpungendum
925 2152 994 2190 est,
1031 2152 1107 2190 post
1135 2146 1279 2189 familia
1302 2144 1427 2188 posito.

36 2212 175 2257 Quippe
205 2222 274 2245 non
306 2210 469 2244 viderunt
503 2210 653 2244 editores
681 2210 827 2253 familia
851 2210 1003 2242 extincta
1027 2219 1095 2241 non
1119 2211 1157 2241 ut
1180 2205 1289 2239 verba
1310 2205 1427 2250 gentis

34 2273 207 2318 patriciae
229 2283 271 2305 ex
289 2272 387 2314 suit,
421 2271 556 2305 variata
579 2271 774 2311 structura,
810 2269 977 2313 pendere,
1002 2268 1059 2301 sed
1085 2266 1261 2300 ablativos
1283 2266 1427 2300 absolu-

37 2340 90 2369 tos
112 2344 208 2374 esse,
232 2331 359 2375 quibus
383 2332 515 2375 aliquid
543 2333 587 2366 ad
610 2330 814 2365 antecedens
837 2329 1057 2363 enunciatum
1082 2326 1326 2361 illustrandum
1349 2336 1427 2369 per-

37 2395 148 2429 tinens
173 2392 378 2433 adiiciatur,
411 2403 518 2435 qnam
543 2391 825 2426 enunciationnm
849 2390 1022 2424 rationem
1049 2387 1256 2422 Germanice
1279 2386 1331 2420 sie
1354 2387 1428 2420 fere

38 2451 238 2500 exprimas:
273 2452 376 2487 Sulla
409 2462 485 2485 war
524 2462 587 2485 ans
618 2453 735 2487 einem
767 2451 879 2485 durch
911 2449 1134 2494 Bekleiduug
1164 2449 1225 2482 der
1258 2448 1427 2482 hfichsten

35 2517 177 2551 Aemter
209 2515 292 2550 sehr
323 2513 564 2557 angesehenen
595 2512 830 2558 patricischen
863 2510 1114 2552 Geschlechte,
1146 2509 1310 2543 wahrend
1333 2508 1428 2543 seina

36 2576 189 2612 Familie
222 2575 333 2610 durch
365 2573 562 2618 Lassigkeit
596 2575 657 2609 der
689 2572 886 2607 Yon-fabren
922 2573 990 2606 fast
1012 2582 1105 2617 ganz
1129 2570 1335 2604 unbemerkt
1358 2581 1425 2615 ge-

37 2637 177 2672 worden
200 2647 286 2670 war.

131 2697 273 2731 Graecis
293 2701 398 2741 atque
423 2696 560 2730 Latinis
583 2696 706 2736 iuxta,
731 2698 838 2738 atque
861 2692 1090 2736 doctinam]
1125 2691 1197 2731 Pro
1220 2696 1325 2736 atque
1349 2694 1428 2735 post

42 2759 185 2793 Gracc-'o
204 2757 418 2793 Gerlachius
441 2757 478 2791 in
508 2757 563 2791 ed.
588 2754 780 2791 novissima
812 2752 922 2789 solius
945 2753 1028 2787 Bas.
1054 2752 1088 2786 1.
1113 2750 1320 2786 auctoritate
1341 2747 1428 2783 sati-
