1630 3034
368 201 709 245 CATILINA.
777 201 912 243 cAP.
941 201 1093 243 XXXI.
1320 203 1404 242 143

22 322 102 366 illa
136 320 370 377 movebat,
417 317 590 363 tametsi
630 316 852 377 praesidia
886 318 1181 376 parabantur,
1230 321 1274 360 et
1307 316 1404 374 ipse

22 412 129 472 lege
147 411 322 458 Plautia
354 410 653 469 interrogatus
675 414 769 452 erat
803 408 861 451 ab
897 408 949 453 L.
973 408 1148 451 Paullo.
1218 408 1400 451 Postre-
1424 409 1449 449 5

21 518 100 548 mo
165 500 472 546 dissimulandi
534 514 687 544 caussa
747 505 794 543 et
858 504 909 543 ut
978 499 1044 541 sui
1108 497 1404 558 expurgandi,

24 593 152 638 sicuti
174 593 323 652 iurgio
355 589 578 639 lacessitus
613 591 746 645 foret,
780 591 827 633 in
861 589 1073 633 Senatum
1109 590 1238 635 venit.
1284 589 1448 631 Tumss

29 713 130 746 codd.
175 712 350 757 syllabam
391 711 544 756 primam
578 723 625 745 au
665 711 883 756 diphthongo
927 711 1091 755 scriptam
1125 710 1297 744 exhibent.
1348 708 1402 741 Cf.

20 769 222 803 Schneider.
250 770 408 803 Gramm.
434 770 511 803 Lat.
538 770 566 811 Ι,
586 769 620 803 1.
646 781 680 812 p.
710 769 767 802 61.
816 770 917 802 Haec
947 770 1004 802 lex
1028 771 1071 802 de
1094 770 1130 801 υἱ
1162 779 1193 802 a.
1219 780 1254 801 u.
1277 765 1357 799 665.
1382 776 1405 798 a

20 827 72 859 M.
109 826 250 860 Plautio
285 826 432 860 Silvano
473 827 614 860 tribuno
657 826 768 869 plebis
800 827 876 860 lata
906 827 990 867 fuit,
1029 830 1068 859 ut
1101 826 1144 858 de
1186 824 1299 868 capite
1331 822 1405 855 eius

19 887 264 927 quaereretur,
297 884 358 928 qui
392 884 465 917 vim
497 884 646 917 fecisset.
695 883 749 916 Cf.
785 884 879 917 Coel.
912 884 947 917 in
975 883 1045 917 Cic.
1073 885 1160 928 Epp.
1197 882 1240 916 ad
1264 882 1402 914 Fanum.

19 940 111 981 vul,
132 940 167 981 8,
186 940 261 974 init.
287 952 338 974 or.
364 952 398 984 p.
426 941 521 974 Coel.
547 952 576 974 c.
599 940 657 980 29,
677 939 735 973 70.
767 940 901 974 Ernest.
926 943 1024 975 Clav.
1050 942 1120 975 Cic.
1147 945 1182 974 et
1215 940 1335 983 Sigon.
1361 937 1403 969 dc

18 997 126 1032 Iudic.
147 999 193 1039 11,
211 997 268 1032 33.
286 1016 332 1023 —
357 999 447 1031 Erat
470 1002 547 1042 post
570 999 819 1041 interrogata-9,
843 1009 865 1031 a
886 1000 1005 1033 Cortio
1028 998 1236 1033 auctoritate
1255 996 1403 1027 duorum

19 1055 119 1089 codd.
143 1054 305 1096 eiectum,
328 1054 552 1090 restituimus.
570 1073 615 1080 —-
638 1055 691 1087 De
715 1054 756 1088 L.
772 1055 893 1088 Paullo
917 1057 962 1089 ct.
990 1055 1060 1090 Cic.
1084 1055 1120 1089 in
1143 1053 1260 1088 vVatia.
1278 1049 1402 1091 10,·.’.5.

18 1123 55 1156 p.
79 1111 161 1145 Mil.
186 1111 221 1153 9,
243 1111 303 1145 24.
332 1112 421 1155 Epp.
447 1112 490 1145 ad
514 1113 650 1145 Famm.
677 1111 750 1151 XV,
774 1111 830 1143 12.
852 1116 886 1145 et
906 1112 961 1146 13.

112 1170 143 1209 §.
168 1165 203 1201 5.
251 1173 286 1202 et
308 1173 347 1201 ut
369 1169 423 1201 sui
448 1167 692 1212 expurgandi]
727 1169 767 1200 In
791 1179 920 1213 magna
951 1169 1146 1213 scripturae
1170 1163 1404 1208 discrepantia

18 1216 249 1268 haechuam
280 1227 510 1268 expressimus
544 1225 644 1258 nobis
677 1225 827 1259 maxime
858 1226 1052 1269 probabilis
1085 1225 1161 1259 visa
1192 1229 1255 1259 est.
1304 1221 1404 1256 Libri

18 1282 108 1314 bene
129 1281 234 1315 multi
256 1283 420 1316 exhibent
443 1287 506 1316 aut
529 1282 583 1315 sui
607 1293 703 1325 esp„
730 1282 791 1315 alii
815 1294 856 1315 ac
880 1284 934 1316 sni
958 1295 1052 1327 exp„
1085 1282 1188 1326 pauci
1215 1283 1269 1314 vel
1292 1281 1346 1313 sui
1369 1283 1403 1312 et

18 1340 121 1395 quasit
143 1340 198 1372 sui
221 1350 310 1382 exp„
334 1340 470 1382 aliquot
495 1344 529 1373 et
552 1345 591 1373 ut
613 1340 678 1379 sui,
702 1340 858 1372 nonnulli
882 1340 1029 1383 denique
1052 1346 1090 1373 ut
1114 1341 1168 1374 sui
1192 1351 1266 1383 exp.
1301 1339 1402 1380 Quae

18 1395 232 1439 quamquam
254 1408 467 1441 magnopere
490 1396 681 1437 differunt,
715 1398 830 1428 tamen
848 1408 929 1439 ¹non
954 1408 1039 1440 opus
1064 1400 1135 1439 est,
1161 1402 1200 1431 ut
1224 1398 1267 1431 ad
1292 1395 1404 1429 Curtii

18 1453 252 1487 coniecturam
275 1459 380 1497 atque
403 1454 459 1487 sui
490 1464 564 1496 exp.
590 1451 855 1496 confugiamus,
882 1454 1042 1499 argutius
1066 1465 1171 1498 quam
1203 1453 1319 1487 verius
1342 1464 1403 1485 ex-

18 1510 218 1555 cogitatam.
267 1511 315 1544 Ut
336 1514 453 1544 autem
480 1510 660 1544 Gerlachii
683 1510 874 1554 scripturae
898 1516 962 1545 aut
984 1512 1049 1552 sni,
1073 1512 1131 1544 vel
1153 1511 1279 1555 Langii
1303 1509 1403 1554 quasi

17 1569 73 1601 sui
104 1568 371 1612 praeferendum
402 1569 567 1601 ducamus
600 1572 635 1600 et
665 1572 705 1601 ut
736 1569 811 1609 sui,
836 1569 948 1602 tribus
972 1569 1103 1602 caussis
1126 1578 1401 1601 commovemur.

16 1624 178 1658 Primum
200 1625 371 1660 Catilinae
398 1636 468 1659 non
491 1635 534 1657 ea
556 1634 654 1658 mens
678 1625 766 1666 fuit,
806 1630 845 1659 ut
867 1637 905 1658 re
928 1637 1013 1659 vera
1043 1637 1081 1658 se
1104 1629 1317 1669 expurgaret
1341 1626 1404 1657 aut

16 1693 55 1716 se
77 1683 232 1717 crederet
256 1694 454 1728 expurgare
477 1692 598 1725 posse,
622 1681 750 1724 quippe
774 1682 834 1725 qui
856 1682 1040 1717 simularet
1063 1683 1301 1717 tantummodo
1325 1681 1402 1715 ani-

16 1750 115 1773 mum
138 1740 355 1785 expurgandi
378 1739 555 1783 cupidum,
575 1738 651 1772 iure
674 1739 784 1783 igitur
805 1744 979 1781 exspectes
1000 1741 1045 1773 ab
1069 1744 1236 1774 accurato
1260 1743 1403 1772 auctore

17 1797 87 1830 hoc
111 1796 316 1841 significari.
373 1798 443 1831 Sed
467 1797 566 1841 quasi
598 1796 772 1839 particula
804 1797 919 1841 posita
951 1808 1019 1831 non
1050 1798 1281 1841 intelligitur,
1311 1807 1403 1839 quo-

16 1854 121 1888 modo
153 1858 252 1888 tanta
281 1854 474 1897 scripturae
505 1854 688 1888 diversitas
718 1854 881 1899 exsistere
904 1855 1071 1897 potuerit,
1096 1867 1203 1899 quum
1227 1858 1261 1888 et
1283 1865 1402 1887 sensus

17 1912 134 1945 clarus
158 1911 204 1946 sit
225 1915 260 1945 et
286 1911 440 1945 relicuae
461 1911 626 1944 lectiones
648 1911 780 1945 mirum
803 1918 972 1955 quantum
997 1913 1042 1946 ab
1067 1924 1110 1946 ea
1126 1924 1210 1946 voce
1226 1912 1398 1945 recedant.

17 1969 120 2012 Quae
141 1969 363 2002 difficultates
386 1979 506 2001 omnes
528 1972 758 2009 evanescunt,
789 1968 818 2001 si
843 1968 1052 2003 Sallustium
1076 1970 1198 2003 statuis
1221 1968 1402 2013 scripsisse

19 2031 53 2060 et
75 2030 114 2059 ut
137 2027 203 2059 sui.
261 2026 416 2069 Apparet
438 2024 530 2058 enim
554 2026 656 2069 quasi
678 2037 746 2059 non
770 2026 860 2059 alius
883 2026 950 2059 nisi
974 2032 1013 2060 ut
1036 2027 1228 2070 particulae
1251 2037 1324 2059 esse
1347 2025 1402 2057 in·

17 2082 311 2127 terpretationem,
336 2082 402 2116 isto
434 2093 535 2116 sensu
567 2082 715 2125 locoque
744 2081 900 2116 librariis
924 2085 1109 2124 obscurae3
1144 2084 1227 2123 alii,
1253 2081 1401 2127 proclivi

17 2141 75 2174 vel
98 2139 230 2185 ingenii
253 2139 311 2172 vel
344 2138 473 2172 calami
496 2139 617 2181 lapsu,
653 2144 687 2172 et
709 2140 835 2173 vocula
858 2141 971 2174 deleta
994 2141 1072 2173 inde
1095 2141 1250 2174 fecerunt
1274 2145 1311 2173 ut
1334 2139 1401 2179 sui,

18 2202 83 2231 aut
105 2199 182 2239 sui,
201 2197 258 2230 vel
280 2195 353 2236 sui,
379 2206 419 2228 ac
441 2194 516 2236 sni,
540 2195 690 2230 fortasse
713 2207 754 2229 eo
779 2207 917 2239 quoque
941 2197 1127 2238 commoti,
1152 2209 1196 2230 ne
1220 2202 1257 2230 ut
1278 2200 1312 2229 et
1335 2196 1401 2228 sic-

17 2255 71 2288 uti
107 2254 269 2289 continuo
304 2263 378 2287 sese
409 2252 616 2296 exciperent.
673 2252 743 2286 Sed
774 2252 1028 2296 particularum
1062 2254 1251 2287 earundem
1273 2251 1403 2296 repeti-

18 2310 150 2344 tionem
170 2314 304 2344 veteres
326 2320 394 2344 non
415 2310 545 2353 ubique
565 2309 739 2351 vitarunt,
760 2321 795 2343 v.
819 2311 988 2344 Goerenz.
1014 2311 1057 2344 ad
1081 2311 1191 2356 Legg.
1203 2312 1230 2352 I,
1251 2309 1285 2351 2,
1303 2310 1336 2343 7.
1355 2309 1402 2343 ad

17 2367 146 2401 Acadd.
171 2367 216 2408 11,
244 2366 302 2408 16,
329 2366 386 2400 49.
418 2367 464 2400 ad
496 2366 598 2404 Finn.
627 2368 657 2408 I,
674 2367 732 2408 18,
755 2367 812 2402 61.
853 2367 1023 2401 Matthias
1047 2368 1092 2401 ad
1115 2372 1204 2402 orat.
1229 2379 1263 2411 p.
1290 2368 1400 2401 Rosc.

18 2424 96 2458 Am.
116 2423 174 2464 45,
195 2423 276 2456 130.
301 2424 487 2468 Wopkens.
513 2424 622 2458 Lectt.
646 2424 744 2457 Tun.
771 2436 804 2467 p.
824 2424 870 2458 38
887 2436 959 2468 sqq.
1011 2425 1054 2458 Ut
1077 2436 1140 2468 pro
1164 2425 1265 2469 quasi
1287 2424 1401 2457 habes

17 2482 112 2525 apud
135 2481 206 2516 Cic.
230 2481 273 2515 de
297 2481 394 2515 Orat.
417 2482 446 2522 1,
463 2479 520 2523 50,
540 2480 620 2516 218.
655 2492 765 2525 neque
797 2493 840 2514 ea
872 2487 911 2516 ut
943 2494 1008 2516 sua
1039 2483 1250 2526 possedisse,
1276 2482 1336 2515 sed
1359 2485 1398 2515 ut

18 2541 136 2573 aliena
169 2539 292 2572 libasse
301 2550 314 2578 ‚·
338 2538 469 2573 similia
491 2541 591 2580 sunt,
625 2549 716 2582 quae
740 2539 924 2574 Ruhnken.
950 2540 994 2574 ad
1017 2539 1101 2573 Ter.
1126 2541 1216 2574 Eun.
1238 2541 1266 2582 1,
1286 2539 1320 2581 2,
1337 2538 1396 2572 37.

18 2595 149 2630 attulit.
184 2595 329 2629 Phorm.
351 2595 395 2638 II,
421 2594 456 2636 3,
481 2594 538 2629 62.
571 2596 692 2630 itidem
716 2601 756 2630 ut
781 2603 930 2641 cognata
952 2599 984 2631 si
1004 2599 1060 2631 sit.
1107 2597 1180 2631 Cic.
1206 2598 1248 2630 de
1272 2596 1343 2630 (ΜΓ.
1368 2597 1397 2637 1,

17 2652 76 2696 14,
94 2653 151 2687 42.
195 2653 232 2687 in
257 2653 378 2687 eadem
399 2656 479 2686 sunt
501 2653 691 2696 iniustitia,
716 2659 755 2687 ut
786 2655 817 2688 si
839 2656 876 2687 in
898 2666 997 2688 suam.
1021 2666 1094 2688 rem
1118 2655 1236 2688 aliena
1259 2664 1396 2686 conver-

18 2715 108 2747 tant.
146 2710 234 2756 Nep.
257 2711 397 2746 Datam.
416 2709 477 2752 111,
494 2709 530 2745 2.
563 2711 750 2747 Praeterea
779 2711 976 2757 Herzogius
1007 2711 1152 2748 contulit
1179 2711 1266 2756 Nep.
1291 2710 1393 2745 Dion.
