1630 3034
412 174 772 218 IUGURTHA.
833 173 966 216 CAP.
999 173 1226 216 LXXXV.
1399 175 1485 216 443

107 307 244 352 quam
286 292 440 353 adepti
482 298 605 349 sunt,
651 306 837 352 gerere3
877 291 1024 351 primo
1068 289 1329 344 industrios,
1375 302 1485 347 sup-

105 389 258 450 plicis,
292 390 495 434 modicos
532 406 651 447 esse,
685 390 846 434 deinde
873 404 957 450 per
990 388 1215 449 ignaviam
1250 392 1294 431 et
1328 372 1487 445 super—

110 486 457 550 biamvaetatem
491 503 639 548 agere,
713 487 808 531 Sed
851 486 960 530 mihi
1002 491 1155 529 contra
1200 500 1253 529 ea
1290 482 1529 535 videtur32

109 598 211 626 nam
246 599 337 642 quo
368 585 509 644 pluris
543 590 610 629 est
636 584 841 628 univorsa
875 583 1130 642 respublica
1164 597 1298 641 quarn
1329 594 1491 624 consu-

110 680 223 725 latus
251 659 328 725 ant
358 688 583 741 praetura,
618 696 674 725 eo
709 681 876 725 maiore
912 696 1018 725 cura
1045 681 1167 723 illam
1201 675 1493 722 administrari

111 792 246 835 qnam
281 777 394 821 haec
429 778 524 838 peti
558 778 739 822 debere.
793 779 956 835 Neque
997 793 1070 822 me
1104 776 1240 831 fallit,
1275 773 1524 833 quantumss

112 889 213 918 cum
236 890 445 918 maxumo
460 852 684 919 beneficio
713 881 863 919 vostro
897 875 1053 935 negoti
1081 874 1332 918 sustineam.
1382 870 1494 914 Bel-

108 971 202 1016 lum
244 987 405 1032 parare
450 972 604 1028 simul,
658 978 703 1017 et
746 972 916 1016 aerario
959 986 1172 1031 parcere,
1226 984 1391 1029 cogere
1436 966 1495 1010 ad

112 1125 317 1162 illustrando
350 1125 660 1170 nova'sententia‚
692 1127 849 1164 oratione
879 1132 976 1162 recta
1009 1129 1195 1170 concepta,
1227 1124 1497 1170 subiungeretur

117 1188 220 1233 (nam
245 1200 313 1233 quo
332 1189 441 1233 pluris
465 1194 515 1224 est
549 1189 717 1225 univorsa
743 1190 896 1234 respubl.
943 1201 975 1233 q.
1005 1199 1095 1221 cons.
1127 1190 1188 1221 aut
1211 1188 1334 1229 praet„
1357 1197 1398 1219 eo
1421 1196 1498 1219 ma-

114 1249 192 1283 iore
215 1261 301 1284 cura
324 1251 388 1284 illa
412 1250 506 1285 adm.
531 1271 576 1276 —
600 1251 737 1295 debet),
762 1250 960 1298 autfverbis
985 1254 1104 1283 contra
1129 1259 1172 1282 ea
1194 1247 1230 1280 vi
1254 1246 1411 1280 adverbii
1434 1257 1498 1289 po·-

117 1310 213 1353 51118,
245 1312 384 1346 videtur
410 1312 573 1346 continuo
596 1316 796 1356 sequentem
819 1311 1095 1345 enunciationem
1109 1335 1119 1353 ‚
1152 1307 1355 1342 accusativo
1378 1319 1407 1340 c.
1434 1307 1496 1340 inf.

116 1371 269 1413 elatam,
301 1377 463 1417 regeret,
496 1373 577 1417 (sed
608 1373 698 1406 mihi
730 1378 852 1406 contra
878 1383 920 1406 ea
953 1373 1092 1406 videtur
1114 1382 1180 1415 quo
1201 1369 1312 1413 pluris
1335 1369 1380 1401 sit
1403 1368 1497 1403 univ.

115 1443 204 1477 resp.
229 1444 262 1477 11.
286 1444 379 1467 cons.
403 1438 463 1468 aut
485 1438 611 1477 praet,
633 1445 674 1467 eo
698 1433 833 1467 maiore
855 1444 943 1474 ⁴cura
965 1435 1063 1467 illam
1085 1429 1322 1466 administrari
1343 1429 1496 1472 debere),

117 1498 241 1527 auctor
272 1498 456 1538 utramque
487 1494 669 1528 coniunxit
689 1496 748 1529 vel
772 1495 928 1529 confudit
952 1493 1085 1536 potius,
1121 1502 1163 1524 ex
1186 1489 1303 1533 priore
1325 1489 1361 1523 in
1384 1496 1499 1534 poste-

116 1553 248 1587 riorem
271 1555 458 1596 transiens,
494 1555 689 1600 particulae
711 1567 793 1590 nam
824 1560 859 1589 et
889 1553 1071 1589 indicativi
1095 1557 1147 1586 est
1170 1551 1375 1594 immemor,
1400 1551 1499 1594 quasi

118 1613 237 1648 omnia
266 1627 309 1648 ex
334 1617 472 1651 videtur
506 1618 702 1661 penderent.
749 1618 868 1660 Quare
901 1620 939 1650 ut
970 1614 1122 1658 aliquem
1151 1618 1350 1646 structurae
1372 1624 1501 1646 nexum

117 1675 210 1710 inter
232 1681 422 1721 utrumqne
444 1678 611 1712 orationis
634 1679 831 1712 membrum
854 1688 929 1711 esse
952 1680 1091 1720 pateat,
1116 1673 1167 1708 ita
1188 1673 1501 1718 interpungendum

120 1741 192 1779 est,
227 1742 267 1771 111
299 1739 548 1782 praeeuntibus
576 1738 679 1782 Bipp.
708 1739 867 1773 fecimus.
925 1735 1072 1781 Vulgari
1104 1734 1195 1768 enim
1226 1733 1503 1777 interpunctione

120 1797 274 1833 admissa
298 1810 368 1833 uon
394 1800 524 1841 habes,
557 1800 731 1843 quomodo
762 1798 1004 1833 accusativum
1036 1807 1117 1829 cnm
1145 1795 1242 1828 infin.
1268 1795 1417 1838 explices
1443 1800 1504 1830 ant

118 1870 271 1894 excuses.
318 1861 441 1905 Longe
471 1860 562 1894 enim
595 1861 824 1904 asperrimam
857 1864 891 1893 et
915 1869 984 1892 uon
1006 1856 1226 1890 tolerabilem
1259 1856 1393 1890 faciunt
1413 1861 1506 1890 stru-

125 1924 291 1962 cturam,
324 1921 384 1965 qui
415 1922 555 1955 videtur
584 1921 798 1966 cogitatione
830 1919 1061 1962 supplendum
1094 1917 1151 1949 vel
1174 1917 1398 1960 repetendum
1423 1928 1504 1950 cen-

123 1985 222 2022 sent3
254 1982 346 2024 quod
380 1983 591 2015 laumannus
621 1986 738 2016 autem
770 1981 933 2014 videntur
963 1976 1118 2021 suppleri
1151 1977 1247 2018 vult,
1278 1977 1314 2011 id
1337 1978 1381 2011 ad
1405 1979 1504 2012 illam

123 2040 273 2074 relatum
296 2041 519 2075 soloecismus
547 2042 640 2075 haud
675 2041 762 2074 levis
795 2045 855 2074 est.
903 2040 1096 2073 Verborum
1118 2038 1275 2071 ordinem
1309 2051 1374 2083 qno
1396 2040 1506 2082 pluris

127 2105 178 2135 est
201 2102 363 2135 univorsa
387 2113 477 2146 resp.
496 2103 574 2135 fere
598 2113 717 2136 omnes
749 2101 834 2135 libri
856 2106 1050 2144 praestant,
1082 2110 1192 2142 neque
1215 2098 1288 2132 alia
1307 2098 1505 2142 discrepan-

125 2161 177 2195 tia
201 2162 493 2205 deprehenditur,
525 2174 629 2206 quam
656 2163 746 2206 quod
780 2163 882 2206 pauci
906 2167 1034 2206 quanto
1060 2171 1121 2204 pro
1146 2171 1209 2204 quo
1232 2159 1375 2193 habent.
1423 2160 1506 2193 Cor-

126 2222 194 2256 tius
219 2228 337 2257 autem
361 2223 428 2257 fide
451 2224 619 2258 libroruin
638 2225 796 2269 neglecta
818 2223 956 2267 scripsit
979 2234 1041 2266 quo
1066 2221 1161 2255 univ.
1185 2231 1274 2263 resp.
1297 2219 1410 2262 pluris
1431 2224 1509 2259 est,-

129 2282 359 2325 Gerlachius,
383 2285 528 2318 reducto
551 2296 654 2328 quem
678 2284 775 2318 codd.
800 2284 919 2317 iubent
942 2283 1082 2325 ordine,
1109 2287 1158 2315 est
1183 2284 1259 2324 post
1281 2281 1391 2324 pluris
1416 2280 1507 2313 omi-

128 2345 184 2379 sit.
234 2345 358 2386 Illam,
382 2346 473 2389 quod
499 2347 593 2379 deest
617 2346 651 2379 ia
675 2346 783 2379 Fabr.
808 2346 842 2380 1.
867 2344 944 2378 Vin.
967 2345 1000 2377 1.
1029 2344 1101 2377 luc.
1128 2343 1175 2384 1.,
1200 2341 1338 2375 Cortius
1359 2340 1508 2385 pessime

128 2405 276 2448 delevit,
308 2417 374 2440 non
393 2406 542 2440 sentiens
565 2406 770 2450 prs-nomine
790 2406 826 2439 in
847 2404 1022 2439 sententiis
1049 2402 1216 2446 oppositis
1238 2412 1306 2435 non
1328 2402 1440 2435 solum
1464 2401 1509 2435 ad

133 2466 226 2508 vim,
261 2467 320 2500 sed
344 2467 387 2500 ad
409 2467 690 2511 perspicuitatem
713 2466 880 2500 orationis
910 2476 995 2509 opus
1018 2475 1102 2498 esse.
1148 2463 1226 2497 Non
1249 2462 1362 2496 minus
1384 2461 1511 2496 vitiose

131 2528 321 2563 Muellerus
343 2528 479 2572 scripsit
502 2529 587 2570 illa,
627 2527 683 2562 cui
715 2527 767 2561 rei
791 2538 909 2561 omnes
941 2526 1040 2561 codd.
1065 2525 1214 2560 obstant·
1237 2542 1282 2549 -
1306 2525 1408 2558 Haec
1429 2523 1453 2557 i.
1477 2534 1508 2556 e.

132 2591 331 2625 consulatus
354 2597 388 2624 et
410 2593 583 2634 praetura.

223 2654 255 2695 S.
282 2651 315 2685 3.
364 2663 440 2685 cum
470 2660 630 2684 maxumo
666 2650 826 2694 beneficio
858 2648 996 2691 vostro]
1033 2648 1117 2681 Cum
1151 2645 1415 2691 praepositionis
1437 2644 1509 2678 vim

135 2724 240 2757 supra
262 2711 516 2746 illustravimus
547 2711 592 2745 ad
615 2722 644 2747 c.
668 2711 781 2754 va,
804 2710 842 2746 3.
875 2711 919 2744 cf.
944 2708 1060 2743 fland.
1094 2708 1137 2742 de
1159 2707 1310 2742 Particc.
1333 2707 1409 2740 Lat.
1433 2705 1508 2739 Vol.

135 2774 180 2808 11.
205 2785 239 2818 p.
260 2772 341 2809 139.
365 2792 409 2799 -
434 2773 664 2816 Beneficium,
688 2782 757 2816 qua
780 2781 865 2806 voce
890 2770 928 2804 h.
956 2770 979 2804 l.
1003 2768 1213 2815 intelligitur
1231 2768 1450 2808 consulatus,
1474 2765 1510 2799 in
