1630 3034
0 0 22 108 1

0 114 10 167 f
367 64 371 66 ¹
427 72 610 137 RERUM
628 97 689 137 Ac
722 97 990 143 VERBORUM
1337 97 1391 139 25

0 194 149 242 [Cunctas
170 208 318 240 ablativo
341 208 406 241 loci
430 210 460 240 in
485 219 548 240 non
573 209 674 242 habet
699 210 855 249 additum,
885 210 909 242 l.
940 209 993 242 79.
1012 210 1043 241 2.
1085 239 1088 241 Α

0 254 184 317 ’ξ-οιιηᾳιιε
206 264 395 297 terminatio
419 265 663 307 pronominibus
698 270 732 298 et
763 266 935 308 particulis
969 266 1080 298 additu
1113 276 1206 308 quam
1241 267 1305 299 vim
1331 267 1390 298 ha-

0 319 7 358 “,
111 319 200 359 beat,
226 316 267 352 C.
294 319 397 359 27,1.
449 320 503 360 39,
523 321 554 354 6.

2 367 134 408 ‘Curare
154 377 186 408 in
212 387 248 408 re
273 375 420 414 militari,
455 373 494 408 C.
523 376 577 416 59,
596 378 628 410 3.
677 377 701 410 1.
729 377 786 414 90,
808 378 835 410 l.

23 432 134 464 Curare
157 432 319 474 duplicem
337 437 536 465 structuram
563 433 674 471 habet,
708 433 732 465 Ι.
763 433 837 466 100.
855 433 886 465 2.
921 450 924 452 ·

23 489 184 527 Custodia;
232 489 264 518 in
304 490 437 520 cusiodif
480 490 606 526 habere,
646 486 684 521 C.
728 488 783 527 47,
818 489 848 522 3.
900 492 926 520 in
969 492 1133 523 «nataliam
1176 492 1301 523 lmbm‘c.
1366 491 1375 522 l

112 544 188 583 112,
214 544 245 576 3.
277 552 279 556 ’

0 601 132 642 ,Cyrene
155 610 176 633 a
200 599 362 633 Theraeis
387 602 530 633 condita.
566 601 588 633 1.
618 601 671 639 19,
693 602 723 633 3.

660 726 755 779 l).

20 826 44 857 Ι)
70 825 183 856 littera
209 825 240 856 in
266 825 378 857 verbis
405 825 594 867 compositis.
617 830 694 857 unte
717 836 731 856 s
757 832 917 868 sequente
943 827 1010 859 alia
1043 832 1243 859 consonante
1270 827 1384 859 abiici-

109 885 175 921 tur,
209 877 247 912 C.
276 880 382 920 47,1.

20 938 44 969 Ι)
70 937 184 969 littera
201 937 332 969 abiecta
356 936 388 968 in
417 937 511 968 initio
537 946 652 969 vocum
679 939 767 977 myis,
792 937 893 970 Ianus.
929 940 1049 972 bellum.
1084 940 1203 980 Iupiter.
1232 938 1255 970 l.
1285 939 1339 970 89.
1359 939 1389 970 s».

19 994 235 1034 Damasippus,
262 990 302 1025 C.
331 991 385 1031 51,
409 992 462 1024 32.

20 1050 98 1082 Dare
123 1054 157 1081 et
181 1051 288 1080 dedere
313 1048 470 1090 quomodo
496 1048 663 1088 differant,
698 1047 738 1082 C.
764 1050 820 1088 45,
840 1051 872 1082 4.
923 1051 946 1082 Ι.
978 1051 1032 1085 32,
1053 1052 1083 1083 5.
1129 1050 1189 1089 75,
1209 1052 1238 1082 ἴ).

19 1106 98 1137 Dure
122 1115 194 1137 eum
218 1105 392 1147 participio
414 1104 552 1146 perfecti
576 1114 665 1147 paSS.
693 1106 898 1138 coniunctum
924 1106 1016 1138 valet
1049 1107 1088 1138 ad
1116 1106 1390 1138 circumscriben-

65 1162 140 1193 ‹lmn
165 1161 302 1194 verbum
327 1161 483 1200 activum,
505 1160 528 1193 Ι.
559 1161 612 1200 59,
632 1160 663 1193 3.

20 1218 141 1249 Dativus
168 1217 368 1260 pronominis
394 1218 493 1248 nullus
517 1218 550 1249 in
578 1228 594 1248 o
619 1218 827 1257 terminatus,
863 1218 887 1250 Ῐ.
917 1217 972 1257 97,
999 1219 1030 1251 3.

19 1274 154 1306 vacivus<
184 1277 322 1315 quartae
362 1273 482 1305 deelin.
520 1274 552 1305 in
591 1285 655 1305 —u
688 1274 863 1313 desinens,
905 1274 930 1307 Ι.
966 1274 1005 1311 6,
1034 1274 1062 1306 l.
1114 1273 1168 1310 32,
1193 1274 1225 1308 2.
1277 1274 1330 1309 39,
1359 1274 1389 1305 2.

108 1329 164 1369 43,
181 1329 214 1363 2.
265 1329 319 1368 94,
342 1329 374 1360 2.

5 1386 140 1418 stativas
166 1387 301 1428 quintae
327 1385 448 1419 declin.
478 1387 510 1418 in
535 1397 596 1417 —e
620 1386 787 1422 desinens,
815 1386 839 1418 Ι.
860 1386 914 1426 74,
942 1387 972 1419 1.

15 1443 138 1475 Dalivus
161 1452 226 1485 qua
249 1442 325 1483 lege
349 1452 420 1474 eum
443 1442 589 1474 ablativo
613 1443 802 1475 commutari
827 1444 941 1485 possit,
967 1441 1006 1476 C.
1034 1444 1067 1482 2,
1086 1442 1118 1475 9.
1304 1467 1319 1492 5

18 1500 139 1532 Dalivus
163 1509 220 1543 pro
246 1499 394 1539 genitivo
422 1499 548 1541 positus
573 1509 635 1530 non
661 1508 703 1530 ex
726 1498 957 1539 substantivo,
990 1499 1048 1531 sed
1074 1509 1115 1531 ex
1149 1501 1235 1530 verbu
1260 1498 1390 1541 pendet.

110 1552 150 1589 C.
188 1554 292 1594 19,1.
341 1554 397 1593 32,
417 1554 448 1586 1.
497 1553 551 1592 39,
571 1554 602 1586 3.
652 1553 707 1593 40,
726 1554 756 1586 3.
806 1554 830 1587 1.
862 1555 894 1594 7,
913 1556 943 1587 4.
995 1555 1048 1594 14,
1070 1555 1124 1589 24.
1176 1555 1230 1592 35,
1257 1555 1286 1586 4.
1338 1554 1392 1588 55,

107 1611 140 1644 8.
190 1609 294 1649 59,1.
344 1609 452 1649 83,1.
501 1609 607 1648 81,1.
657 1610 762 1642 85.1.

18 1669 137 1700 Datirus
163 1667 310 1707 genitivo
335 1666 470 1706 gravior
494 1670 546 1698 est
569 1671 723 1708 respectu
747 1667 940 1707 praedicati,
975 1666 998 1698 I.
1027 1668 1080 1702 54,
1101 1667 1131 1698 7,

17 1725 139 1756 Βαιὶυιιε
164 1723 309 1766 pendens
335 1731 377 1754 ex
401 1722 588 1764 pronomine
613 1723 704 1761 idem,
735 1719 774 1754 C.
802 1722 857 1761 20,
878 1723 908 1755 3.

17 1781 139 1813 Dativus
166 1784 208 1811 ex
232 1778 441 1810 substantivo
465 1778 594 1810 verbali
620 1779 777 1821 pendenS,
809 1775 847 1811 C.
876 1779 930 1811 32.
951 1779 979 1811 1.
1030 1779 1053 1811 1.
1083 1779 1136 1812 35.
1156 1780 1187 1811 4.

17 1837 139 1868 Daaeivus
163 1835 238 1867 finis
265 1844 303 1866 ac
329 1834 461 1865 consilii
487 1844 529 1865 ex
553 1844 617 1865 esse
642 1835 799 1876 pendens,
834 1831 873 1868 C.
902 1835 956 1872 46,
976 1834 1007 1866 2.

18 1893 139 1924 nativus
164 1891 197 1923 in
217 1890 358 1922 formula
383 1900 489 1920 nomen
510 1895 552 1920 ese
577 1891 678 1928 «sicui,
701 1889 725 1921 1.
754 1891 785 1928 5,
804 1891 836 1922 4,

18 1949 139 1980 Datin-us
165 1946 286 1978 obiecti
311 1955 409 1987 saepe
435 1945 588 1983 omissus,
625 1942 665 1977 C.
694 1945 748 1983 51,
765 1945 820 1977 28.
870 1945 894 1977 1.
923 1946 954 1983 1,
974 1946 1004 1977 3.
1043 1945 1096 1982 10,
1115 1945 1145 1976 3.
1198 1945 1250 1982 12,
1269 1946 1300 1977 4.
1339 1945 1390 1977 14.

111 2002 163 2035 19.
214 2001 269 2038 43,
287 2000 318 2033 3.
368 1999 423 2039 47,
442 2000 473 2033 2.
524 2000 577 2039 50,
596 2002 628 2032 4.
678 2000 783 2039 82,1.
833 2000 889 2039 85,
909 2003 938 2033 5.

18 2060 139 2093 nativus
165 2069 202 2090 ez
222 2058 344 2099 passivo
373 2057 518 2098 pendens
544 2056 705 2088 interdum
738 2056 823 2088 male
848 2066 905 2099 pro
936 2057 1083 2089 ablativo
1110 2066 1268 2098 personae
1295 2057 1388 2088 hubi-

110 2120 177 2154 ωε,
208 2113 234 2146 Ι,
261 2112 316 2152 21,
340 2113 371 2146 3.

19 2173 140 2205 vacivus
164 2181 200 2202 ex
223 2171 345 2210 passivo
369 2169 514 2212 pendens
549 2169 677 2211 propria
713 2169 765 2207 vi,
801 2179 906 2210 neque
940 2178 1017 2201 vero
1051 2179 1106 2210 pro
1140 2169 1272 2200 ablativo
1306 2173 1338 2200 et
1373 2180 1390 2199 a

111 2225 352 2269 praepositione
377 2225 520 2268 ponitur,
546 2224 570 2257 1.
598 2224 652 2262 46,
672 2224 703 2257 3.
755 2224 830 2264 107,
852 2225 882 2257 1.

20 2283 140 2315 Dativus
170 2292 231 2314 non
258 2291 329 2313 eum
355 2281 502 2314 ablativo
528 2280 789 2317 confundendus,
822 2279 846 2312 1.
875 2279 928 2319 70,
947 2280 978 2312 3.
1028 2279 1083 2319 91,
1103 2279 1133 2311 7.
1183 2281 1237 2318 94,
1255 2281 1285 2313 2.

21 2338 141 2370 Dalivus
167 2348 327 2381 personae
353 2337 437 2369 male
463 2337 495 2368 in
522 2337 704 2377 genitivum
730 2340 915 2379 corruptus,
941 2336 964 2367 l.
993 2335 1047 2373 79,
1066 2335 1096 2367 8.

20 2395 140 2426 nativus
166 2403 325 2437 personae
352 2393 508 2434 quomodo
537 2403 579 2425 ex
602 2392 703 2424 verbo
728 2393 830 2424 iubere
853 2392 1005 2434 pendeat,
1032 2392 1054 2423 l.
1082 2391 1137 2429 84,
1160 2391 1187 2423 1.

21 2450 142 2483 vacivus
167 2450 310 2486 ethicus,
344 2445 384 2481 C.
414 2449 468 2487 52,
490 2448 541 2481 11.

0 2531 5 2550 3
21 2506 117 2550 yativi
141 2505 226 2538 ratio
252 2505 283 2536 in
312 2504 459 2537 formulis
485 2510 526 2536 est
553 2506 622 2535 mihi
648 2505 763 2544 aliquid
788 2509 819 2535 et
846 2509 887 2536 cxl
913 2505 983 2535 milei
1009 2502 1124 2543 ulzqmd
1150 2506 1315 2534 νιιΙνηιι.
1364 2504 1375 2535 1

112 2561 167 2600 84,
187 2559 218 2593 3.
428 2601 434 2605 .

23 2617 119 2649 Datim*
142 2617 282 2659 duplicis
308 2627 348 2648 ex
374 2627 437 2648 esse
462 2618 633 2659 pendentis
660 2616 756 2649 ratio.
789 2617 808 2648 Ι.
838 2615 892 2650 97.
914 2618 943 2649 3.
998 2615 1071 2649 103.
1091 2615 1121 2646 7.
