1630 3034
331 180 695 225 IUGU'RTHA.
755 179 881 224 CAP.
911 178 1138 222 LXXXV.
1350 183 1434 223 459

60 297 206 353 dona;
261 305 496 359 praeterea
538 297 762 343 cicatrices
809 296 1000 342 advorso
1051 311 1255 357 corpore.
1334 295 1436 340 Hae
1449 299 1503 340 30

58 400 159 438 sunt
195 411 323 439 meae
353 395 597 456 imagines,
640 395 754 438 haec
788 393 1021 450 nobilitas,
1066 408 1157 437 non
1190 391 1438 437 hereditate

57 491 227 548 relicta,
256 499 304 537 ut
337 493 413 537 illa
443 492 542 549 illis,
575 492 656 536 sed
691 506 807 550 quae
842 496 1025 551 egomet
1055 489 1271 550 plurumis
1304 489 1437 533 labo-

57 587 178 632 ribus
213 597 259 633 et
291 590 500 650 periculis
536 589 745 648 quaesivi.
802 588 907 632 Non
936 593 1038 632 sunt
1064 587 1312 655 composita
1340 591 1501 630 mea31

58 685 219 740 verba3
249 702 410 747 parum
448 686 495 731 id
529 686 671 739 faci03
700 686 800 745 ipsa
835 699 883 728 se
918 684 1052 727 virtus
1087 683 1189 728 satis
1225 683 1439 735 ostendit3

59 832 115 866 ed.
147 833 284 879 Gryph.
311 833 431 868 intulit
453 844 550 875 mea,
581 832 700 866 invitis
731 831 831 866 codd.
853 849 900 856 —
932 831 1002 865 Pro
1027 841 1093 875 ego
1117 830 1243 872 meis,
1269 833 1307 864 nt
1330 829 1440 875 vulgo

58 893 190 936 editur,
224 906 291 929 non
323 893 560 928 dubitavimus
593 893 700 937 primi
732 897 868 938 egomet
899 890 935 925 in
967 896 1099 925 textum
1130 890 1295 934 recipere.
1349 890 1440 924 Nam

59 952 110 986 ita
136 959 256 998 aperte
286 955 396 989 habet
427 955 509 990 Vat.
533 955 594 996 A„
627 953 686 987 cni
719 952 915 996 scripturae
946 952 1051 986 fidem
1090 951 1223 986 faciunt
1255 951 1371 984 Guelf.
1404 951 1438 985 9.

60 1025 150 1059 quoe
181 1021 362 1061 egomet
395 1017 481 1049 mei
509 1016 689 1060 plurimis,
727 1018 762 1048 et
792 1013 877 1046 Ven.
907 1013 942 1046 1.
982 1025 1015 1058 q.
1050 1017 1203 1058 egomet
1242 1013 1353 1046 meis
1379 1013 1445 1056 pL,

58 1075 151 1108 nude
180 1079 301 1110 natum
330 1080 382 1111 est
414 1077 600 1121 vulgatum
631 1089 663 1121 q.
688 1087 754 1121 ego
779 1075 887 1108 meis
915 1075 964 1118 pl.
1012 1073 1080 1107 Sed
1104 1074 1189 1107 meis
1212 1073 1341 1107 falsum
1368 1084 1442 1108 esse

60 1133 136 1178 ipsa
166 1136 335 1171 sententia
365 1137 538 1179 declarat,
570 1148 677 1181 quum
701 1135 837 1169 Marius
861 1145 928 1168 non
952 1146 1016 1168 sua
1048 1134 1204 1179 pericula
1235 1134 1359 1168 alienis
1381 1145 1443 1177 op-

61 1200 186 1239 ponat,
219 1198 279 1231 sed
309 1199 380 1232 hoc
414 1199 526 1240 dicat,
563 1209 654 1242 quae
684 1197 762 1231 aliis
795 1195 990 1230 hereditate
1014 1195 1239 1238 obvenerint,
1265 1206 1306 1229 ea
1328 1194 1444 1239 ipsum

56 1258 220 1301 periculis
243 1270 464 1303 comparasse
499 1259 588 1303 sibi,
621 1269 734 1301 neque
768 1257 849 1290 aliis
879 1257 1007 1291 debere
1029 1269 1067 1290 se
1090 1256 1309 1290 nobilitatem
1331 1267 1444 1297 enam,

61 1318 120 1351 sed
144 1320 256 1364 ipsum
285 1332 360 1355 esse
394 1321 468 1354 eins
493 1326 691 1359 auctorem,·
723 1329 755 1351 V.
790 1318 936 1362 Grysar.
960 1318 1033 1351 Art.
1059 1317 1181 1351 Latine
1210 1316 1384 1351 scribendi
1410 1329 1444 1360 p.

59 1377 116 1412 29-
141 1384 215 1414 not.
241 1381 274 1414 1.
321 1381 387 1415 Cui
419 1381 609 1415 sententiae
642 1384 680 1414 nt
713 1378 944 1412 necessarium
977 1382 1028 1412 est
1062 1383 1237 1423 egomet,
1274 1377 1324 1411 ita
1359 1378 1444 1410 meis

61 1442 113 1472 est
134 1439 288 1474 alienum
305 1467 315 1483 ‚
349 1442 441 1485 qnod
474 1453 516 1475 ex
540 1442 729 1485 depravata
752 1444 822 1474 met
845 1440 985 1484 syllaba
1015 1442 1132 1473 ortum
1155 1449 1230 1471 esse
1252 1437 1446 1471 clarissime

61 1501 208 1534 ostendit
229 1502 403 1546 scriptura
427 1503 542 1536 Gnelt‘.
566 1503 600 1537 9.
647 1502 833 1536 Praeterea
856 1499 1010 1544 spuriam
1034 1499 1109 1533 eius
1130 1498 1304 1543 originem
1327 1498 1447 1543 arguit

63 1560 169 1594 etiam
202 1561 291 1602 hoc,
332 1563 425 1605 qnod
465 1562 500 1596 in
532 1563 652 1597 multis
675 1563 776 1596 codd.
813 1565 889 1606 post
918 1561 1088 1605 plurumis
1121 1559 1271 1604 legitur,
1295 1559 1331 1592 in
1365 1559 1446 1592 aliis

61 1621 165 1664 plane
187 1622 303 1664 deoet,
331 1626 370 1657 nt
392 1622 468 1657 fieri
490 1624 578 1658 solet
602 1623 637 1657 in
660 1623 805 1658 vocibus
836 1634 877 1656 ex
901 1620 1172 1666 interpolatione
1195 1620 1311 1654 versui
1332 1631 1448 1664 super-

59 1681 209 1725 scriptis.

155 1744 188 1786 5.
211 1742 270 1778 31.
316 1755 395 1778 nea
420 1744 549 1788 verba]
573 1745 688 1790 Vulgo
710 1743 825 1778 editur
843 1744 950 1777 verba
973 1754 1074 1783 mem
1096 1741 1155 1775 sed
1179 1740 1330 1775 alterum
1355 1739 1450 1773 ordi-

65 1815 143 1838 nem
167 1808 345 1848 praestant
366 1806 448 1839 Bas.
473 1805 506 1839 1.
531 1805 644 1841 Paris.
665 1818 698 1840 x.
732 1806 812 1840 Vin.
836 1804 870 1839 1.
897 1803 1037 1837 Fabric.
1062 1802 1109 1842 2.,
1133 1813 1239 1845 quem
1262 1801 1449 1835 confirma-

64 1869 139 1900 tum
162 1866 266 1901 Nonii
289 1868 347 1908 lv,
371 1866 429 1901 62.
454 1866 662 1900 anctoritate
688 1866 957 1910 praeferendum
990 1863 1172 1903 duximus,
1205 1873 1313 1905 quum
1337 1861 1451 1894 maior

64 1927 118 1960 vis
140 1927 328 1961 sententiae
350 1927 396 1962 sit
423 1927 593 1961 vocabulo
619 1927 722 1959 verba
743 1926 778 1959 in
804 1924 962 1958 clausula
988 1922 1113 1967 posito.
1138 1939 1184 1946 —-·
1210 1921 1336 1954 Parum
1359 1920 1450 1953 Ger-

66 1987 203 2021 lachins
235 1988 324 2021 falso
359 1987 442 2021 dicit
466 1986 538 2019 vim
563 1986 719 2020 obtinere
741 1985 836 2019 vocis
856 1984 982 2029 parvi,
1013 1981 1105 2026 quod
1129 1980 1316 2014 mirificum
1343 1991 1449 2024 prae·

66 2052 204 2092 ceptum
233 2047 464 2090 „adverbium
497 2045 577 2089 poni
603 2057 667 2089 pro
697 2046 851 2090 genitivo
874 2043 1070 2078 adieetivi⁶⁴
1102 2042 1142 2076 V.
1175 2042 1218 2075 D.
1243 2040 1452 2074 stabilivisse

67 2108 136 2142 sibi
159 2108 255 2142 visus
279 2112 330 2141 est
350 2105 572 2141 alienissimis
595 2104 785 2149 exemplis,
818 2105 935 2138 Plant.
959 2104 1055 2137 Pers.
1077 2102 1130 2142 11,
1155 2101 1190 2143 2,
1214 2100 1272 2135 42.
1321 2101 1452 2135 Nihil

60 2169 160 2212 facio
183 2169 288 2210 scire,
314 2173 348 2202 et
373 2168 484 2202 Stich.
509 2168 536 2209 1,
560 2167 595 2208 1,
617 2165 673 2199 42.
722 2167 754 2199 A
763 2166 800 2198 12·
807 2169 878 2199 ter
900 2176 961 2198 nos
985 2164 1152 2206 faciunt,
1177 2173 1281 2206 quam
1303 2172 1450 2206 aequum

69 2231 155 2266 est!
184 2230 261 2264 Non
293 2229 418 2263 melius
441 2227 578 2262 Cottius
605 2229 718 2260 censet
738 2237 863 2270 parum
886 2225 979 2259 idem
1013 2235 1089 2257 esee
1111 2228 1215 2267 atque
1237 2224 1371 2266 minue,
1395 2223 1451 2256 vel

69 2303 159 2332 non,
193 2302 283 2335 qnae
314 2287 560 2332 explicationes
595 2297 703 2329 quum
734 2286 826 2320 inter
860 2296 897 2319 ee
936 2285 1151 2328 discrepant,
1187 2288 1261 2317 tnm
1283 2293 1305 2317 a
1327 2288 1453 2317 natura

69 2347 165 2382 vocis
193 2349 333 2383 abeunt.
380 2347 532 2383 Omnino
563 2352 679 2381 errant
709 2352 849 2389 autem,
881 2345 941 2390 qni
968 2345 1068 2388 facio
1098 2343 1366 2387 interpretantur
1389 2355 1451 2378 ae-

70 2410 170 2443 stimo
207 2409 264 2442 vel
297 2421 400 2449 cuv-o,-
436 2420 516 2443 nam
549 2407 806 2452 simplicissima
836 2407 1024 2441 verborum
1057 2405 1226 2439 sententia
1259 2405 1348 2439 haee
1379 2408 1450 2439 est:

73 2469 290 2514 exiguam
326 2481 476 2503 euram
510 2470 543 2502 en·
576 2469 628 2502 rei
660 2468 838 2512 impendo,
875 2479 922 2502 ec.
947 2471 985 2501 ut
1018 2476 1097 2500 men
1129 2466 1238 2500 verba
1260 2465 1454 2510 composita

71 2529 149 2564 sint.
201 2530 326 2563 Parum
350 2530 464 2571 enim,
490 2530 532 2563 de
556 2529 655 2563 enine
678 2529 775 2562 vocis
797 2528 931 2563 ratione
956 2527 1046 2571 qnod
1070 2527 1113 2560 ad
1135 2531 1345 2561 structuram
1370 2525 1453 2560 atti-

73 2594 150 2632 net,
181 2590 330 2624 diximus
361 2591 405 2624 ad
439 2602 470 2623 c.
494 2590 622 2629 xxm,
646 2589 693 2630 9.,
728 2601 796 2623 non
828 2600 967 2632 semper
998 2587 1212 2622 contrarium
1248 2586 1316 2621 sibi
1347 2587 1454 2620 habet

74 2651 283 2686 vocabulum
314 2651 458 2684 nimium
489 2649 805 2693 (quemadmodum
837 2648 926 2682 alios
957 2652 1094 2682 secutus
1134 2647 1303 2692 praecipit
1335 2645 1453 2690 Raph-

76 2711 243 2745 Knehner
264 2712 308 2746 ad
332 2712 402 2747 Cic.
430 2711 536 2745 Tusc.
569 2711 635 2753 lv,
658 2710 724 2751 17,
749 2709 846 2754 39),
880 2720 969 2754 qnae
992 2708 1046 2743 vis
1068 2719 1176 2743 aurea
1198 2712 1311 2743 aetate
1334 2706 1454 2746 valuit,

77 2770 137 2804 sed
170 2771 339 2816 primaria
370 2774 539 2816 potestate
573 2771 758 2815 opponitur
782 2770 862 2805 voci
885 2771 1031 2806 multum
1047 2795 1058 2813 ,
1089 2769 1125 2804 id
1148 2769 1240 2813 qnod
1263 2768 1350 2804 scite
1379 2777 1456 2802 mo-
