1630 3034
169 190 253 230 546
541 182 586 225 C.
618 179 945 224 SALLUSTI
985 177 1205 224 CRISPI
1237 209 1239 212 .

137 306 250 349 4aut
286 299 502 361 cupidum
531 300 656 361 pacis
693 287 1000 343 vehementius
1038 295 1348 343 accenderent.
1408 297 1565 356 Itaque

172 398 312 453 Sulla,
351 397 473 442 cuius
509 397 775 456 facundiae,
811 411 902 443 non
936 396 1069 441 aetati
1105 412 1131 440 a
1167 395 1340 440 Manlio
1378 409 1566 439 conces—

172 511 286 552 sum,
317 510 465 556 pauca
501 496 642 540 verba
680 494 991 539 huiuscemodi
1026 495 1223 538 locutus:

135 600 160 640 5
310 593 412 636 Rex
446 592 656 650 Bocche,
709 607 876 653 magna
918 592 1045 636 nobis
1085 591 1252 635 laetitia
1295 597 1385 645 est,
1429 603 1570 648 quum

174 777 337 818 pserunt,
363 766 657 823 quemadmodum
686 774 898 819 conspicitur
929 774 965 808 in
988 774 1157 815 Goerlit.‚
1183 772 1274 816 quod
1298 774 1419 816 postea
1440 770 1477 805 in
1498 774 1574 805 tex-

177 840 252 870 tum
277 835 419 869 illatum
443 835 480 869 in
504 826 622 870 Berol.
646 835 681 869 1.
705 835 738 870 2.
763 840 798 871 et
822 837 876 871 ed.
903 836 1022 870 Venet.
1049 846 1082 869 a.
1107 834 1210 868 147⁰.
1236 838 1316 867 ante
1341 843 1513 873 avorsum,
1538 831 1573 864 in

175 896 275 931 codd.
315 896 415 931 Rivii
449 900 528 940 post·
561 907 721 929 avorsum
754 896 870 930 locum
902 895 1048 940 accepit.
1095 894 1168 929 Alii
1199 895 1373 929 derectum
1406 892 1574 929 orationis

176 969 244 991 non
267 963 329 1000 ut,
364 958 424 991 sed
448 969 512 1002 quo
547 958 673 991 vocula
699 960 896 998 sarserunt,
931 957 1027 991 velut
1051 956 1087 990 in
1111 957 1217 990 Misn.
1243 956 1338 990 Leid.
1365 956 1409 990 K.
1434 955 1510 988 Eri.
1539 957 1575 987 et

176 1018 275 1053 Flor.
300 1018 381 1060 19.;
405 1018 469 1053 alii
492 1019 646 1052 barbara
671 1018 796 1053 aetatis
820 1030 904 1053 suae
926 1018 1099 1053 latinitate
1126 1017 1337 1060 scripserunt
1360 1017 1474 1062 quod
1497 1017 1574 1061 ing.

177 1083 243 1114 etc.
272 1081 370 1114 velut
392 1079 429 1114 in
453 1080 538 1114 Ven.
563 1080 589 1114 l.
614 1079 760 1113 Taurin.
794 1079 922 1113 Eichh.
946 1079 1030 1113 For.
1054 1079 1131 1122 24.;
1167 1079 1316 1123 denique
1339 1078 1375 1112 in
1398 1077 1495 1113 Leid.
1522 1077 1574 1110 M.

176 1143 228 1174 est
252 1142 329 1186 qui
352 1142 426 1186 ing.
456 1145 524 1177 etc.
576 1142 628 1175 Ex
652 1141 779 1186 quibus
803 1141 964 1174 omnibus
991 1144 1106 1185 patet,
1131 1141 1274 1185 opinor,
1300 1138 1411 1175 curtii
1435 1142 1470 1173 et
1492 1137 1575 1172 reli-

175 1213 322 1236 cuorum
358 1202 531 1237 editorum
563 1202 774 1247 scripturam
802 1213 912 1246 aeque
936 1202 1064 1236 salsam
1089 1213 1186 1247 esse,
1221 1205 1326 1246 atque
1349 1205 1482 1235 ceteras
1506 1199 1577 1233 dis-

175 1263 384 1308 crepantias·
417 1284 462 1288 —
486 1265 557 1298 Pro
576 1275 742 1298 *avorsum
767 1264 870 1307 pauci
893 1263 994 1298 codd.
1019 1267 1137 1298 tenent
1156 1264 1354 1306 advorsum,
1380 1261 1479 1297 facili
1499 1261 1578 1305 qui-

180 1325 259 1359 dem
283 1329 319 1359 et
344 1325 518 1370 frequenti
541 1326 641 1369 lapsu
667 1325 720 1370 (v.
749 1327 793 1360 ad
816 1327 940 1368 XCIII,
960 1326 1026 1370 1.),
1051 1326 1110 1359 sed
1134 1337 1236 1359 sensu
1259 1336 1328 1358 non
1352 1334 1462 1368 acque
1484 1323 1578 1357 bono

177 1390 319 1430 propter
335 1388 517 1431 flectitur,-
550 1397 631 1421 nam
657 1386 738 1421 licet
763 1391 950 1432 utrumque
973 1388 1017 1422 de
1039 1398 1078 1421 re
1102 1387 1246 1420 inimica
1273 1386 1429 1429 dicatur,
1460 1388 1579 1419 tamen

178 1449 330 1482 adversa
352 1448 486 1493 impetu
510 1452 631 1482 contra
656 1448 750 1482 facto
776 1453 998 1493 superantur,
1026 1460 1152 1482 aversa
1178 1459 1260 1482 vero
1282 1450 1357 1482 arte
1378 1449 1412 1481 et
1432 1445 1580 1480 lenitate

179 1508 472 1555 circumaguntur
499 1515 533 1545 et
557 1510 657 1555 quasi
680 1510 717 1544 in
740 1514 875 1545 rectam
899 1511 997 1545 viam
1021 1510 1245 1552 reducuntur,
1273 1518 1486 1553 quamquam
1511 1517 1579 1540 non

178 1570 309 1614 ubique
343 1572 389 1605 ad
423 1572 516 1605 hanc
549 1572 728 1607 notionem
759 1571 960 1616 respicitur.
1007 1572 1199 1616 Perperam
1222 1575 1340 1614 autem
1364 1568 1522 1614 Laugius
1547 1569 1581 1601 et

178 1631 389 1665 lamnannus
424 1642 583 1666 avorsum
614 1632 792 1677 explicant
816 1644 840 1666 a
860 1645 970 1678 pace,
1002 1632 1027 1668 i.
1058 1645 1087 1667 e.
1111 1633 1194 1678 paci
1216 1631 1441 1667 contrarium.
1488 1630 1581 1666 Nam

179 1703 292 1729 avors.
318 1693 393 1738 ing.
419 1692 454 1726 in
479 1693 680 1727 universum
704 1698 756 1727 est
781 1694 969 1736 inimicum,
993 1695 1200 1736 alienatum,
1225 1694 1412 1737 infestum3
1434 1691 1482 1726 cf.
1506 1691 1581 1726 Cic.

179 1753 266 1797 Epp.
299 1753 343 1787 ad
377 1753 484 1787 Attio.
518 1754 578 1796 XI,
612 1753 648 1796 5,
679 1758 765 1789 extr.
817 1755 965 1797 Quintus
998 1756 1300 1789 aversissima
1336 1766 1360 1788 a
1382 1765 1438 1788 me
1462 1753 1581 1787 altimo

172 1815 261 1857 suit.
298 1814 374 1848 Liv.
410 1814 535 1857 XXIV,
566 1814 625 1858 26,
660 1815 716 1850 10.
774 1817 969 1851 Aversis
1001 1817 1144 1850 auribus
1184 1815 1377 1859 animisque
1412 1815 1581 1859 quosdam

180 1875 355 1910 cernebat.
393 1875 509 1910 Tacit.
544 1876 635 1912 Ann.
668 1876 761 1919 xlv,
794 1877 854 1919 26,
884 1878 918 1912 1.
970 1877 1063 1920 Quos
1087 1887 1276 1910 auersos
1301 1876 1427 1910 animis
1449 1887 1581 1920 cogno-

181 1941 295 1972 verat.
320 1947 352 1969 v.
379 1937 643 1972 Drakenborch.
669 1938 712 1972 ad
740 1937 815 1972 Liv.
843 1939 887 1980 11,
911 1938 970 1980 31,
995 1938 1029 1973 6.
1055 1942 1088 1973 et
1113 1938 1157 1972 nd
1183 1938 1258 1979 vn,
1281 1937 1316 1980 3,
1339 1938 1374 1972 2.
1416 1937 1582 1972 Ceterum

180 2003 243 2032 aut
278 1998 498 2043 geminatum
531 1998 576 2033 ad
608 1990 824 2043 praedicati,
858 2011 927 2034 non
958 2001 1003 2035 ad
1037 1999 1293 2034 adiectivorum
1326 1998 1582 2044 oppositionem

181 2062 334 2102 spectat3
369 2071 531 2094 avorsum
556 2060 649 2094 enim
675 2065 709 2095 et
732 2062 894 2105 cupidum
919 2062 1093 2097 vocabula
1116 2061 1188 2094 vim
1214 2061 1344 2096 habent
1367 2061 1583 2095 enunciatio-

182 2130 266 2152 num
297 2119 613 2163 condicionalium,
648 2122 716 2156 hoc
753 2134 872 2157 sensu:
908 2122 961 2158 uti
997 2122 1069 2168 ing.
1103 2126 1186 2163 aut,
1223 2122 1253 2155 si
1285 2134 1446 2158 avorsum
1481 2128 1582 2166 esset,

181 2180 379 2222 necterent,
405 2185 486 2224 aut,
510 2184 540 2216 si
564 2183 725 2227 cupidum
748 2195 785 2228 p.
811 2189 918 2228 esset,
944 2184 1024 2217 veli.
1049 2183 1295 2224 accenderent3
1321 2184 1366 2218 cf.
1391 2195 1420 2218 c.
1444 2184 1581 2224 xcvu,

182 2241 215 2274 3.
242 2260 286 2265 —
324 2242 507 2277 Facundia
540 2244 623 2287 quid
657 2243 700 2278 sit
733 2243 908 2290 intelliges
934 2256 975 2278 ex
1001 2245 1175 2279 annotatis
1199 2245 1243 2278 ud
1269 2255 1299 2277 c.
1325 2244 1501 2288 Lxxxv,
1524 2244 1582 2279 26.

182 2302 318 2336 Sullam
343 2306 468 2337 auctor
491 2304 561 2339 inin
586 2317 691 2349 snpra
715 2318 746 2340 c.
771 2306 871 2348 XCV,
900 2306 935 2341 3.
962 2306 1049 2340 dixit
1066 2305 1276 2350 facundum.
1312 2325 1357 2332 ——
1390 2307 1443 2340 De
1465 2317 1583 2340 conce-

185 2365 268 2398 dere
296 2365 404 2399 verbo
430 2376 463 2399 v.
489 2366 531 2399 nd
559 2377 588 2402 c.
616 2367 675 2407 M,
700 2366 733 2399 4.
762 2379 793 2409 p.
818 2366 874 2400 58.

280 2427 313 2468 ἓ.
337 2425 372 2460 5.
422 2425 497 2459 Rex
524 2427 668 2471 Bocche]
720 2427 924 2461 Orationem
948 2427 1040 2472 apud
1066 2427 1223 2471 aliquem
1247 2427 1409 2462 habitam
1432 2437 1455 2462 a
1480 2437 1584 2461 voca·

186 2485 279 2527 tivo,
314 2498 384 2530 quo
411 2487 440 2521 is
463 2489 681 2531 appelletur,
708 2488 882 2533 incipere,
916 2500 983 2522 non
1008 2489 1112 2533 plane
1136 2493 1187 2523 cst
1211 2500 1253 2523 cx
1277 2500 1340 2523 usu
1366 2488 1583 2528 Latinorum,

188 2550 227 2580 ut
252 2547 366 2581 Faber
391 2551 484 2581 recte
507 2548 719 2588 observmit,
744 2549 824 2582 coll.
850 2549 926 2593 lug.
953 2549 1054 2592 XIV,
1082 2550 1113 2584 1.
1163 2550 1233 2584 Sed
1259 2550 1350 2584 idem
1376 2550 1462 2583 bene
1485 2548 1583 2591 vidit,

187 2619 253 2641 non
276 2609 352 2641 sinc
378 2609 511 2643 maiore
535 2609 655 2652 aliqua
688 2609 871 2654 dignitatis
895 2615 929 2643 et
964 2611 1106 2645 honoris
1130 2610 1388 2656 significatione
1416 2610 1512 2651 fleri,
1546 2614 1585 2644 ut

188 2681 314 2702 nomen
339 2670 435 2713 eius,
470 2682 572 2714 quem
601 2670 679 2714 quis
704 2671 909 2715 alloquitur,
945 2671 1008 2705 toti
1036 2672 1184 2706 orationi
1211 2671 1465 2716 praemittatur.
1514 2670 1582 2705 Ne-

188 2742 256 2773 que·
278 2731 386 2764 ulium
411 2731 455 2764 ol)
481 2743 638 2765 «altmanni
664 2731 722 2765 hic
756 2745 815 2766 rex
845 2733 1054 2767 vocabulum
1094 2739 1174 2767 unte
1207 2733 1323 2776 ipsum
1358 2743 1483 2766 nomen
1518 2732 1582 2766 viri

187 2793 396 2826 collocatum
422 2799 491 2832 (της
529 2804 559 2826 v.
586 2793 630 2826 ad
656 2805 684 2826 r.
713 2793 806 2827 XIX.
832 2792 865 2826 7.
892 2805 923 2836 p.
952 2791 1029 2827 125.
1056 2813 1098 2818 —
1137 2795 1198 2828 Est
1232 2799 1310 2837 poet
1343 2794 1482 2828 laetitia
1515 2805 1581 2827 non
