1630 3034
398 104 568 144 RERUM
597 104 660 145 AC
690 104 965 145 VERBORUM
1314 103 1369 144 75

0 215 76 247 Sella
94 216 187 248 iuxta
204 216 432 258 imperatorem
449 217 568 259 posita,
584 215 764 248 honorifica
783 215 860 255 fuit,
886 215 911 248 Ι.
931 215 985 256 65,
1002 216 1035 250 2.

0 271 116 312 Semper
133 281 199 303 vox
215 281 279 303 non
297 273 364 304 coit
379 283 438 315 per
453 273 583 315 hyphen
602 281 673 304 cum
690 273 836 315 proximo
853 271 1075 312 substantivo,
1103 271 1128 304 1.
1148 271 1202 311 76,
1221 272 1252 305 3.

0 327 173 368 Sempronia
189 327 250 366 lev,
268 326 293 359 Ι.
314 326 369 367 27,
387 328 418 360 3.

0 382 120 414 Senatus
139 383 320 423 genitivum
337 385 433 415 senati
450 383 551 415 habet
563 384 647 426 apud
664 383 760 423 San„
787 382 822 415 C.
843 382 898 422 30,
915 382 947 415 3.
997 383 1052 422 53,
1070 382 1102 416 1.
1151 383 1175 416 Ι.
1194 383 1249 422 25,
1270 382 1323 415 11.

0 438 120 470 Senatus
138 439 335 471 vocabulum
353 449 452 481 saepe
470 440 621 481 sequitur
637 439 776 482 pluralis
793 439 902 478 verbi,
930 437 956 472 1.
974 438 1031 478 28,
1044 439 1078 473 2.
1127 439 1182 478 95,
1202 439 1232 471 1.

0 494 122 526 Senatus
136 495 326 535 populusque
343 495 426 528 Rom.
457 496 618 527 interdum
636 496 702 528 alio
720 495 894 528 verborum
911 495 1025 527 ordine
1039 495 1173 534 dicitur,
1191 494 1215 528 Ι.
1238 494 1292 533 41,
1310 494 1342 526 2.

0 549 107 582 Senatu
118 560 247 590 movere,
266 561 329 582 non
349 561 495 590 amovere,
516 548 555 583 C.
574 551 631 590 23,
651 550 681 583 1.

0 606 172 638 Senatorum
188 617 327 638 numerus
345 617 363 639 a
382 604 530 639 Caesare
547 612 677 646 auctus,
696 606 720 639 Ι.
741 607 774 646 4,
792 607 823 639 4.

0 662 156 694 Senescere
171 662 193 694 i.
214 673 244 705 q.
261 663 440 703 debilitari,
467 659 506 695 C.
525 662 580 702 20,
598 662 650 696 10.
699 661 724 695 Ι.
745 662 800 701 35,
819 662 851 694 3.

0 717 118 750 Semina
134 719 226 752 vocis
243 720 374 762 propria
391 724 425 751 et
441 719 604 751 translata
621 722 781 762 potestas‘,
810 718 845 750 C.
866 718 920 758 37,
939 720 970 750 5.

0 773 169 806 Sententia:
185 785 222 806 es:
238 777 381 807 sententia
395 775 498 814 aliud,
517 785 613 817 quam
631 785 668 806 ex
686 775 779 805 animi
795 775 853 805 mei
869 775 1025 813 sententia,
1044 774 1068 806 Ι.
1088 774 1143 807 85.
1165 773 1219 807 27.

0 830 87 870 Sequi
103 835 138 862 et
150 832 273 871 assequi
289 832 425 871 aliquam
438 841 502 862 rem
518 830 674 873 quomodo
693 830 835 869 differat,
862 829 898 863 C.
918 830 973 869 54,
992 829 1022 862 6.

0 886 87 926 Sequi
103 887 221 926 aliquid
237 887 259 918 i.
280 896 310 928 q.
335 890 503 930 appetere,
522 883 562 919 C.
583 887 637 926 58,
657 886 711 919 13.

0 942 87 982 Sequi
102 946 172 983 post
189 943 326 982 aliquam
343 953 419 982 rem,
437 942 461 975 Ι.
483 944 537 982 55,
559 942 590 975 3.

0 997 86 1038 Sequi
103 998 175 1030 sine
193 1008 272 1030 casu
289 999 442 1041 positum,
462 995 502 1031 C.
524 998 578 1037 57,
597 998 629 1031 3.
679 997 704 1030 Ι.
721 998 775 1036 55,
793 997 824 1030 3.

0 1054 81 1085 Seria
98 1058 133 1086 εἰ
149 1055 215 1084 ioca
233 1064 332 1096 saepe
350 1055 606 1095 coniunguntur,
631 1053 655 1086 Ι.
677 1052 730 1092 96,
749 1053 778 1086 2.

0 1110 123 1151 Serpens
138 1110 355 1142 masculinum
374 1111 458 1153 apud
477 1110 573 1149 Sall,
599 1109 623 1142 Ι.
643 1109 698 1148 89,
716 1110 747 1142 5.

0 1165 120 1198 Servare
133 1167 314 1209 oppositum
329 1167 496 1207 perdendo,
514 1165 538 1198 Ι.
559 1165 613 1203 31,
634 1164 687 1197 17.

0 1223 120 1255 Servare
133 1223 252 1254 ordines
270 1223 302 1253 in
319 1222 450 1259 militia,
477 1221 500 1253 I.
522 1221 576 1261 51,
595 1221 626 1253 1.

0 1279 156 1310 Servilium
171 1288 229 1321 pro
246 1279 350 1317 seri-ix,
370 1275 409 1310 C.
433 1277 486 1315 14,
508 1276 537 1309 1.

0 1334 152 1367 Servilium
168 1334 281 1367 eodem
299 1344 400 1366 sensu
417 1334 539 1365 dictum
557 1337 655 1374 atque
673 1333 804 1371 servilia,
827 1329 867 1365 C.
889 1333 944 1373 56,
963 1334 993 1365 5.

0 1391 127 1423 Sestertii
146 1394 180 1423 et
193 1391 270 1421 assis
288 1390 364 1422 aliis
383 1389 581 1431 temporibus
599 1388 666 1420 alia
682 1389 779 1426 ratio,
800 1387 836 1421 C.
857 1388 911 1428 33,
933 1389 965 1422 2.

0 1447 28 1478 Si
45 1447 199 1478 omissum
213 1447 246 1478 in
264 1445 553 1478 enunciationibus
571 1444 867 1484 condicionalibus,
886 1444 910 1477 Ι.
931 1444 986 1483 64,
1006 1446 1037 1476 5.

0 1504 27 1534 Si
44 1503 66 1535 i.
87 1513 116 1545 q.
137 1502 279 1539 etiamsi,
305 1501 329 1532 Ι.
350 1501 406 1538 85,
421 1501 476 1533 48.

0 1559 42 1591 Sic
57 1559 92 1592 vi
110 1558 288 1599 colligendi
307 1567 348 1588 ex
364 1556 572 1600 praegressis
589 1557 741 1600 positum,
768 1553 808 1588 C.
830 1555 861 1596 7,
881 1556 914 1589 6.

0 1616 42 1646 Sic
57 1605 115 1646 ubi
133 1614 238 1645 omitti
254 1614 359 1656 possit
374 1612 430 1644 ubi
447 1616 477 1643 ut
494 1613 675 1655 praecedit,
700 1612 724 1644 Ι.
745 1612 778 1651 2,
798 1611 829 1644 3.

0 1671 41 1701 Sic
59 1670 264 1713 pleonastice
284 1669 425 1711 positum
443 1673 520 1700 ante
534 1668 662 1710 plenam
676 1667 953 1707 enunciationem,
979 1666 1004 1699 I.
1025 1666 1079 1706 14,
1099 1667 1150 1700 12.

0 1727 80 1757 Sicca
94 1727 178 1764 urbs,
196 1725 220 1757 Ι.
240 1724 294 1763 56,
314 1724 344 1756 3.

0 1782 109 1814 Sicuti.
128 1791 158 1823 q.
178 1781 285 1823 quasi,
305 1778 344 1813 C.
369 1780 423 1820 31,
443 1782 473 1813 5.

0 1838 76 1870 Sicut
92 1839 113 1871 i.
133 1847 162 1879 q.
181 1847 237 1880 pro
251 1837 393 1876 ratione,
420 1835 444 1868 Ι.
465 1834 520 1875 60,
538 1837 572 1868 4.

0 1895 74 1925 sicut
90 1892 247 1935 quomodo
265 1892 397 1923 differat
412 1901 431 1923 a
447 1892 536 1930 velut,
557 1890 590 1923 C.
613 1890 667 1929 53,
687 1891 718 1922 5.
768 1889 792 1922 Ι.
813 1889 868 1930 60,
886 1891 918 1923 4.

0 1950 85 1990 ἳίῃηα
102 1959 208 1980 canere
226 1957 289 1989 qua
308 1947 552 1979 constructione
571 1947 712 1984 dicatur,
739 1943 779 1977 O.
798 1945 852 1985 59,
874 1946 903 1978 1.

0 2006 86 2046 Siqua
101 2014 222 2046 pugnae
239 2013 323 2045 quae
342 2003 479 2041 suerint,
498 2002 522 2035 Ι.
544 2000 599 2040 97,
618 2002 650 2034 4.

0 2061 85 2103 3i9na
105 2060 234 2102 quando
248 2059 377 2102 proprio
387 2068 499 2097 sensu,
527 2063 561 2090 et
576 2058 631 2090 uhi
651 2057 691 2090 (le
709 2057 869 2090 militibus
890 2057 969 2099 ipsis
990 2057 1204 2098 intelligenda
1225 2058 1304 2095 sint,
1331 2056 1365 2088 C.

91 2115 145 2155 59,
165 2116 197 2149 2.

0 2173 154 2213 signorum
169 2171 289 2209 reliqio,
316 2169 350 2203 C.
372 2169 426 2210 59,
444 2169 474 2202 3.

0 2226 38 2260 kb
56 2228 150 2269 siquis
169 2227 286 2265 abesse,
305 2225 329 2258 Ι.
349 2227 405 2264 44,
427 2227 457 2257 5.

0 2284 85 2324 Siqua
95 2283 191 2324 sequi,
210 2282 234 2314 Ι.
254 2281 309 2321 80,
322 2282 354 2317 2.

0 2339 125 2378 3ilanus,
143 2348 205 2370 non
224 2338 391 2376 Silianam,
417 2333 458 2370 C.
479 2335 533 2375 50,
552 2336 583 2368 4.

0 2395 114 2426 3ilanus
127 2392 185 2437 (M.
204 2391 341 2436 Junius),
358 2393 382 2426 Ι.
402 2393 457 2431 43,
477 2392 508 2425 1.

0 2450 84 2482 were
97 2450 173 2492 quid
191 2449 324 2482 differat
337 2460 356 2481 a
372 2454 482 2486 tacere,
502 2447 526 2480 Ι.
547 2447 602 2486 19,
617 2447 649 2480 2.

0 2506 136 2537 3imulvi
154 2505 342 2547 copulativa
360 2505 512 2547 positum,
533 2504 566 2535 C.
589 2503 641 2539 19,
656 2503 687 2536 2.
739 2502 793 2534 56.
813 2503 845 2534 5.

0 2561 85 2592 3imal
102 2560 258 2602 quomodo
276 2560 408 2592 differat
424 2559 464 2591 ab
482 2569 554 2596 una,
574 2555 613 2590 C.
633 2557 690 2593 20,
711 2557 763 2589 17,

0 2617 86 2649 3imul
100 2626 157 2658 pro
175 2616 264 2647 simul
281 2626 316 2646 ac
335 2614 369 2646 C.
391 2616 444 2646 45.
465 2614 495 2645 3.
