1630 3034
487 165 844 209 IUGURTHA.
911 168 1040 212 CAP.
1071 168 1204 212 XLII.
1462 175 1548 216 245

162 285 392 344 potentiae
427 283 623 337 addidit3
659 299 774 343 quae
808 298 878 328 res
913 285 1178 344 plerumque
1211 300 1398 346 magnas
1435 288 1544 332 civi-

162 381 263 425 tatis
298 370 628 441 pessumdedit,
673 380 780 424 dum
815 381 939 425 alteri
975 382 1135 425 alteros
1170 381 1348 427 vincere
1386 384 1542 442 quovis

160 478 299 520 modo
347 484 392 521 et
436 478 575 521 victos
631 477 831 521 acerbius
885 478 1035 521 ulcisci
1099 478 1263 522 volunt.
1339 479 1434 523 Sed
1482 480 1578 524 ‹le5

162 574 316 626 studiis
359 572 554 634 partium
601 579 645 616 et
688 574 826 617 omnis
864 573 1045 617 ciw‘tatis
1080 573 1277 618 moribus
1313 575 1348 618 si
1384 575 1540 635 singu-

157 698 272 741 ipsum
300 700 457 731 senatum
489 699 606 745 magis
636 698 757 732 timere
790 699 1004 743 coepisse.
1053 697 1209 741 Denique
1232 699 1338 734 etiam
1361 700 1539 744 sequentia

154 747 379 792 hauddubie
409 762 566 802 spectant
589 760 633 792 ad
657 758 845 802 populum,
877 757 1072 801 aegerrime
1094 758 1261 792 ferentem
1284 770 1321 793 se
1345 770 1367 793 a
1390 760 1538 803 potenti-

153 818 218 852 bus
243 830 465 862 oppressum,
490 830 599 862 eoque
622 819 796 852 vindictae
819 817 993 861 cupidum.
1041 819 1222 853 Nobilium
1246 819 1338 852 enim
1361 820 1537 864 superbia,

153 878 302 913 victoria
325 891 388 912 sua
409 892 450 914 ex
474 879 628 913 lubidine
650 879 846 921 utentium,
883 878 1015 912 factum
1042 884 1150 922 erat3‘
1171 884 1209 914 ut
1231 881 1348 923 plebes
1371 891 1536 924 oppressa

152 939 347 973 defensores
362 951 442 972 suos
459 939 567 973 victos
584 940 805 973 acerbissime
821 938 943 972 ulcisci
959 941 1121 982 studeret,
1148 952 1237 984 quae
1261 952 1314 973 res
1338 944 1411 973 tum
1437 941 1536 984 alias,

151 1004 227 1048 tum
250 1001 450 1034 Romanam
476 1001 653 1035 civitatem
677 999 919 1046 pessumdedit.
967 1001 1070 1035 Putet
1101 1001 1211 1045 igitur
1238 1001 1455 1035 nobilitatem
1482 1001 1536 1034 vi-

151 1060 263 1094 ctoria
294 1071 356 1094 sua
390 1072 458 1094 non
489 1074 608 1096 secure
638 1062 709 1095 frui
743 1060 918 1103 potuisse,
954 1062 1012 1094 sed
1045 1062 1089 1095 ab
1121 1062 1256 1096 insensa
1281 1062 1381 1105 plebe
1404 1073 1536 1106 semper

150 1121 216 1154 sibi
237 1121 358 1155 timere
382 1122 547 1156 debuisse.
595 1123 674 1164 Quo
704 1122 829 1156 timore
861 1133 982 1154 eorum
1017 1123 1207 1166 potentiam
1239 1122 1347 1156 fuisse
1370 1121 1534 1155 imminu—

150 1185 223 1215 tam
247 1186 280 1214 et
303 1181 402 1225 quasi
425 1181 571 1215 fractam
596 1194 658 1226 per
681 1194 717 1216 se
739 1182 960 1226 intelligitur.
1011 1183 1138 1217 Sensus
1162 1187 1211 1217 est
1235 1182 1361 1227 igitur:
1385 1181 1533 1216 victoria

148 1240 320 1274 nobilium
346 1242 476 1275 factum
501 1247 564 1286 est,
590 1248 628 1276 ut
651 1243 686 1277 in
710 1244 882 1277 relicuum
907 1242 1022 1287 magis
1045 1244 1214 1284 timerent,
1238 1253 1341 1285 quum
1366 1243 1532 1278 valerent.

149 1321 194 1326 —-
216 1302 329 1334 Victos
354 1303 661 1344 ulciscuntur,
687 1316 735 1338 sc.
762 1303 826 1344 sui,
852 1315 919 1337 non
943 1303 1003 1347 qui
1025 1303 1177 1337 aliarum
1202 1302 1355 1347 partium
1378 1306 1467 1335 sunt.
1486 1322 1529 1327 —

150 1361 387 1396 Pessumdeclit
409 1367 459 1397 est
479 1364 703 1406 pessumdare
727 1365 831 1406 solet,
866 1364 909 1396 de
942 1375 1011 1407 qua
1033 1363 1176 1407 perfecti
1198 1366 1368 1406 potestate
1392 1362 1528 1406 egimus

146 1422 192 1456 ad
215 1434 245 1456 c.
267 1423 383 1464 xvn,
407 1423 442 1456 6.
467 1424 569 1457 Hunc
594 1435 730 1468 quoque
756 1426 872 1458 locum
896 1424 1060 1458 Nostrum
1085 1434 1128 1457 ex
1151 1423 1362 1467 Thucydide
1384 1423 1447 1464 ΠΙ,
1472 1422 1527 1458 82.

144 1482 353 1527 expressisse
376 1483 450 1516 iam
472 1483 612 1518 Cottius
645 1485 800 1527 monuit3
834 1495 925 1528 quae
947 1484 1100 1518 maxime
1122 1484 1193 1517 huc
1217 1484 1387 1527 pertinent
1408 1484 1526 1527 verba,

144 1544 234 1577 haec
263 1547 358 1577 sunt:
391 1543 503 1579 παντὶ
533 1542 574 1579 δὲ
604 1543 729 1591 τρόπῳ
754 1542 1018 1590 ἀγωνιζόμενοι
1049 1542 1214 1589 ἀλλήλων
1237 1546 1526 1590 περιγίγνεσθαι,

144 1600 350 1648 ἐτόλμησάν
373 1617 412 1639 τε
437 1603 483 1639 τοὶ
508 1603 720 1648 δεινότατα,
747 1603 943 1651 ἐπεξῄεσάν
969 1618 1016 1647 τε,
1049 1603 1116 1644 τὰς
1145 1606 1323 1649 τιμωρίας
1357 1605 1411 1640 ἔτι
1443 1606 1525 1649 μεί-

142 1666 228 1707 ζους
253 1662 297 1699 οὐ
314 1663 419 1710 μέχρι
441 1667 510 1701 τοῦ
534 1667 683 1701 δικαίου
706 1667 770 1703 καὶ
794 1668 838 1713 τῇ
863 1664 966 1702 πόλει
991 1665 1187 1710 ξυμφόρου
1211 1664 1461 1708 προτιθέντες,
1487 1663 1525 1705 ἒς

142 1723 183 1761 δὲ
206 1724 250 1759 τό
271 1724 455 1769 ἑκατέροις
481 1740 555 1762 που
580 1725 639 1762 αἐὶ
660 1724 804 1773 ἡδονὴν
827 1726 909 1771 ἕχον
933 1724 1130 1771 ὁρίζοντες,
1155 1726 1216 1761 καὶ
1233 1723 1255 1770 ἢ
1274 1723 1524 1770 μετοὶιψήφού

141 1784 273 1822 ἀδίκου
298 1786 570 1832 καταγνώσεως,
596 1784 616 1833 ἢ
635 1789 726 1833 χειρὶ
742 1787 919 1832 κτώμενοι
941 1785 983 1823 τὸ
1004 1790 1164 1832 κρατεῖν,
1185 1786 1327 1832 ἕτοιμοι
1343 1781 1438 1831 ἦσαν
1455 1785 1524 1831 τήν

138 1843 272 1883 mirina
304 1850 534 1893 φιλονεικίαν
563 1848 826 1894 ἐμπιμπλάναι.

231 1911 262 1951 ἓ.
286 1908 321 1943 5.
371 1910 517 1943 Omnis
549 1910 770 1944 civitatis
801 1909 950 1942 moribus
983 1908 1194 1942 Gerlachius
1226 1907 1359 1951 primus
1384 1905 1521 1950 scripsit

139 1968 345 2003 auctoritate
368 1969 496 2003 Ba³.1.
522 1971 600 2003 Sen.
617 1970 650 2003 1.
676 1981 724 2003 m.
740 1981 790 2011 pr.
816 1969 912 2001 Leid.
927 1969 967 2001 L.
993 1969 1109 2002 Gucll’.
1128 1968 1161 2001 3.
1188 1969 1270 2001 Par.
1292 1979 1322 2000 x.
1343 1979 1372 2000 z.
1398 1977 1443 1999 m.
1469 1978 1519 2010 pr.

140 2029 255 2063 Ceteri
286 2029 415 2063 habent
448 2031 652 2063 omnibus
676 2031 740 2063 civ.
764 2029 931 2068 moribus,
964 2028 1053 2070 quod
1081 2027 1193 2060 minus
1218 2026 1518 2060 accommodatum

139 2093 202 2123 est.
250 2090 380 2122 Auctor
401 2089 494 2122 enim
518 2101 585 2122 non
613 2089 716 2130 dicit,
749 2091 883 2131 tempus
911 2087 978 2121 sibi
1002 2088 1223 2129 defuturum,
1256 2087 1285 2120 si
1310 2088 1351 2120 de
1373 2086 1519 2132 singulis

140 2148 314 2192 moribus,
338 2149 527 2194 quicunque
550 2149 587 2182 in
609 2149 751 2183 civitate
776 2152 904 2188 essent,
929 2147 1147 2191 loqueretur,
1170 2149 1228 2181 sed
1253 2148 1281 2180 si
1309 2159 1366 2181 eos
1390 2158 1516 2190 mores,

139 2210 199 2254 qui
232 2209 278 2242 ad
308 2210 573 2243 universam
608 2209 782 2243 ciuitatem
820 2208 1051 2251 pertinerent,
1094 2207 1117 2241 i.
1143 2219 1173 2241 e.
1219 2207 1278 2251 qui
1310 2207 1345 2240 in
1376 2207 1518 2242 civitate

138 2269 238 2313 quasi
261 2269 519 2303 dominarentur
542 2281 690 2313 eamque
713 2272 884 2313 regerent,
908 2268 1014 2301 vellet
1037 2267 1216 2300 disserere.
1235 2287 1276 2291 —
1305 2268 1362 2302 Me
1387 2269 1516 2302 deseret

139 2329 243 2375 ldnge
275 2329 418 2373 plurimi
452 2329 533 2363 libri
563 2330 713 2371 habcnt3
747 2329 784 2362 in
816 2328 988 2362 nonnullis
1024 2331 1139 2361 tamen
1173 2327 1303 2372 legitur
1334 2329 1515 2369 desereret,

136 2388 243 2434 qu'am
281 2390 394 2433 quivis
424 2389 722 2433 interpolationem
747 2401 820 2423 esse
841 2389 947 2422 videt.
983 2387 1122 2422 eortius
1145 2398 1186 2420 ex
1208 2399 1275 2421 uno
1300 2389 1405 2423 Acad.
1429 2388 1516 2423 scri-

136 2448 206 2495 'psit
238 2451 393 2493 deserat,
424 2451 513 2493 quod
549 2461 612 2493 per
641 2461 679 2483 se
710 2450 838 2483 bonum
873 2452 942 2489 est,
974 2448 1032 2483 sed
1059 2448 1155 2481 codd.
1180 2448 1423 2482 auctoritatem
1447 2459 1514 2482 non

137 2513 231 2545 valet
261 2511 396 2545 tollere.
443 2511 497 2543 En
519 2514 569 2543 est
592 2513 710 2543 autem
735 2510 843 2544 futuri
866 2510 918 2543 vis
942 2519 1144 2553 praegressa
1168 2509 1405 2543 enunciatione
1437 2520 1517 2542 con-

139 2571 323 2615 dicionali,
347 2574 386 2605 ut
408 2570 515 2605 animi
541 2570 707 2604 iudicium
734 2571 807 2605 sine
832 2571 906 2604 ulla
928 2567 1142 2602 dubitatione
1165 2569 1379 2611 proferatur-3
1402 2569 1448 2602 cf.
1472 2569 1515 2602 ad

140 2644 169 2665 c.
190 2632 218 2673 1,
242 2633 275 2666 2.
300 2633 392 2676 quod
413 2643 480 2664 non
505 2634 664 2675 reputans
680 2631 796 2665 Faber
814 2629 1070 2665 coniunctivum
1088 2628 1229 2672 recepit.
1266 2629 1331 2673 [Cf.
1344 2629 1452 2663 Orell.
1473 2628 1517 2662 ad

140 2691 212 2726 nic.
237 2704 300 2736 pro
326 2693 419 2726 Cael.
448 2691 481 2735 §-
499 2690 557 2725 29.
581 2702 663 2735 pag.
687 2689 743 2725 28.
769 2691 822 2724 ed.
847 2690 933 2724 min.
956 2690 1038 2734 Fa]
1062 2709 1104 2715 —
1135 2690 1193 2724 Me
1215 2688 1249 2722 in
1275 2689 1398 2733 paucis
1419 2688 1517 2722 codd.

142 2752 258 2794 deest,
292 2762 380 2795 quos
400 2755 535 2786 secutus
563 2755 615 2786 est
638 2750 788 2786 Gor-tius.
