1630 3034
406 181 751 229 CATILINA.
811 181 948 226 GAP.
985 181 1110 229 Lvu.
1369 188 1453 229 301

73 303 349 365 properanti.
418 301 579 359 Neque
624 304 775 344 tamen
818 298 1038 344 Antonius
1082 300 1248 359 procul
1289 297 1495 358 aberat,4

72 402 232 455 utpote
268 395 346 454 qui
383 407 553 453 magno
595 390 792 438 exercitu
835 390 961 436 locis·
990 391 1273 449 aequioribus
1317 408 1457 452 expe-

72 487 190 532 ditus
235 487 281 531 in
325 485 438 545 fuga
490 489 759 544 sequeretur.
838 480 934 526 Sed
978 481 1172 527 Catilina
1215 490 1495 544 postquam5

163 632 195 673 §.
226 628 260 664 4.
315 640 424 674 neque
455 625 597 673 tamen]
639 624 742 661 Haec
771 624 929 671 Langius
961 624 1012 661 ita
1043 625 1214 671 explicat,
1256 631 1296 662 ut
1338 614 1475 662 tamen*

70 690 132 721 aut
154 687 304 721 otiosum
327 698 401 721 esse
424 687 537 728 dicat,
577 688 639 721 aut
664 685 709 719 ad
732 695 941 729 quamquam
965 683 1154 727 pertinere,
1186 685 1279 728 quod
1301 685 1337 719 in
1360 689 1459 719 ante-

69 754 189 788 gressa
223 745 394 778 sententia
425 745 552 786 lateat,
582 754 672 787 quae
706 741 875 786 posterior
907 741 998 775 ratio
1028 741 1103 775 sola
1135 752 1221 775 vera
1251 745 1313 775 cst.
1369 743 1458 775 Fre-

70 806 213 844 quenter
251 800 345 834 enim
374 808 492 835 tamen
524 800 688 834 adiuncta
720 810 830 844 neque
863 798 1039 842 particula
1075 797 1271 832 transitioni
1301 798 1456 839 inservit,

69 856 100 890 si
122 857 218 901 prior
249 857 418 898 sententia
447 856 498 891 ita
521 860 723 900 comparata
761 860 834 897 est,
869 859 908 889 ut
933 855 1141 889 concedendi
1171 856 1345 898 particula
1375 867 1457 899 sup-

68 926 188 958 pressa
214 915 269 957 sit,
296 915 342 948 cf.
369 912 473 947 Catil.
494 913 590 955 xlx,
608 913 643 949 2.
667 915 793 955 XXIV,
812 913 846 947 2.
874 913 998 953 xxvi,
1018 913 1051 947 2.
1076 913 1166 954 LXI,
1181 912 1213 945 7.
1237 914 1315 957 lug.
1332 914 1412 955 XX,
1422 913 1457 947 6.

69 971 157 1015 Nep.
187 971 301 1005 Alcib.
333 966 362 1004 c.
394 969 440 1012 8,
467 969 502 1003 1.
546 971 726 1016 Thrasyl).
779 983 810 1006 c.
835 971 879 1012 2,
907 970 942 1003 4.
991 969 1077 1003 Con.
1110 979 1142 1001 c.
1168 967 1213 1013 5,
1237 969 1273 1002 2.
1316 971 1455 1003 Datam.

69 1039 100 1064 c.
119 1027 153 1071 5,
175 1027 209 1062 5.
236 1047 280 1054 ——-
313 1027 416 1073 Quod
441 1027 651 1061 Gerlachius
683 1028 728 1062 ad
760 1028 870 1061 verba
892 1039 1023 1071 vnagno
1047 1026 1197 1060 exercita
1226 1027 1457 1071 praepositio-

70 1097 149 1120 nem
173 1098 249 1120 cum
274 1087 502 1130 supplendam
525 1090 662 1126 censet,
699 1089 821 1118 contra
845 1084 981 1118 dicendi
1005 1095 1108 1117 usum
1131 1087 1192 1117 est.
1241 1084 1332 1118 Nam
1355 1085 1392 1118 in
1414 1084 1458 1118 iis

71 1142 300 1184 dictionibus,
334 1155 426 1187 quae
449 1143 494 1176 ad
516 1155 591 1176 rem
621 1142 814 1176 militarem
845 1141 1034 1185 pertinent,
1066 1141 1241 1174 ablativus
1270 1146 1390 1184 suapte
1420 1141 1458 1175 vi

69 1210 92 1232 a
118 1200 222 1233 verbo
253 1201 397 1244 pendet,
433 1201 493 1235 ubi
531 1204 650 1234 nostra
685 1199 776 1232 ratio
808 1200 865 1233 vel
896 1211 971 1232 cum
1001 1199 1058 1231 vel
1091 1199 1133 1231 ab
1166 1203 1228 1232 aut
1258 1210 1323 1242 per
1353 1209 1458 1242 prae—

68 1247 256 1299 positiones
280 1260 456 1300 postulat3
487 1258 586 1291 cuius
609 1256 662 1291 rei
685 1268 753 1290 non
776 1256 847 1290 ulia
870 1267 992 1289 caussa
1016 1259 1087 1297 est,
1119 1266 1226 1298 quam
1249 1257 1342 1299 quod
1365 1257 1458 1300 apud

68 1313 250 1347 Romanos
284 1313 476 1358 imperator
509 1315 680 1349 militibus
717 1325 786 1347 non
817 1316 855 1346 ut
887 1312 1106 1354 hominibus,
1149 1312 1357 1355 quibuscum
1391 1312 1459 1357 ipsi

69 1370 242 1413 quaedam
266 1375 358 1404 esset
380 1372 576 1407 coniunctio
602 1376 637 1405 et
660 1371 827 1410 societas,
849 1370 909 1402 sed
932 1373 971 1403 ut
1000 1370 1104 1402 rebus
1135 1368 1192 1401 vel
1222 1368 1460 1403 instrumentis

68 1429 243 1461 utebatur.
290 1428 425 1462 Parum
450 1433 612 1462 accurate
635 1428 746 1472 igitur
768 1425 949 1468 Zumptius
974 1427 1135 1459 Gramm.
1159 1426 1238 1462 Lat.
1265 1429 1296 1469 ἓ.
1324 1427 1383 1469 74,
1399 1427 1457 1461 ll.

68 1488 139 1518 not.
157 1484 191 1517 2.
217 1495 251 1528 p.
271 1483 351 1518 363.
385 1485 480 1518 hunc
503 1485 657 1520 ablativi
688 1496 811 1524 usum,
847 1482 906 1525 qui
937 1483 1042 1517 latius
1074 1487 1188 1526 patet,
1221 1484 1267 1517 ad
1299 1484 1375 1517 sola
1400 1485 1458 1517 iti-

67 1542 160 1574 neris
182 1541 357 1576 vocabula
386 1543 513 1585 refert,
549 1553 660 1585 neque
691 1540 854 1574 Moebius
887 1539 932 1573 ad
958 1539 1055 1573 Caes.
1079 1541 1123 1574 Β.
1151 1541 1195 1574 G.
1230 1541 1285 1581 ΙΙ,
1315 1541 1349 1574 7.
1381 1534 1458 1575 rem

68 1603 246 1632 assecutus
267 1598 423 1641 videtur,
448 1599 622 1634 ablativos
648 1609 722 1632 esse
744 1602 879 1642 putans.
915 1598 970 1630 Cf.
994 1598 1082 1631 Sall.
1106 1598 1182 1643 Ing.
1206 1598 1400 1639 xxxvln,
1421 1598 1457 1631 4.

69 1656 245 1700 Iugurtha
276 1657 497 1690 multitudine
523 1657 755 1690 Numidarum
779 1655 863 1687 Auli
895 1659 1012 1688 castra
1035 1655 1266 1688 circumvenit.
1298 1656 1459 1698 Lvn‚r2.

68 1713 231 1746 Aletellus
267 1718 390 1747 cuncta
431 1714 568 1747 moenia
610 1714 761 1747 exercitu
801 1712 1033 1747 circumvenit.
1072 1712 1200 1755 XLVI,
1227 1711 1263 1747 5.
1297 1713 1460 1747 Metellus

48 1770 200 1803 ‘intento
235 1775 340 1815 atque
370 1771 496 1814 infesto
528 1772 680 1804 exercitu
711 1772 750 1804 in
774 1770 980 1804 Numidiam
1008 1769 1173 1814 procedit.
1220 1769 1335 1804 Tacit.
1367 1772 1457 1805 Anu.

66 1827 113 1869 II,
129 1825 187 1870 25,
208 1826 284 1862 init.
315 1828 503 1866 maioribus
527 1829 633 1872 copiis
658 1829 794 1861 Marsos
817 1828 988 1871 irrumpit.
1035 1827 1095 1868 111,
1122 1826 1178 1865 41,
1202 1826 1278 1861 init.
1317 1827 1459 1861 Turom'i

69 1884 261 1929 legionario
294 1886 404 1919 milite
427 1886 589 1928 oppressi.
637 1885 715 1919 hir.
743 1879 846 1925 XXI,
875 1884 943 1927 52,
973 1883 1029 1918 10.
1063 1884 1216 1917 Romam·
1236 1886 1458 1919 multitudine

68 1942 182 1985 effusa
202 1943 305 1985 pulsi.
352 1942 451 1978 Caes.
473 1943 518 1976 B.
545 1942 588 1975 G.
615 1942 643 1982 1,
669 1942 703 1983 8,
728 1942 761 1975 1.
797 1943 927 1976 Cacsar
959 1953 1001 1975 ea
1036 1942 1183 1987 legione.
1207 1953 1311 1985 quam
1343 1953 1457 1975 secum

68 1998 220 2032 habebat
242 2018 288 2024 —-
311 2010 448 2033 murum
473 2002 676 2044 fossamque
704 1999 884 2043 perducit,
907 1999 968 2033 ubi
1000 2010 1086 2034 vora
1108 2003 1304 2034 structurae
1335 2010 1458 2034 caussa

71 2054 292 2100 Herzogium
314 2067 383 2091 non
406 2057 510 2102 fugit.
1440 2062 1441 2065 ’

163 2113 342 2156 expeditus
365 2115 401 2147 in
416 2114 537 2159 fuga]
573 2114 768 2158 Expeditne
791 2113 906 2157 prima
928 2124 1038 2146 manu
1070 2113 1140 2146 fuit
1171 2113 1208 2147 in
1231 2113 1336 2148 Fabr.
1356 2113 1389 2147 1.
1423 2116 1458 2148 et

69 2178 133 2212 pro
156 2168 258 2202 varia
280 2169 431 2205 lectione
454 2175 571 2206 exstat-
595 2171 632 2204 in
655 2172 685 2204 F
689 2173 763 2205 abr.
786 2172 842 2210 2.;
874 2171 998 2204 relicui
1023 2182 1141 2205 omnes
1164 2171 1295 2204 hahent
1319 2172 1458 2215 expedi-

70 2230 136 2266 tos,
160 2225 252 2267 quod
276 2225 384 2261 etiam
408 2227 444 2261 in
467 2228 639 2263 Prisciani
664 2228 760 2261 codd.
785 2229 910 2270 xvul,
939 2227 997 2269 25,
1015 2228 1095 2262 263.
1126 2240 1159 2272 p.
1187 2227 1269 2261 240.
1304 2229 1367 2262 Ed.
1391 2229 1456 2262 Kr.

70 2281 211 2326 legitur.
270 2283 311 2315 111
347 2287 444 2329 suga
476 2290 615 2328 praeter
646 2283 758 2317 Prisc.
793 2285 892 2317 codd.
919 2285 943 2317 1.
968 2285 1016 2325 1.,
1049 2285 1155 2318 etiam
1187 2286 1457 2328 praestantiores

71 2339 177 2382 libri,
204 2339 302 2374 velut
325 2341 404 2375 Bas.
427 2343 459 2375 1.
493 2342 600 2377 Fabr.
630 2341 666 2375 1.
699 2340 733 2376 2.
769 2341 865 2374 Leid.
896 2341 935 2374 L.
974 2341 1091 2375 Guelf.
1118 2341 1152 2374 5.
1184 2343 1356 2387 multique
1392 2342 1454 2377 alii

72 2399 210 2437 tenent;
242 2396 366 2431 relicui
398 2400 434 2432 in
464 2401 608 2443 sugam.
666 2399 856 2442 Vulgatam
889 2399 1064 2441 expeditos
1094 2399 1131 2431 in
1157 2401 1290 2445 sugam
1321 2401 1456 2445 primus

70 2453 178 2487 sensit
201 2454 340 2487 Cottius
365 2455 450 2488 sen-i
474 2467 541 2489 non
566 2466 688 2499 posse,
712 2455 787 2488 sive
810 2466 890 2488 cum
915 2455 1053 2488 Wassio
1086 2457 1261 2500 expeditos
1291 2459 1334 2491 ad
1359 2464 1456 2492 ante-

72 2510 230 2544 cedentia
253 2512 395 2553 trahas,
421 2524 489 2555 quo
513 2512 681 2546 sententia
705 2512 822 2556 inepta
846 2511 997 2555 exsistit,
1035 2510 1108 2545 sive
1132 2524 1210 2546 cnm
1235 2516 1456 2558 sequentibus

72 2567 287 2612 coniungas,
319 2567 411 2612 quod
444 2568 592 2602 Dahlius
624 2569 746 2603 multis
788 2569 964 2610 defendit,
998 2569 1265 2612 interpretatus:
1299 2572 1333 2605 in
1368 2573 1456 2616 fuga

75 2625 294 2667 festinantes,
334 2636 395 2659 seu
430 2625 475 2658 ad
506 2626 633 2670 fugam
663 2630 815 2669 paratos.
872 2625 941 2660 Sed
987 2626 1168 2660 facilitatis
1200 2628 1456 2672 celeritatisque

75 2681 193 2724 notio,
226 2693 331 2726 quum
354 2686 447 2717 recte
477 2682 566 2717 vidit
587 2683 623 2717 in
645 2684 820 2718 vocabulo
844 2684 1021 2729 expeditus
1046 2683 1173 2726 inesse,
1198 2684 1335 2726 obstat,
1369 2696 1455 2728 quo-
