1630 3034
170 191 254 230 416
541 185 586 228 C.
615 184 944 228 SALLUSTI
975 185 1197 230 CRISPI

131 301 383 362 6cogn0vi.
456 300 667 345 Ceterum
699 300 817 345 solet
842 302 886 345 in
912 302 993 346 illis
1022 303 1134 347 locis
1165 308 1407 362 tempestas
1433 302 1558 346 haud
1605 339 1609 341 Α

174 414 302 443 secus
338 403 473 456 atque
508 397 552 440 in
588 398 700 442 mari
734 398 949 452 retinere3
985 414 1092 443 nam
1128 399 1206 443 ubi
1239 414 1324 459 per
1351 384 1454 442 loca
1479 414 1559 443 ae-

171 494 320 553 qualia
365 499 409 538 et
454 493 573 538 nuda
617 494 899 555 gignentium
957 502 1110 540 ventus
1157 501 1336 540 coortus
1379 511 1559 540 arenam

171 669 241 691 non
265 659 316 690 est
345 654 612 700 intelligendum
637 666 679 689 ex
702 666 801 690 more
824 656 1080 699 Romanorum,
1105 655 1293 690 secundum
1317 666 1421 699 quem
1444 655 1480 689 in
1504 666 1560 689 re-

170 720 237 752 bus
260 716 479 762 negotiisque
512 715 755 750 contrahendis
785 715 934 761 pignore
967 727 1004 750 se
1027 717 1290 763 obstringebant
1313 717 1358 751 ad
1382 720 1557 760 praestan-

171 779 253 812 dam
279 778 331 811 rei
364 781 545 819 susceptae
576 777 632 810 vel
664 777 858 821 promissae
880 777 1078 819 veritatem,
1115 777 1157 811 de
1180 788 1249 821 quo
1273 789 1338 811 usu
1363 777 1562 811 doctissime

171 839 246 885 egit
276 838 391 872 Carol.
422 837 569 871 Beier-us
601 838 643 872 ad
679 837 752 872 Cic.
786 839 830 872 de
861 838 932 872 off.
957 839 1027 880 Ill,
1050 838 1118 880 19,
1142 838 1201 872 77.
1235 849 1269 881 p.
1286 836 1357 872 326
1377 848 1465 881 sqq.,
1500 837 1561 870 sed

171 899 378 944 simpliciter
400 898 574 944 significat
596 899 839 943 paciscuntur,
875 899 948 932 sive
969 904 1072 943 pacto
1096 899 1318 932 constituunt.
1343 916 1389 922 —
1414 884 1560 932 Philae-

172 963 227 995 nis
256 959 499 994 tantummodo
531 962 581 993 est
611 958 647 992 in
681 960 780 993 codd.
804 958 928 1000 Rivii,
967 960 1049 994 Bas.
1072 959 1107 994 4.
1141 963 1174 993 et
1198 958 1310 992 Paris.
1334 957 1370 991 b.
1394 969 1424 992 c.
1449 969 1483 992 x.
1508 969 1559 998 z.;

174 1021 350 1055 Philaenii
373 1019 506 1064 legitur
529 1018 565 1052 in
588 1019 729 1055 Pembr.
754 1025 788 1054 et
810 1021 856 1054 Β.
880 1021 1003 1061 Pub1.;
1036 1019 1142 1054 ceteri
1165 1030 1284 1052 omnes
1307 1023 1471 1062 corrupte
1493 1018 1559 1052 ha.-
1596 1043 1605 1056 ,

172 1083 256 1117 bent
291 1082 486 1115 Philaenes.
532 1080 586 1113 De
612 1080 747 1114 dativo-
765 1092 799 1114 v.
831 1079 875 1114 ad
907 1093 938 1114 c.
961 1081 1014 1123 V,
1036 1080 1071 1116 4.
1105 1092 1139 1123 p.
1167 1078 1224 1114 33.
1247 1098 1292 1104 —
1319 1071 1503 1113 Maturare
1527 1090 1558 1112 c.

170 1142 342 1177 infinitivo
367 1141 523 1175 iunctum
547 1140 729 1186 tetigimus
753 1142 797 1175 ad
821 1154 852 1178 c.
877 1142 1038 1182 xxxvl,
1060 1140 1094 1174 1.
1120 1139 1218 1173 Adde
1239 1139 1411 1173 Plancum
1434 1139 1470 1174 in
1487 1139 1559 1174 Cic.

171 1206 259 1248 Epp.
284 1204 329 1238 ad
353 1203 491 1237 Famm.
515 1203 571 1246 X,
597 1202 664 1244 21,
689 1201 723 1236 5.
755 1204 909 1247 petierat
933 1208 972 1237 ut
1002 1206 1283 1236 maturarem
1316 1201 1488 1235 venire.
1512 1219 1558 1226 —-
1620 1240 1628 1251 ⁶

171 1267 244 1301 Iter
274 1275 475 1310 pergere
508 1262 532 1296 i.
567 1274 598 1296 e.
630 1263 698 1297 iter
718 1263 896 1308 persequi,
931 1263 989 1297 vel
1012 1261 1136 1297 itinere
1159 1262 1368 1305 procedere,
1402 1261 1561 1296 Sallustii

170 1327 330 1371 exemplo
353 1324 490 1369 saepius
513 1323 601 1358 dixit
620 1324 777 1365 Tacitus,
800 1324 897 1358 velut
919 1324 1006 1358 Anu.
1031 1324 1088 1365 ΠΙ,
1114 1322 1172 1364 66,
1195 1322 1230 1356 3.
1278 1323 1317 1356 Si
1339 1327 1471 1357 rectum
1493 1323 1561 1358 iter

169 1391 344 1432 pergeret.
370 1385 437 1426 lv,
461 1384 518 1426 20,
544 1385 578 1418 4.
603 1385 679 1425 XV,
703 1384 761 1425 27,
787 1385 819 1418 1.
868 1385 969 1428 Quod
994 1385 1039 1418 ad
1062 1387 1257 1419 structurae
1279 1383 1453 1418 rationem
1477 1383 1559 1418 atti·

170 1453 250 1490 net,
282 1445 526 1481 Boetticherus
557 1444 599 1478 in*
629 1445 711 1479 Lex.
745 1445 862 1479 Tacit.
893 1456 927 1480 v.
963 1450 1116 1481 accusat.
1147 1445 1181 1478 4.
1219 1456 1252 1488 p.
1284 1443 1364 1486 19.,
1391 1444 1448 1479 cui
1471 1445 1560 1479 haec

169 1509 330 1552 exempla
360 1507 550 1549 debentur,
583 1517 733 1551 pergere
766 1510 880 1541 censet
914 1517 956 1540 ex
987 1505 1159 1551 analogia
1188 1506 1377 1540 verborum
1410 1507 1558 1552 erigere,

169 1571 346 1614 dirigere,
382 1568 556 1612 corrigere
586 1567 661 1601 veri
684 1567 859 1602 transitivi
880 1568 989 1602 instar
1011 1566 1251 1602 accusativum
1274 1565 1402 1601 obiecti
1423 1577 1558 1612 regere.

168 1630 277 1665 Nobis
300 1639 383 1663 vero
404 1632 479 1661 tum
503 1627 539 1661 in
562 1628 649 1669 hoc,
673 1632 748 1662 tum
772 1629 913 1662 omnino
935 1628 972 1662 in
996 1627 1156 1661 omnibus
1178 1627 1296 1662 verbis
1318 1627 1558 1671 intransitivis,

168 1690 295 1734 quibus
322 1687 541 1723 accusativus
575 1689 756 1723 adiunctus
780 1692 853 1729 est,
883 1692 917 1721 et
940 1687 1019 1732 ipsa
1042 1689 1231 1722 verborum
1254 1694 1383 1723 natura
1392 1714 1404 1734 ,
1438 1693 1474 1723 et
1497 1700 1558 1723 ac-

169 1749 320 1785 cusativi
355 1748 497 1792 propria
522 1752 674 1792 potestas
711 1753 869 1784 constare
900 1748 1048 1782 videtur.
1095 1748 1185 1782 Nam
1209 1760 1317 1791 quum
1340 1748 1558 1783 accusativus

168 1813 206 1846 in
238 1811 439 1845 universum
462 1808 498 1841 id
531 1809 708 1853 designet,
742 1808 843 1844 cuius
876 1814 1032 1852 respectu
1055 1809 1190 1853 aliquid
1213 1809 1258 1843 sit
1284 1809 1337 1842 vel
1359 1809 1443 1852 fiat,
1469 1808 1555 1850 sive,

168 1873 261 1918 quod
287 1872 379 1905 idem
403 1873 476 1911 est,
510 1881 618 1913 quum
641 1870 677 1904 id
701 1871 895 1912 contineat,
927 1872 974 1905 ad
998 1872 1088 1916 quod
1121 1871 1178 1905 vel
1200 1874 1309 1905 status
1331 1869 1477 1912 aliquis,
1501 1870 1558 1904 vel

170 1935 263 1970 actio
287 1937 422 1978 spectat
447 1931 518 1975 (cf.
546 1932 590 1966 ad
614 1943 646 1965 c.
671 1932 714 1974 V,
739 1932 774 1966 4.
798 1943 832 1976 p.
854 1930 966 1975 δὲ),
988 1943 1137 1978 pergere
1164 1933 1233 1967 iter
1255 1930 1346 1965 nihil
1370 1930 1468 1964 aliud
1491 1933 1556 1972 est,

167 2006 277 2039 quam
306 2003 455 2038 pergere
489 1992 563 2026 sive
592 1993 797 2037 procedere,
830 1998 999 2037 quantum
1024 1994 1060 2026 id
1091 1994 1227 2037 quidem
1249 1993 1298 2026 ad
1321 1992 1387 2026 iter
1408 1997 1557 2036 spectat,

168 2057 194 2091 i.
233 2068 263 2090 e.
297 2058 458 2099 respectu
492 2052 645 2095 itineris,
678 2053 783 2097 idque
813 2064 913 2087 sensu
944 2053 1037 2087 idem
1072 2058 1123 2087 est
1152 2057 1256 2096 atque
1284 2053 1351 2087 iter
1370 2052 1555 2098 persequi,

167 2127 381 2161 quamquam
404 2113 581 2159 cogitandi
604 2114 738 2148 ratione
761 2113 946 2157 discrepat.
992 2112 1045 2148 Ad
1070 2113 1216 2148 eundem
1240 2114 1384 2148 modum
1407 2113 1555 2159 exigen-

169 2180 216 2213 da
249 2183 345 2220 sunt,
375 2186 466 2221 quae
499 2176 543 2209 ad
577 2176 677 2210 Catil.
706 2177 794 2214 XX,
829 2176 884 2208 ll.
918 2187 985 2208 non
1015 2174 1097 2208 satis
1121 2174 1299 2219 perspicue
1332 2175 1375 2209 de
1397 2175 1466 2210 hoc
1490 2186 1554 2210 usu

169 2239 330 2274 diximus.
354 2257 399 2263 —
425 2236 555 2270 Parum
581 2237 834 2281 explicavimus
857 2236 900 2271 ad
925 2247 955 2269 c.
980 2236 1110 2278 xxm,
1135 2237 1168 2270 9.
1194 2247 1229 2280 p.
1253 2235 1332 2270 179.

261 2301 295 2342 §.
319 2299 355 2335 6.
402 2298 499 2331 nuda
534 2298 781 2343 gignentium]
830 2298 1055 2342 Gignentium
1095 2307 1214 2330 omncs
1249 2296 1451 2341 interpretes
1483 2307 1554 2332 uno

169 2372 230 2396 ore
252 2361 405 2394 clamant
433 2359 565 2392 dictum
597 2370 671 2393 esse
701 2370 764 2402 pro
787 2360 1005 2404 genitorum,
1043 2367 1113 2401 qua
1136 2357 1306 2392 sententia
1328 2357 1416 2392 nihil
1440 2361 1554 2402 potest

168 2421 363 2466 perversius
381 2432 466 2454 esse.
514 2419 623 2462 Quasi
648 2431 731 2453 vero
761 2431 914 2463 unquam
937 2417 1102 2461 activum,
1115 2429 1177 2461 pro
1200 2417 1359 2462 passivo,
1391 2428 1554 2461 praesens

168 2496 232 2528 pro
257 2483 407 2527 perfecto
429 2481 509 2525 poni
534 2480 657 2523 possit!
691 2481 846 2524 Ineptum
872 2491 946 2514 rem
974 2479 1178 2523 ineptiorem
1201 2479 1366 2520 reddunt,
1390 2478 1451 2523 qui
1473 2489 1552 2514 enm

169 2546 214 2579 ad
248 2545 420 2577 rationem
464 2541 619 2584 aliquam
654 2540 796 2585 exigere
827 2542 970 2582 volunt,
1005 2541 1101 2574 velut
1142 2541 1375 2581 Gerlachius,
1405 2539 1486 2584 qui,
1520 2539 1551 2574 si

169 2606 318 2651 gignere
343 2614 422 2636 cum
446 2613 574 2647 graeco
598 2601 767 2645 γίγνομαι
800 2605 1039 2645 compararet,
1073 2601 1190 2635 omnia
1213 2602 1372 2644 expedita
1400 2599 1548 2644 putavit,

170 2671 232 2699 aut
268 2664 440 2707 bangius,
474 2664 533 2706 qui
559 2662 706 2696 mirifica
729 2662 921 2696 subtilitate
953 2661 1202 2706 „quodeunque
1223 2662 1379 2706 genitum
1403 2666 1472 2704 est,
1495 2661 1550 2695 in-

171 2726 272 2770 quit,
305 2724 342 2759 id
366 2735 502 2768 quoque
524 2723 698 2769 gignit,“
721 2723 812 2766 quod
836 2722 969 2756 scilicet
993 2722 1044 2755 ita
1066 2727 1307 2764 comparatum
1330 2726 1400 2763 est,
1424 2726 1463 2756 ut
1485 2733 1548 2766 pa-

172 2787 258 2821 riter
285 2786 401 2819 vivum
425 2785 539 2818 dicere
562 2783 672 2827 possis
696 2788 885 2823 mortuum,
919 2781 1002 2826 quia
1024 2781 1217 2825 quicunque
1241 2781 1327 2816 vivit
1351 2786 1446 2818 certo
1470 2793 1546 2818 mo-
