1630 3034
150 178 208 220 78
527 171 572 214 C·-
602 170 918 214 SALLUSTI
951 171 1169 216 CRISPI

151 291 369 344 huccine,
414 286 610 349 Micipsa
652 295 807 348 pater,
849 289 1071 333 beneficia
1115 296 1195 334 tua
1228 303 1432 347 evasere,
1466 292 1544 351 uti,

154 402 290 447 quem
324 393 373 430 tu
406 401 566 445 parem
601 400 705 429 cum
733 386 883 430 liberis
917 387 1004 430 tuis
1031 387 1250 446 regnique
1279 387 1544 447 participem

154 485 322 543 fecisti,
376 483 412 526 is
463 483 760 542 potissumum
814 483 963 542 stirpis
1015 489 1120 528 tuae
1172 484 1411 528 exstinctor
1460 485 1547 530 sit?

154 584 413 640 Numquam
444 595 556 640 ergo
590 579 756 624 familia
790 585 942 623 nostra
976 581 1128 638 quieta
1163 581 1277 625 erit?
1312 596 1547 640 semperne

92 681 200 726 1oin
237 677 477 738 sanguine,
512 677 658 733 ferro,
693 676 805 738 fuga
841 677 1151 721 versabimur?
1197 677 1320 722 Dum
1355 677 1548 722 Cartha-

154 825 258 870 Quod
290 835 353 857 cur
376 821 645 865 praetulerimus
677 823 772 864 patet
804 832 846 854 ex
878 821 1006 856 notatis
1031 821 1074 855 ad
1101 822 1176 856 Cat.
1200 822 1245 861 Π,
1267 820 1302 855 4.
1326 831 1359 865 p.
1385 820 1441 854 11.
1468 820 1549 855 coil.

153 889 308 930 Herzog.
334 884 378 917 ad
403 883 478 916 Cat.
505 883 551 923 X,
573 882 608 915 2.
635 888 669 915 et
694 882 737 915 ad
762 882 854 923 xm,
873 882 906 916 1.
925 902 970 906 —
991 882 1204 915 Pronomina
1228 893 1348 915 meus
1370 885 1446 925 post
1463 894 1550 915 avus
1603 897 1610 899 <

154 958 196 983 ac
229 946 341 981 mihi
371 947 453 977 ante
485 947 606 985 erepta
653 941 792 975 Curtius
822 946 952 975 temere
985 942 1106 986 eiecit,
1138 953 1206 976 non
1230 943 1344 976 solum
1367 944 1466 977 codd.
1489 944 1550 978 ned

153 1008 260 1043 etiam
287 1002 456 1039 orationis
480 1003 597 1035 colore
620 1002 848 1036 obstantibus.
873 1021 918 1028 —
944 1003 1100 1036 Huncine
1133 1014 1272 1036 evasere
1297 1004 1321 1038 i.
1339 1017 1370 1038 e.
1396 1006 1550 1039 talemne

155 1070 288 1103 exitum
310 1066 476 1099 habuere.
502 1063 548 1096 cf.
574 1062 763 1096 Ruhnken.
788 1063 832 1097 ad
856 1063 940 1096 Ter.
958 1063 1065 1096 Andr.
1088 1064 1116 1105 1,
1140 1064 1174 1104 l,
1200 1063 1278 1098 loo.
1301 1065 1387 1099 ibid.
1411 1066 1441 1107 I,
1463 1066 1498 1108 2,
1514 1065 1547 1100 5,

155 1132 230 1165 heri
255 1138 387 1172 semper
412 1125 540 1158 lenitas
564 1124 711 1157 verebar
733 1136 891 1168 quorsum
917 1125 1091 1158 evaderet.
1137 1123 1260 1158 Bremi
1284 1126 1327 1159 ud
1345 1125 1432 1169 Nep.
1448 1126 1550 1160 Dion.

152 1192 243 1232 un,
262 1191 294 1224 1.
321 1197 425 1233 quum
443 1195 605 1229 quorsum
635 1185 760 1228 (hacc)
788 1187 976 1219 evaderent
996 1187 1144 1220 timeret.
1167 1204 1214 1210 —
1244 1185 1326 1219 Tuis
1349 1197 1417 1219 non
1440 1190 1493 1220 est
1515 1185 1550 1219 in

153 1253 236 1286 Sen.
261 1251 294 1284 2.
321 1250 431 1282 Heus.
457 1246 608 1290 Tegcrn.
637 1250 672 1279 ct
693 1246 806 1279 Vatic.
830 1246 871 1279 A.
895 1257 1046 1289 quorum
1070 1245 1278 1279 auctoritate
1302 1246 1438 1280 Cottius
1460 1247 1550 1280 omi-

152 1314 219 1357 sit,
245 1308 457 1346 Gerlachius
487 1310 580 1339 certe
611 1317 679 1339 non
702 1307 839 1341 dubitat
871 1308 956 1351 quin
981 1307 1209 1342 omittendum
1242 1307 1299 1341 sit.
1347 1307 1417 1342 sed
1442 1318 1551 1351 quum

152 1375 255 1409 Arus.
278 1371 384 1405 Mess.
419 1367 454 1401 in
480 1369 585 1411 Corp.
611 1369 772 1402 Gramm.
797 1366 873 1403 Lht.
910 1369 985 1402 Vol.
1010 1368 1038 1401 1.
1078 1380 1113 1411 p.
1138 1367 1218 1401 253.
1253 1367 1307 1402 ed.
1333 1368 1492 1402 Lindem.
1517 1381 1550 1403 v.

152 1446 220 1480 par
243 1442 367 1466 vocem
392 1433 572 1473 agnoscat,
596 1428 703 1463 huius
727 1430 812 1463 fides
835 1440 877 1463 ac
908 1433 959 1463 tot
983 1429 1081 1462 codd.
1115 1439 1300 1462 consensus
1324 1428 1552 1472 paucissimo-

151 1506 232 1530 rum
264 1489 470 1527 auctoritate
502 1489 618 1533 potior
649 1492 710 1523 est.
760 1491 894 1524 Eadem
929 1500 1052 1523 caussa
1084 1501 1146 1522 nos
1176 1489 1350 1533 permovit
1380 1493 1420 1523 ut
1443 1489 1552 1524 etiam

152 1556 273 1601 paullo
305 1556 385 1587 ante
417 1560 609 1593 pronomen
641 1554 721 1583 tua
751 1554 830 1594 post
861 1551 1026 1591 beneficia
1057 1550 1342 1591 restitueremus,
1391 1550 1485 1593 quod
1515 1550 1551 1585 in

156 1617 277 1651 Gueif.
301 1615 334 1648 6.
368 1613 493 1646 Franc.
520 1611 617 1644 Leid.
642 1611 690 1643 H.
715 1614 749 1644 et
769 1611 873 1643 Bcrn.
894 1609 928 1644 3.
953 1610 1171 1644 desideratur
1195 1615 1228 1644 et
1253 1621 1275 1644 a
1299 1611 1420 1644 Cortio
1444 1611 1552 1645 omis-

152 1689 230 1714 sum
259 1679 321 1710 est.
343 1690 387 1700 -
413 1672 537 1705 Parem
563 1681 659 1703 cum
684 1672 800 1704 liberis
832 1670 1034 1705 insolentius
1068 1671 1208 1714 quidem
1233 1671 1366 1704 dictum
1390 1675 1460 1713 est,
1492 1672 1552 1706 sed

152 1739 314 1773 codicum
346 1738 382 1768 et
412 1733 513 1768 Arus.
547 1731 654 1765 Messi
686 1731 897 1765 auctoritate
931 1732 954 1764 Ι.
993 1732 1018 1766 Ι.
1042 1731 1126 1765 satis
1149 1731 1315 1772 firmum3
1349 1743 1462 1775 neque
1485 1732 1553 1767 ista

151 1802 326 1834 structura
349 1794 519 1837 exemplis
543 1793 703 1836 iustaque
726 1803 850 1826 caussa
874 1796 982 1827 caret.
1028 1793 1119 1826 Nam
1138 1803 1246 1836 quum
1265 1794 1463 1837 aequalitas
1482 1805 1552 1828 non

152 1861 227 1895 sine
252 1858 374 1901 aliqua
396 1855 644 1889 coniunctionis
667 1853 809 1887 notione
833 1853 985 1897 cogitari
1010 1853 1136 1897 possit,
1173 1852 1347 1896 siquidem
1378 1865 1468 1898 quae
1490 1865 1553 1898 pn·-

151 1922 206 1955 ria
229 1923 308 1955 sunt
333 1928 401 1950 non
427 1915 460 1948 in
486 1915 664 1948 diversum
689 1915 835 1956 abeunt,
869 1914 928 1948 sed
962 1916 1116 1957 quodam
1151 1915 1293 1948 vinculo
1322 1914 1552 1955 continentur,

151 1992 235 2017 sane
258 1978 335 2014 fieri
363 1981 475 2022 potest
499 1980 537 2009 ut
560 1976 595 2009 id
621 1975 714 2019 quod
739 1976 847 2020 vuigo
872 1976 977 2009 alteri
994 1986 1063 2019 par
1086 1975 1214 2010 dicitur
1237 1974 1345 2009 etiam
1366 1986 1435 2019 par
1457 1986 1553 2009 cum

153 2054 192 2077 eo
216 2040 339 2075 vocari
363 2041 481 2082 queat,
506 2037 543 2070 h.
569 2047 601 2070 e.
626 2036 676 2070 ita
700 2036 923 2070 coniunctum
948 2047 1028 2069 cum
1047 2047 1102 2078 eo,
1128 2041 1167 2070 ut
1189 2035 1280 2069 nihil
1303 2035 1394 2069 inter
1414 2039 1550 2069 utrum·

151 2115 220 2148 que
243 2100 390 2136 intersit.
439 2099 518 2141 Qua
549 2097 803 2131 coniunctionis
829 2101 1002 2141 potestate
1038 2097 1102 2131 niti
1134 2097 1240 2131 istam
1270 2099 1481 2129 structuram
1511 2105 1551 2129 ο-

151 2163 280 2200 stendit
304 2162 402 2196 tocus
426 2158 604 2193 Ciceronis
627 2159 730 2192 Brut.
767 2169 798 2191 c.
834 2157 901 2200 59,
934 2157 1015 2192 215.
1039 2159 1101 2193 ubi
1124 2170 1194 2192 non
1224 2166 1392 2202 personae
1433 2166 1551 2190 secum

151 2235 280 2270 pares,
312 2221 372 2256 sed
410 2231 501 2264 quae
532 2219 568 2253 in
606 2219 761 2263 personis
790 2223 892 2253 crant
926 2219 1029 2253 alteri
1053 2231 1134 2253 cum
1164 2220 1276 2254 altero
1308 2216 1410 2261 paria
1443 2216 1554 2250 fuisso

153 2286 332 2320 dicuntum
357 2285 458 2317 crant
477 2281 508 2314 ei
527 2281 701 2325 quaedam
723 2291 764 2314 ex
784 2281 838 2314 his
855 2281 961 2324 paria
988 2292 1063 2314 cum
1086 2281 1221 2314 Crasso.
1269 2278 1339 2312 Sed
1363 2278 1465 2322 plano
1488 2288 1551 2323 go-

153 2346 288 2380 minum
313 2343 509 2386 exemptum
534 2346 585 2376 est
610 2342 706 2385 apud
729 2341 876 2374 eumdem
902 2340 1055 2383 Phiiipp.
1079 2340 1106 2380 1,
1132 2339 1188 2380 14,
1211 2339 1269 2373 34.
1294 2340 1358 2373 illa
1384 2343 1460 2373 erat
1476 2339 1552 2373 vita

152 2407 384 2450 (Antonius),
409 2404 568 2437 libertate
592 2413 665 2436 csse
686 2413 848 2445 parem
883 2412 978 2434 cum
1005 2401 1194 2441 ceteris,
1216 2401 1408 2444 principem
1430 2399 1551 2444 digni-

154 2474 242 2504 tate.
267 2469 312 2502 cs.
338 2464 507 2500 Ruddim.
532 2464 656 2497 Institt.
682 2464 842 2496 Gramm.
867 2461 913 2496 T.
939 2462 981 2496 11.
1018 2473 1051 2505 p.
1076 2460 1133 2494 93.
1181 2461 1302 2504 Neque
1324 2461 1386 2494 abs
1411 2471 1450 2493 re
1474 2460 1551 2494 suc·-

154 2528 200 2561 rit
224 2525 420 2564 recordari,
446 2525 553 2558 etiam
578 2525 671 2557 idem
695 2523 802 2557 simili
825 2522 907 2566 poni
933 2521 1057 2560 modo.
1082 2522 1125 2554 de
1148 2532 1217 2564 quo
1241 2533 1275 2554 v.
1300 2521 1476 2554 Drakenb.
1505 2520 1550 2554 nd

154 2589 230 2625 Liv.
256 2589 370 2629 XXX,
388 2587 446 2629 12,
472 2586 523 2619 15.
576 2586 750 2619 Numidae
773 2589 878 2629 atquc
908 2584 944 2616 in
969 2583 1122 2615 eadem
1149 2593 1313 2616 mecum
1338 2581 1461 2624 Africa
1482 2590 1548 2624 gc-

155 2651 340 2693 „infidam
360 2647 508 2693 experiri
529 2648 676 2681 malunt.
701 2647 791 2681 Tac.
816 2645 903 2678 Aun.
927 2644 999 2684 ΧΥ,
1019 2644 1052 2677 2.
1079 2644 1167 2676 bunc
1192 2654 1258 2687 ego
1283 2641 1441 2675 codem
1466 2651 1498 2672 m
1513 2651 1548 2674 c-

156 2722 248 2745 oum
273 2717 376 2756 patre
403 2710 581 2755 genitum,
614 2709 650 2741 in
675 2708 920 2751 possessiouem
951 2705 1136 2738 Armeniae
1168 2704 1305 2737 deduxi.
1356 2701 1548 2735 Videndum

157 2771 267 2815 igitur
295 2782 336 2804 ne
361 2771 495 2814 Grysar
520 2769 554 2802 in
579 2769 772 2811 Pmeoepu.
798 2766 881 2809 styli
907 2765 970 2800 Lat
1001 2776 1032 2808 p.
1050 2763 1105 2798 59.
1131 2763 1222 2797 bunc
1239 2765 1452 2797 ntrncturam
1469 2773 1548 2805 per-
