1630 3034
154 232 242 274 244
519 226 568 269 G.
609 223 944 270 SALLUSTI
981 223 1208 268 CRISPI

92 348 147 389 13
159 343 309 391 cuncti
359 343 571 387 mortales
614 356 796 388 novere.
884 341 954 386 Ita
1004 342 1050 386 in
1099 354 1308 388 maxuma
1361 341 1543 388 fortuna

158 436 356 481 minuma
397 433 578 481 licentia
622 439 709 486 θείς
752 447 900 492 neque
944 432 1142 492 studere,
1188 448 1335 492 neque
1380 433 1542 490 odisse,

95 533 149 577 14
164 527 245 572 sed
278 526 476 571 minume
509 524 638 570 irasci
673 525 825 578 decet3
859 539 976 583 quae
1011 524 1133 584 apud
1169 525 1280 568 alios
1314 523 1544 570 iracundia

157 618 344 675 dicitur,
397 632 451 662 ea
504 617 552 661 in
603 616 794 677 imperio
852 616 1059 677 superbia
1113 621 1250 674 atque
1305 615 1545 660 crudelitas

147 796 318 843 fugium‚·
341 793 392 830 ibi
417 794 510 829 enim
534 794 700 829 demissus
720 794 895 839 significat
918 795 1125 837 modestum,
1148 793 1279 829 nemini
1302 793 1543 830 adversantem

155 858 191 889 et
214 866 283 888 non
306 852 412 887 nimis
437 864 566 898 magna
591 851 835 894 affectantem,
868 855 906 886 ut
929 852 1049 886 addita
1078 852 1250 886 vocabula
1284 852 1474 886 modestiae
1490 856 1541 886 ·et

147 911 294 957 pudoris
331 911 466 944 docent.
494 928 538 934 —-
581 910 721 943 Habent
763 909 799 943 in
831 910 1058 953 paucioribus
1092 909 1252 953 quidem,
1291 909 1351 943 sed
1385 908 1543 952 probatis

148 969 254 1003 libris
280 972 414 1010 exstat,
439 968 475 1001 in
498 967 581 1001 Naz.
617 967 788 1001 commel.
813 968 925 1001 Palat.
954 967 987 1001 5.
1013 966 1047 1000 6.
1066 967 1121 1000 12.
1154 968 1235 1000 Bas.
1262 966 1293 998 1.
1321 965 1354 1000 3.
1388 966 1476 1000 Tur.
1506 966 1541 1009 1,

150 1026 265 1061 Paris.
289 1026 330 1059 A.
355 1026 399 1059 Β.
425 1024 465 1057 C.
490 1026 523 1056 et
544 1022 641 1056 Leia.
665 1022 694 1056 1.
725 1036 790 1068 pro
813 1036 887 1058 var.
911 1025 991 1058 lect.
1022 1022 1058 1056 in
1082 1023 1215 1056 duobus
1238 1023 1370 1057 VVassii
1403 1027 1439 1057 et
1461 1027 1542 1058 octo

152 1083 287 1125 Cortii3
311 1083 404 1127 quod
426 1080 552 1114 relicui
574 1083 689 1113 tenent
712 1086 825 1126 agunt
848 1081 944 1114 haud
968 1079 1074 1114 dubie
1104 1079 1449 1123 interpretamentum
1489 1083 1542 1115 eet

153 1141 282 1175 habere
305 1139 428 1182 verbi,
452 1139 494 1171 de
518 1148 586 1181 quo
610 1149 644 1170 v.
670 1138 715 1172 ad
739 1150 769 1173 c.
791 1138 848 1181 IV,
868 1138 901 1171 1.
924 1157 969 1162 —
1012 1137 1163 1176 Eorum,
1200 1138 1292 1180 quod
1315 1139 1352 1172 in
1383 1139 1475 1172 vim.
1505 1138 1540 1172 1.

150 1199 258 1233 Fabr.
281 1199 315 1233 1.
341 1197 458 1232 Guelf.
479 1195 515 1230 9.
549 1195 641 1240 Teg.
675 1196 772 1229 Flor.
799 1195 831 1227 1.
864 1194 984 1228 Berol.
1012 1193 1047 1227 2.
1081 1195 1198 1236 abest,
1230 1195 1367 1229 Cottius
1399 1194 1541 1238 delevit,

150 1255 348 1299 Bipontinis
379 1259 413 1289 et
446 1254 597 1287 Miillero
629 1252 907 1296 obsequentibus.
972 1251 1040 1285 Sed
1076 1251 1144 1285 nisi
1177 1251 1335 1295 additur,
1367 1251 1427 1286 vix
1463 1252 1541 1286 fieri

150 1316 276 1357 potest,
300 1312 383 1356 quin
405 1323 510 1356 pares
534 1311 578 1345 ad
603 1311 741 1344 demissi
764 1311 959 1351 referatur,
980 1312 1087 1352 sama
1110 1321 1195 1343 vero
1218 1314 1253 1344 et
1268 1313 1416 1353 fortuna
1439 1310 1541 1344 abla-

151 1369 225 1403 tivo
250 1380 333 1403 casu
357 1369 402 1403 ad
423 1380 529 1413 pares
552 1369 726 1402 trahatur.
744 1388 790 1393 —-
836 1368 983 1411 Imperio
1015 1367 1162 1407 traditi‚·
1193 1367 1332 1402 Curtius
1354 1378 1541 1412 comparu-

149 1425 203 1459 vit
235 1425 354 1459 lustin.
386 1427 477 1468 XLI,
502 1425 536 1459 4.
582 1427 731 1459 duarum
766 1426 961 1459 civitatium
1003 1425 1146 1468 imperio
1175 1426 1368 1468 praeditus.
1422 1424 1539 1459 Tacit.

149 1483 239 1518 Ann.
270 1484 362 1524 XVI,
392 1483 450 1524 22,
475 1482 550 1516 init.
585 1483 742 1527 quamvis
773 1481 1072 1527 quindecimvirali
1106 1483 1297 1515 sacerdotio
1327 1484 1538 1527 praeditum.

150 1539 222 1573 Cic.
257 1541 345 1584 Epp.
379 1541 435 1574 a'd.
465 1539 565 1574 Attio.
598 1539 690 1580 vlu,
724 1539 758 1572 3.
803 1540 1014 1582 Plerumque
1055 1538 1148 1571 enim
1186 1540 1371 1582 praeditus
1411 1541 1455 1574 de
1495 1540 1540 1574 iis

149 1597 299 1639 dicitur,
323 1609 413 1641 quae
436 1596 560 1631 natura
583 1596 618 1629 in
642 1596 747 1629 rebus
780 1600 841 1630 aut
862 1597 1063 1630 hominibus
1097 1597 1233 1638 insunt3
1264 1597 1391 1631 latiore
1423 1602 1540 1632 tumen

147 1665 216 1688 usu
251 1654 358 1688 etiam
392 1654 434 1687 de
465 1653 528 1695 iis,
563 1664 653 1697 quae
688 1653 898 1687 extrinsecus
936 1654 1105 1687 accedunt
1135 1653 1209 1688 sive
1239 1664 1328 1698 quae
1359 1659 1538 1697 parantur,

132 1715 348 1756 usurpatur.
406 1713 602 1754 Utrumque
635 1710 813 1744 coniunxit
844 1709 965 1743 Cicero
997 1711 1032 1744 in
1064 1711 1159 1744 Lael.
1192 1723 1222 1745 c.
1255 1709 1311 1752 15,
1339 1711 1397 1746 51.
1436 1717 1476 1746 ut
1498 1713 1539 1755 ii,

146 1769 208 1811 qui
241 1770 360 1813 opibus
392 1774 426 1804 et
458 1770 585 1813 copiis,
617 1770 833 1812 maximeque
867 1768 995 1801 virtute
1025 1770 1180 1813 praediti
1212 1770 1354 1804 minime
1396 1771 1538 1804 alterius

145 1825 345 1871 indigeant.

241 1885 272 1926 §.
298 1883 355 1917 13.
403 1885 463 1918 sed
487 1885 637 1918 minume
670 1883 775 1917 irasci
807 1882 923 1928 dccet]
970 1883 1069 1917 Novo
1099 1883 1204 1917 modo
1237 1881 1437 1927 Herzogius
1469 1881 1537 1915 mi-

145 1949 249 1974 nume
273 1941 317 1975 ad
341 1941 444 1976 irasci
469 1944 594 1984 refert3
618 1942 698 1975 vult
718 1940 811 1973 enim
835 1941 923 1974 hnec
946 1941 1055 1975 verba
1078 1952 1144 1974 non
1170 1937 1374 1983 negativum
1397 1950 1535 1973 sensum

145 2000 186 2031 ut
209 1997 446 2033 antecedentia
470 2000 612 2041 habere,
642 1999 700 2032 scd
725 1997 874 2031 aientem
897 1997 1101 2031 sententiam
1125 1996 1286 2037 efficere,
1311 2007 1403 2040 quae
1435 2008 1536 2040 prue-

144 2054 280 2088 cedenti
305 2060 510 2099 opponatur.
560 2056 628 2090 Sed
654 2066 744 2099 quae
769 2054 873 2089 affert
896 2055 1056 2097 exemplu
1079 2055 1155 2099 lug.
1178 2054 1305 2095 ,xxxL
1333 2054 1390 2091 1⁰.
1422 2059 1458 2089 et
1476 2055 1533 2089 2⁴1.

143 2119 188 2144 ne
212 2111 322 2145 uliam
345 2112 484 2156 quidem
516 2123 596 2146 cum
625 2116 741 2146 nostro
764 2112 842 2145 loco
875 2111 1137 2145 similitudinem
1162 2112 1310 2153 habent,
1345 2112 1443 2146 cuiun
1476 2123 1535 2146 ra-

142 2167 272 2203 tionem
297 2170 338 2202 V.
363 2169 408 2203 1).
442 2182 509 2204 non
534 2174 710 2212 assecutus
741 2169 888 2203 videtur.
937 2170 975 2203 ln
1000 2173 1161 2213 promptu
1186 2173 1236 2202 est
1261 2169 1377 2210 enim,
1413 2178 1534 2204 omnen

141 2226 393 2261 enunciationis
435 2232 550 2272 partes
589 2236 662 2261 esse
692 2226 896 2272 negativus,
942 2226 992 2260 itu
1015 2231 1150 2269 tamen,
1190 2230 1229 2260 ut
1258 2227 1447 2261 sentcntiae
1481 2227 1534 2261 vis

141 2284 349 2327 gradatione
374 2286 467 2319 facta
500 2286 535 2319 in
560 2286 701 2327 tertium
726 2289 871 2329 νει-51ης
903 2295 986 2317 nam
1019 2284 1101 2327 quia
1128 2285 1258 2318 Caesar
1281 2285 1399 2318 statim
1423 2285 1534 2319 flubii-

143 2339 191 2373 cit
214 2352 303 2385 quae
328 2343 422 2385 apud
450 2344 535 2376 alios
560 2342 813 2376 iracundia
849 2342 976 2374 dicitur
1000 2346 1065 2375 etc.
1082 2367 1092 2382 ‚
1123 2354 1211 2385 quac
1244 2343 1351 2377 verba
1383 2341 1533 2376 cannati

141 2406 231 2430 nexu
257 2410 336 2432 cum
369 2400 575 2445 antegressis
611 2402 799 2433 cohaerere
824 2399 973 2432 diximus
997 2400 1039 2432 ad
1066 2403 1098 2442 §.
1119 2400 1174 2440 2,
1207 2401 1284 2433 luce
1307 2400 1435 2433 clarina
1467 2403 1532 2439 eet,

141 2453 232 2488 hanc
265 2456 467 2490 sententiam
512 2458 757 2500 praecessisse:
798 2458 989 2490 omnium
1020 2458 1208 2490 maxime
1243 2458 1296 2490 ira
1334 2457 1531 2491 vitanda

142 2517 205 2552 cut,
231 2512 252 2545 i.
279 2523 308 2546 e.
334 2514 484 2547 minume
510 2514 604 2547 dccet
631 2515 745 2548 irasci.
793 2515 887 2549 nuic
912 2519 1028 2548 nutem
1053 2515 1242 2547 sentcntiae
1266 2514 1408 2548 minime
1431 2514 1531 2547 obest

141 2569 203 2600 scd
227 2570 416 2612 particula,
451 2582 513 2614 pro
540 2582 610 2614 qun
643 2571 842 2615 llerzogins
876 2583 956 2604 vcro
991 2571 1173 2604 dicendum
1205 2571 1312 2605 tuisse
1343 2570 1527 2611 contendit,

138 2623 227 2658 (also
253 2632 397 2670 putans,
413 2628 668 2673 ,tantummodo
693 2629 884 2663 contrarias
908 2640 961 2661 rm
987 2628 1049 2662 ina
1071 2629 1197 2662 vocula
1221 2628 1392 2673 componi.
1438 2627 1529 2662 Num

136 2686 279 2725 praeter
314 2684 407 2717 hunc
443 2696 564 2725 usum,
597 2685 639 2718 dc
670 2698 740 2729 qno
774 2697 808 2722 v.
835 2686 1064 2720 Remulum-nii
1098 2687 1255 2720 Gramm-
1280 2686 1354 2720 lat.
1388 2687 1423 2727 S.
1448 2685 1529 2720 181.

131 2737 180 2773 B·
197 2739 226 2776 1.
248 2750 281 2783 p.
300 2741 403 2784 ⁵3⁴„
425 2743 486 2778 scd
509 2742 616 2779 etiam
640 2744 800 2788 ponitur,
825 2743 886 2779 ubi
908 2755 951 2779 ex
974 2743 1144 2779 sententia
1174 2743 1280 2779 latius
1309 2746 1447 2788 patente
1481 2741 1520 2778 in
