1630 3034
380 144 737 190 IUGURTHA.
797 146 923 191 CAP.
955 145 1104 189 exul.
1147 119 1149 121 ¹
1341 152 1426 193 coa

50 263 253 322 loquium
283 264 346 307 uti
376 263 434 307 de
468 278 584 323 pace
619 265 854 323 veniretur,
887 262 1098 308 Bocchus
1129 263 1297 309 Sullam
1325 280 1423 310 mo-

49 359 127 417 do,
161 360 301 404 modo
335 360 581 421 Iugurthae
612 362 812 422 legatum
845 362 1091 422 appellare,
1118 362 1311 421 benigne
1340 362 1424 406 ha-

50 457 185 514 bere,
221 457 343 502 idem
372 458 591 503 ambobus
625 459 837 519 polliceri.
908 459 978 503 Illi
1010 459 1176 519 pariter
1210 459 1335 512 laeti,
1373 474 1426 503 ac

9 589 20 592 -
47 554 144 614 spei
178 554 327 600 bonae
358 556 479 616 pleni
516 571 624 601 esse.
696 556 791 601 Sed
823 563 957 602 nocte
993 572 1063 615 ea,
1102 572 1216 615 quae
1250 564 1460 617 proxu-3

44 674 158 718 tham,
181 675 305 721 Aspari
330 677 476 712 Sullam.
501 697 546 703 —
582 679 668 713 Esse
699 682 777 723 post
805 680 923 724 pleni,
952 678 1044 722 quod
1074 678 1110 712 in
1133 678 1206 712 solo
1229 678 1367 713 Fabric.
1390 679 1426 713 2.

45 736 270 780 desideratur,
296 739 432 772 Cortius
461 739 603 782 expulit.
619 759 664 764 -—-
687 741 771 774 Post
793 741 930 774 remotis
953 740 990 773 in
1012 739 1182 784 plerisque
1205 741 1302 774 codd.
1326 740 1431 774 addi-1²

44 799 118 831 tum
142 802 192 832 est
215 800 347 840 ceteris,
371 810 439 842 quo
463 810 601 833 sensum
624 802 727 835 valde
751 802 910 845 impediri
933 802 1003 835 iaz-n
1027 804 1202 835 senserunt
1222 800 1426 834 Ciacconius

43 860 78 892 et
110 859 265 894 Ursinus.
312 860 450 894 Eiicere
482 872 587 896 ausus
614 866 665 896 est
698 863 854 906 Cottius,
882 873 988 906 quum
1024 873 1045 895 a
1069 861 1205 895 Fabric.
1238 861 1271 894 1.
1305 862 1426 895 abesse

42 918 203 962 vidisset,
238 921 379 965 eiusque
402 923 588 956 sententiae
611 935 674 957 nos
698 935 833 967 quoque
864 923 1080 963 accedimus,
1112 922 1194 956 licet
1217 922 1426 956 Gerlachius

42 983 77 1014 et
99 980 215 1015 Faber
238 983 421 1016 molestam
445 994 568 1016 vocem
592 985 805 1018 retinuerint.
854 984 943 1018 Nam
968 995 1074 1027 quum
1103 986 1280 1016 mutata
1306 983 1426 1016 volun-

43 1044 100 1074 tas
124 1043 369 1087 variusque
394 1044 530 1077 animus
552 1056 620 1078 non
643 1045 714 1078 alia
736 1057 775 1078 re
799 1049 1006 1085 cerneretur,
1031 1054 1137 1086 quam
1158 1043 1248 1084 quod
1271 1043 1424 1085 iidem,

41 1112 128 1144 quos
150 1103 254 1136 modo
278 1104 533 1146 advocaverat,
558 1106 696 1146 statim,
719 1110 757 1138 ut
780 1108 967 1145 venerant,
994 1104 1261 1145 remitterentur,
1284 1115 1422 1139 necesse

41 1165 94 1196 est
115 1162 206 1196 haec
230 1164 300 1198 duo
326 1165 526 1207 praedicata
557 1167 755 1200 eiusdem
785 1166 943 1199 vocabuli
973 1164 1041 1198 sibi
1075 1164 1211 1208 opponi.
1261 1164 1329 1198 Sed
1356 1165 1422 1200 ista

40 1223 215 1266 oppositio
238 1225 373 1258 tollitur
396 1225 426 1259 si
450 1227 587 1260 remotis
611 1238 680 1260 non
703 1226 748 1259 ad
773 1227 959 1259 amicornm
984 1237 1121 1268 nomen,
1146 1225 1204 1258 sed
1225 1225 1269 1258 ad
1291 1237 1422 1261 novum

39 1282 232 1317 subiectum
256 1286 417 1321 refertur.
465 1289 496 1320 A
519 1299 603 1321 vero
626 1287 735 1331 igitur
758 1286 933 1320 aberravit
957 1286 1095 1326 Faber,
1129 1284 1189 1328 qui
1212 1287 1332 1319 ceteris
1356 1299 1421 1330 pu-

40 1343 129 1378 tavit
149 1344 199 1379 ita
221 1347 372 1389 positum
395 1359 491 1389 esse,
525 1353 563 1382 ut
585 1347 742 1391 sequenti
768 1346 962 1391 pronomini
994 1346 1059 1379 sibi
1091 1351 1306 1389 opponatur;
1338 1358 1420 1382 nam

39 1403 108 1439 ista
131 1407 345 1450 oppositione
366 1409 529 1450 admissa,
553 1413 688 1443 tantum
712 1409 821 1448 abest,
847 1411 885 1441 ut
908 1407 1059 1450 vulgata
1080 1405 1292 1448 defendatur,
1316 1411 1355 1441 ut
1370 1408 1423 1442 la—

40 1465 235 1502 befactetur
257 1481 399 1512 prorsus
423 1481 465 1503 ac
489 1475 645 1512 corruat,
676 1469 759 1513 quia
783 1472 855 1502 tam
878 1467 1047 1501 sententia
1069 1466 1166 1509 ipsa,
1192 1478 1297 1510 quam
1317 1480 1424 1502 enun-

40 1526 201 1562 ciationis
220 1530 449 1564 conformatio
476 1533 614 1564 remotis
634 1528 828 1564 necessario
853 1528 896 1561 ad
921 1528 1040 1561 amicis
1064 1537 1189 1560 nomeu
1212 1528 1342 1562 referre
1365 1541 1423 1564 co-

38 1588 105 1633 git.
151 1590 337 1624 Probanda
370 1591 461 1625 foret
492 1591 601 1626 Fabri
632 1590 822 1632 sententia,
855 1590 884 1623 si
918 1588 1102 1622 Sallustius
1134 1587 1185 1621 ita
1215 1588 1421 1632 scripsisset:

42 1647 192 1684 Maurus
223 1651 358 1685 adhib
374 1657 416 1687 ct
451 1653 650 1692 amicos;
684 1663 724 1685 ac
758 1651 893 1691 statim,
919 1651 1106 1683 immutata
1129 1648 1320 1692 voluntate,
1346 1662 1422 1685 re-

39 1712 172 1744 motis
204 1713 399 1754 ceteris,
431 1713 559 1747 dicitur
590 1725 703 1747 secum
737 1713 837 1756 ipse
868 1711 980 1744 multa
1003 1709 1170 1754 agitasse.
1216 1710 1291 1744 Nisi
1313 1711 1423 1756 igitur

38 1774 189 1813 statuas,
220 1778 398 1806 auctorem
423 1777 606 1817 utramque
630 1773 765 1807 dicendi
791 1771 961 1806 rationem
985 1769 1198 1810 confudisse,
1231 1774 1265 1804 et
1285 1772 1421 1814 partici-

39 1830 89 1874 pii
122 1833 290 1867 adhibitis
321 1834 469 1868 oblitum
502 1835 552 1869 ita
576 1834 792 1868 continuasse
816 1831 1026 1870 orationem,
1051 1830 1149 1872 quasi
1175 1832 1319 1865 verbum
1343 1833 1421 1866 fini-

39 1895 114 1925 tum
133 1893 388 1935 praecessisset,
411 1896 447 1928 id
471 1896 562 1938 quod
587 1896 622 1928 iu
646 1898 741 1928 tanta
762 1892 950 1926 sententiae
972 1890 1144 1924 brevitate
1166 1901 1207 1924 ac
1227 1892 1421 1936 perspicui-

40 1955 114 1985 tate
135 1953 335 1996 neutiquam
363 1958 416 1988 est
442 1955 621 1995 credibile,
644 1954 793 1999 vulgata
815 1953 912 1986 nullo
936 1956 1040 1995 pacto
1063 1955 1156 1984 stare
1184 1955 1304 1993 potest.
1352 1953 1422 1987 Ne·

38 2024 107 2056 que
139 2017 234 2048 tanta
265 2018 317 2048 est
347 2020 489 2048 externa
513 2015 586 2048 eius
611 2014 816 2054 auctoritas,
838 2013 953 2046 nullus
976 2015 1014 2044 ut
1036 2009 1223 2053 suspicioni
1244 2012 1342 2059 locus
1364 2025 1420 2047 re·-

40 2073 228 2118 linquatur.
285 2075 375 2110 Nam
410 2080 652 2119 praeterquam
688 2074 779 2117 quod
812 2073 955 2106 Fabric.
988 2071 1022 2104 1.
1056 2082 1175 2105 veram
1211 2073 1422 2116 scripturam

38 2134 154 2178 ipsam
185 2136 313 2178 habet,
344 2136 410 2170 isto
435 2137 512 2170 loco
537 2135 666 2179 aliquid
690 2135 868 2169 turbatum
893 2143 966 2165 esse
990 2143 1031 2164 ex
1054 2142 1095 2164 eo
1119 2137 1234 2177 patet,
1269 2137 1360 2178 quod
1383 2137 1419 2170 iu

39 2195 166 2230 Bazar.
191 2208 254 2239 pro
280 2198 400 2231 amicis
422 2202 474 2231 est
497 2198 633 2237 amisso,
658 2196 693 2229 in
717 2195 832 2229 Berol.
855 2194 889 2227 2.
909 2196 986 2236 post
1004 2193 1122 2226 amicis
1140 2193 1277 2229 additur
1294 2198 1418 2231 omisso

37 2257 147 2300 priori
170 2258 322 2298 consilio,
344 2258 381 2291 in
404 2259 519 2292 Palat.
543 2257 576 2291 4.
602 2260 719 2290 autem
751 2256 880 2300 legitur
914 2256 1059 2288 Maurus
1095 2255 1260 2290 adhibitis
1284 2257 1417 2299 amicis,

41 2319 204 2352 omisso
226 2319 375 2362 priori
398 2319 621 2359 consilio,
647 2329 688 2350 uc
712 2318 830 2350 statim
855 2317 1040 2350 immutata
1063 2315 1258 2357 voluntate,
1282 2329 1418 2351 remo-

41 2383 113 2412 tus
136 2379 263 2412 dicitur
285 2379 358 2422 ipse
381 2382 445 2413 etc.
470 2398 515 2403 —
550 2379 666 2412 Multa
689 2377 897 2411 Gerlachius
919 2374 1067 2409 mutavit
1098 2374 1132 2408 in
1165 2375 1327 2415 multum3
1358 2377 1417 2409 sed

41 2440 250 2474 auctoritate
272 2439 369 2473 codd.
395 2440 468 2473 fere
492 2440 571 2483 pari
594 2449 661 2472 non
686 2437 829 2471 dubium
853 2442 924 2480 est,
961 2437 1043 2480 quin
1066 2434 1208 2479 pluralis
1231 2435 1418 2479 cogitatio-

40 2511 136 2541 num,
161 2499 286 2542 quibus
309 2499 522 2544 agitabatur,
546 2498 749 2534 varietatem
772 2498 875 2542 longe
898 2497 1014 2541 aptius
1035 2495 1209 2535 ostendat3
1239 2495 1285 2530 ct'.
1309 2506 1417 2530 anno-

41 2563 114 2593 tata
137 2560 181 2593 ad
205 2559 309 2593 catil.
335 2571 366 2593 c.
394 2560 544 2602 XXl'll,
570 2561 605 2594 4.
630 2570 663 2602 p.
692 2558 773 2592 12⁰.
798 2558 911 2592 Faber
935 2561 1114 2601 praeterea
1138 2555 1288 2590 contulit
1312 2556 1418 2592 Catil.

41 2620 188 2662 XXXII,
213 2621 244 2654 l.
271 2620 361 2661 Lm,
385 2621 418 2654 4.
443 2622 518 2666 lug.
544 2622 601 2661 vl,
626 2619 659 2652 2.
693 2637 739 2644 —
778 2619 878 2652 Vultu
902 2618 1050 2662 corporis
1074 2621 1188 2650 tenent
1222 2616 1298 2650 Vin.
1322 2617 1355 2650 l.
1380 2617 1415 2650 2.

42 2681 123 2714 Seu.
154 2682 187 2715 1.
221 2682 255 2715 2.
292 2682 374 2716 Bas.
400 2682 433 2716 1.
463 2682 568 2716 Acad.
593 2680 731 2714 Fabric.
758 2680 792 2713 2.
819 2680 936 2713 Struv.
959 2680 1029 2713 lnc.
1052 2677 1087 2711 2.
1111 2677 1237 2712 fleuss.
1263 2678 1357 2710 Vrat.
1383 2677 1416 2710 1.

46 2741 166 2777 Guelf.
197 2743 228 2775 1.
262 2741 295 2775 «Ι.
330 2742 457 2778 Nazar.
491 2743 568 2778 Pal.
597 2741 632 2776 3.
666 2740 699 2775 6.
731 2740 841 2776 Paris.
874 2741 909 2775 b.
932 2751 962 2774 c.
986 2751 1020 2774 x.
1043 2750 1074 2773 z.
1101 2742 1136 2773 et
1159 2737 1279 2771 Goerl.
1303 2736 1417 2772 Ceteri
