1630 3034
423 194 769 237 ,CATILINA.
839 193 973 234 CAP.
1008 194 1095 236 XL.
1376 199 1460 241 189

74 309 185 354 nihil
230 317 323 356 tam
368 326 578 370 asperum
620 325 767 367 neque
809 314 903 353 tam
943 309 1129 355 difficile
1165 325 1283 370 esse,
1330 312 1458 369 quod

74 418 164 445 non
200 403 502 462 cupidissume
546 402 706 446 facturi
741 407 914 457 essent,
952 401 1061 444 dum
1110 418 1163 446 ea
1197 418 1266 446 res
1302 403 1459 448 civita-

72 499 164 536 tem
232 509 336 538 aere
398 494 547 537 alieno
611 493 834 537 liberaret.
919 492 1004 536 Ille
1053 506 1128 536 eos
1173 494 1219 540 in
1271 494 1457 538 domum

72 565 130 626 D.
166 584 296 627 Bruti
330 585 551 644 perducit,
588 583 714 650 quod
748 583 850 626 foro
884 583 1138 642 propinqua
1170 590 1278 640 erat,
1312 600 1459 643 neque

74 673 218 717 aliena
254 675 423 730 consili,
460 680 650 733 propter
684 674 1025 732 Semproniam3
1068 690 1172 718 nam
1206 680 1301 722 tum
1337 676 1458 721 Bru-

76 771 144 808 tus
190 767 247 809 ab
283 766 432 809 Roma
478 767 658 818 aberat3
704 772 938 824 praeterea
974 765 1218 809 Gabinium
1263 767 1459 823 accersit,

77 871 169 914 quo
204 857 346 900 maior
382 856 619 915 auctoritas
656 856 847 900 sermoni
880 856 1050 901 inesset.
1120 857 1192 902 Eo
1225 864 1461 916 praesente

75 1000 140 1032 pro
165 1001 234 1033 quo
257 989 338 1023 inde
361 1001 382 1024 a
405 989 513 1023 Rivio
547 1001 588 1023 cx
612 999 681 1023 uno
707 986 781 1023 cod.
806 988 938 1023 Veneto
961 989 996 1024 in
1021 1001 1140 1024 omncs
1165 989 1241 1024 edd.
1267 990 1349 1035 quin
1372 990 1460 1024 irre-

74 1051 213 1089 pserat,
245 1059 337 1091 quae
362 1048 623 1082 scribae'malc
645 1048 756 1082 seduli
781 1048 950 1081 correctio
983 1059 1052 1081 non
1076 1048 1224 1081 debebat
1248 1048 1462 1082 relicuorum

79 1103 180 1138 could.
213 1104 370 1139 omnium
403 1105 608 1139 auctoritate
640 1105 756 1149 potior
778 1105 915 1138 haberi.
940 1123 986 1129 —
1023 1105 1205 1138 Civitatem
1238 1104 1262 1138 i.
1289 1117 1318 1138 e.
1351 1109 1461 1139 totam

77 1167 235 1205 gentem,
260 1164 303 1196 de
326 1172 398 1206 qua
422 1162 514 1195 vocis
536 1163 575 1195 vi
598 1162 684 1195 dixit
707 1161 826 1195 Davis.
852 1163 895 1195 ad
919 1162 1015 1195 Caes.
1040 1162 1084 1195 B.
1111 1163 1154 1195 G.
1168 1164 1194 1202 1,
1210 1162 1244 1204 2,
1263 1162 1295 1196 2.
1321 1164 1364 1196 cl'.
1383 1174 1459 1206 cap.

76 1228 148 1261 seq.
175 1222 206 1261 ἓ.
230 1220 263 1253 4.
283 1240 329 1245 --
349 1221 403 1253 Εα
427 1232 480 1253 res
505 1220 679 1263 quomodo
702 1219 746 1253 ad
765 1230 1010 1264 praegressum
1033 1220 1124 1264 quod
1145 1221 1331 1263 referatur,
1349 1224 1464 1255 osten-

78 1275 193 1308 dimus
216 1277 260 1309 ad
285 1288 314 1309 c.
334 1277 458 1317 XVIII,
478 1276 511 1309 8.

121 1332 123 1335 ’
170 1334 202 1374 S.
228 1332 261 1366 5.
310 1334 347 1366 in
371 1334 507 1367 domum
530 1335 574 1367 D.
602 1333 728 1377 Bruti]
767 1333 801 1368 Is
827 1333 955 1367 consul
977 1333 1046 1368 fuit
1069 1344 1101 1368 a.
1126 1345 1161 1367 u.
1184 1334 1265 1368 677.
1300 1334 1467 1379 laudatus

80 1400 102 1423 a
125 1389 313 1432 Cicerone,
344 1391 455 1424 Bruto
488 1402 518 1424 c.
548 1391 604 1433 47,
626 1390 705 1424 175.
743 1391 786 1425 D.
811 1391 962 1432 Brutus,
988 1392 1086 1424 homo
1119 1397 1153 1425 et
1181 1393 1322 1425 Graecis
1345 1393 1465 1426 doctus

80 1447 205 1481 litteris
229 1453 261 1481 et
285 1448 435 1482 Latinis.
492 1450 608 1492 Quam
641 1448 730 1482 inter
754 1448 963 1482 Sallustium
987 1453 1021 1483 et
1046 1449 1269 1491 Ciceronem,
1304 1453 1392 1484 orat.
1425 1449 1464 1483 in

79 1505 182 1538 catil.
199 1505 259 1547 111,
279 1506 313 1547 6,
334 1506 402 1547 14„
429 1506 699 1550 discrepantiam
723 1517 796 1539 esse
819 1506 939 1540 statuit
961 1507 1131 1548 Dahlius,
1156 1495 1254 1540 nulla
1277 1511 1356 1547 est3
1380 1517 1465 1541 nam

78 1562 171 1605 quod
194 1562 314 1596 Cicero
337 1563 389 1597 ibi
413 1564 520 1606 dicit,
554 1565 602 1598 ad
628 1565 813 1597 Gabinium
845 1565 981 1608 legatos
1007 1576 1077 1598 esse
1097 1565 1303 1609 perductos,
1336 1563 1371 1596 id
1395 1575 1466 1598 non

78 1622 131 1652 est
154 1619 190 1653 in
218 1621 360 1655 Gabinii
383 1623 542 1662 domum‚·
568 1621 790 1665 sequentibus
815 1626 933 1655 autem
958 1621 1118 1655 Sallustii
1150 1622 1267 1655 verbis
1289 1622 1468 1665 inspectis,

80 1680 236 1720 apparet,
258 1682 444 1722 utrumque
467 1679 671 1723 scriptorem
695 1678 731 1712 in
746 1679 911 1720 Gabinio,
936 1680 1035 1713 cuius
1058 1679 1232 1723 imprimis
1256 1680 1467 1714 auctoritate

79 1734 278 1768 Umbrenus
308 1735 516 1781 Allobroges
546 1748 689 1769 movere
722 1737 846 1777 venet,
879 1736 982 1779 plane
1015 1736 1218 1771 consentire.
1252 1757 1296 1762 —
1343 1737 1466 1781 Neque

80 1792 198 1824 aliena
222 1793 340 1826 consili
365 1793 504 1826 Cortius
526 1798 619 1827 recte
642 1794 887 1837 interpretatur
911 1798 1103 1837 opportuna
1126 1796 1286 1835 consilio3
1308 1799 1468 1828 constru-

79 1847 149 1881 ctio
183 1860 212 1881 c.
237 1849 392 1892 genitivo
425 1851 546 1894 paullo
579 1851 694 1884 rarior
716 1852 869 1898 habetur
903 1851 1009 1885 etiam
1033 1853 1125 1895 apud
1151 1852 1222 1886 Cic.
1248 1853 1290 1885 de
1313 1852 1413 1885 Finn.
1439 1851 1469 1893 Ι,

80 1905 115 1947 4,
140 1905 196 1938 11.
229 1908 304 1950 quis
328 1908 479 1940 alienum
498 1913 599 1952 putet
623 1910 695 1942 cius
720 1921 790 1943 esse
814 1910 1012 1954 dignitatis.
1062 1910 1115 1943 Cf.
1139 1911 1278 1952 Zumpt.
1305 1909 1465 1942 Gramm.

80 1963 157 1997 Lat.
182 1966 214 2005 ἓ.
237 1963 295 2005 74,
314 1963 348 1997 8.
372 1969 442 1998 not.
469 1977 502 2008 p.
524 1966 603 1999 360.
637 1968 816 2011 Herzogio
839 1979 907 2000 non
930 1967 1158 2009 assentimur,
1181 1979 1249 2000 non
1272 1968 1390 2000 aliena
1412 1966 1468 1998 iu·-

81 2021 287 2063 terpretanti
311 2023 466 2064 conscia,
491 2024 734 2057 coniurationis
755 2025 949 2068 particeps,
981 2025 1038 2058 cui
1069 2023 1291 2069 explicationi
1328 2024 1469 2056 obstant

83 2079 190 2112 verba
212 2091 292 2112 nam
319 2085 393 2113 tum
418 2081 547 2114 Brutus
582 2083 625 2114 ab
651 2083 764 2115 Roma
793 2083 937 2125 aberat,
970 2094 1039 2125 qua
1063 2087 1156 2115 certe
1185 2092 1223 2114 re
1247 2080 1320 2113 eius
1344 2080 1469 2113 domus

83 2147 154 2170 non
178 2137 316 2170 conscia
339 2137 462 2178 fiebat,
496 2142 599 2172 antea
624 2139 760 2172 consilii
784 2151 926 2183 expers,
956 2140 1017 2173 sed
1046 2139 1135 2172 illud
1159 2139 1397 2178 efficiebatur,
1428 2141 1468 2171 ut

89 2193 240 2226 Catilina
263 2205 306 2227 ea
330 2195 501 2228 commodo
534 2196 581 2228 ad
615 2196 757 2229 consilia
787 2197 981 2239 aperiunda
1012 2198 1066 2230 uti
1095 2201 1228 2239 posset,
1262 2193 1469 2239 Sempronia

85 2249 193 2287 facile
216 2251 421 2285 concedente
441 2258 584 2296 propter
607 2252 854 2286 coniurationis
877 2253 1135 2287 conscientiam.

97 2342 100 2345 Α
181 2308 224 2340 ab
249 2308 384 2352 Roma]
410 2310 462 2342 Ita
485 2310 649 2344 exhibent
671 2311 751 2344 Bas.
777 2311 810 2344 1.
845 2311 941 2345 Leid.
965 2312 1005 2345 A.
1030 2312 1074 2344 Β.
1099 2312 1137 2345 C.
1165 2311 1210 2345 G.
1228 2311 1277 2345 H.
1302 2313 1337 2344 et
1355 2310 1467 2344 Prisc.

86 2365 160 2407 XV,
179 2365 213 2406 2,
227 2365 261 2398 9.
285 2376 320 2408 p.
342 2365 422 2399 618.
449 2366 512 2398 Kr.
547 2366 670 2400 relicui
700 2368 991 2411 praepositionem
1025 2369 1206 2403 abiiciunt.
1261 2369 1363 2412 Quod
1386 2368 1470 2402 Ma-

87 2422 223 2466 laspina
246 2422 335 2455 inter
358 2422 541 2456 dictionem
566 2425 682 2458 venire
697 2426 819 2458 ”Roma
845 2430 878 2459 et
900 2427 1017 2460 venire
1041 2427 1084 2459 ab
1109 2428 1222 2460 Roma
1246 2426 1370 2460 statuit
1394 2426 1470 2460 dis·-

88 2480 242 2521 crimen,
268 2483 307 2512 ut
330 2479 417 2513 illud
441 2480 640 2514 interiorem
665 2482 782 2515 locum
814 2482 963 2524 indicet,
988 2484 1057 2517 hoc
1085 2485 1309 2526 exteriorem,
1336 2484 1371 2517 id
1396 2484 1470 2527 ple—

88 2537 204 2581 risque
233 2536 320 2570 locis
350 2537 486 2571 nullum
519 2549 594 2571 esse
625 2543 719 2573 recte
758 2541 888 2575 iudicat
919 2542 1000 2574 Ger.
1031 2542 1058 2577 Ι,
1093 2543 1234 2576 Vossius
1265 2542 1308 2574 de
1333 2542 1469 2575 Constr-

88 2606 118 2629 c.
136 2595 192 2629 46.
217 2606 250 2638 p.
273 2593 352 2628 495.
388 2604 538 2637 quocum
561 2598 728 2631 consentit
753 2598 986 2632 Ruddimann.
1011 2599 1135 2632 Institt.
1154 2600 1196 2632 ll.
1220 2611 1254 2643 p.
1271 2598 1351 2632 281.
1398 2596 1472 2631 Ubi

90 2653 135 2687 ab
158 2652 368 2696 praepositio
391 2662 470 2685 eam
495 2664 601 2696 quam
625 2655 824 2699 Malaspina
847 2657 922 2690 vult
946 2656 1019 2689 vim
1043 2656 1218 2697 obtineat,
1249 2655 1403 2689 dicemus
1424 2654 1472 2688 ad

90 2710 166 2755 lug.
185 2710 277 2755 LXI,
304 2710 362 2753 1.;
390 2709 451 2745 hic
473 2711 519 2746 cf.
542 2713 637 2749 locos
668 2723 692 2749 a
715 2713 833 2749 Cortio
856 2714 1033 2758 laudatos,
1055 2714 1131 2749 Liv.
1152 2714 1258 2755 XLII,
1279 2713 1336 2755 18,
1352 2711 1385 2747 5.
1420 2713 1470 2747 le—

1483 499 1508 540 <n
