1630 3034
159 196 244 238 382
529 190 573 233 C.
605 188 935 233 SALLUSTI
966 188 1181 235 CRISPI

161 313 294 354 noctu
340 306 651 364 requiescere,
686 306 907 351 interdum
952 321 1112 351 somno
1156 308 1322 352 excitus
1358 309 1548 369 arreptis
1605 346 1630 355 ν,

165 406 298 450 armis
341 403 579 447 tumultum
625 402 804 457 facere3
850 403 911 447 ita
945 403 1184 454 formidine
1230 405 1356 464 quasi
1390 421 1550 450 vecor-

163 503 236 546 dia
272 500 499 560 exagitari.

299 596 507 642 LXXIII.
581 596 720 658 Igitur
756 596 991 654 Metellus,
1027 597 1104 642 ubi
1141 597 1199 642 de
1236 612 1341 641 casu
1374 596 1551 641 Bomil-

163 776 344 816 omnibus,
378 785 469 819 quae
491 773 689 808 testimonia
720 774 925 818 persuadent
950 773 1154 811 ἀσύνδετον
1185 775 1338 810 auctoris
1361 775 1554 809 orationem

163 850 186 873 a
209 836 332 873 scribis
357 837 401 870 ad
426 836 615 879 vulgarem
639 834 776 868 dicendi
805 835 957 869 formam
982 842 1184 871 revocatam
1208 847 1302 876 esse3
1336 836 1382 869 cf.
1409 835 1453 870 ad
1478 836 1555 870 cat.

164 900 226 941 XI,
250 897 283 932 2.
309 898 386 943 lug.
411 897 518 939 xvu,
544 894 578 930 5.
607 896 680 939 LX,
705 895 740 930 4.
765 916 809 921 -
845 897 914 930 Pro
938 903 1092 932 metuere
1111 897 1148 931 in
1172 897 1315 942 Erlang.
1341 900 1394 931 est
1421 897 1554 938 timere,

163 960 256 1004 quod
281 970 388 1003 quam
412 969 539 1002 parum
562 956 647 990 huic
679 957 758 991 loco
790 958 993 997 conveniat,
1023 969 1130 1001 quum
1161 958 1347 1001 praecedat
1370 968 1438 990 non
1469 957 1556 990 satis

163 1023 326 1061 credere,
359 1023 526 1063 sequatur
560 1019 867 1063 circumspectare,
899 1019 1003 1052 facile
1036 1019 1187 1060 senties,
1211 1017 1348 1052 collatis
1375 1017 1442 1059 iis,
1467 1029 1556 1061 quae

163 1094 193 1116 c.
219 1082 334 1122 Lxx,
358 1079 392 1114 5.
426 1080 469 1113 de
499 1079 680 1123 utriusque
712 1079 810 1112 vorbi
841 1082 1010 1123 potestate
1042 1080 1205 1114 diximus.
1264 1079 1556 1122 circumspectare

162 1143 293 1177 nimiae
316 1141 496 1176 cuiusdam
520 1145 555 1176 et
579 1141 704 1175 anxiae
727 1139 898 1174 cautionis
921 1151 943 1174 a
965 1144 1058 1176 metu
1081 1142 1260 1186 profectae
1289 1138 1465 1173 notionem
1492 1139 1558 1173 ha·-

163 1205 242 1246 bet3
267 1204 312 1237 ef.
337 1202 453 1236 Tacit.
479 1202 567 1236 Ann.
592 1202 651 1244 lv,
674 1200 740 1245 69,
759 1201 793 1235 4.
841 1201 962 1236 Etiam
985 1207 1084 1236 muta
1105 1208 1212 1247 atque
1236 1201 1406 1243 inanima,
1430 1205 1557 1234 tectum

164 1271 197 1300 et
226 1266 380 1311 parietes
413 1262 944 1308 circumspectabantur.
980 1262 1133 1297 Historr.
1164 1263 1232 1304 lv,
1258 1261 1292 1302 8,
1318 1261 1366 1296 in.
1416 1262 1559 1295 Animus

164 1339 251 1361 novo
272 1326 474 1372 principatu
498 1335 677 1369 suspensus
698 1328 733 1357 et
756 1323 871 1356 vultus
895 1334 1027 1367 quoque
1053 1329 1086 1359 et
1109 1335 1280 1357 sermones
1306 1323 1457 1356 omnium
1473 1323 1514 1356 ci
1522 1333 1558 1356 r-

164 1392 499 1433 cumspectans.
534 1386 606 1420 Cic.
630 1386 667 1419 in
693 1383 812 1419 Pison.
836 1394 866 1417 c.
892 1381 951 1426 41,
978 1382 1036 1417 99.
1086 1384 1560 1428 Circumspectantem

165 1451 304 1491 omnia,
339 1448 500 1494 quicquid
532 1447 758 1491 increpuisset
785 1444 1082 1488 pertimescentem
1117 1444 1199 1478 vidi.
1235 1463 1281 1469 -—
1317 1445 1429 1478 verba
1464 1445 1558 1478 alio

164 1516 310 1555 atque
340 1509 410 1542 alio
445 1509 517 1541 loco
550 1507 624 1541 iam
661 1509 799 1541 mature
831 1505 959 1539 vitium
993 1510 1195 1547 traxerunt3
1233 1516 1317 1538 nam
1352 1506 1419 1538 alio
1453 1509 1559 1549 atque

164 1572 259 1605 deest
282 1570 318 1604 in
342 1569 461 1604 Guelf.
479 1568 513 1602 1.
537 1568 571 1602 2.
597 1567 632 1602 6.
656 1567 692 1601 7.
726 1567 808 1601 Seu.
838 1566 871 1601 1.
896 1567 929 1603 2.
964 1567 1072 1603 Fabr.
1097 1566 1129 1599 1.
1155 1565 1188 1598 2.
1215 1566 1334 1600 Vinar.
1359 1566 1391 1600 1.
1415 1567 1499 1601 Bas.
1523 1566 1558 1601 l.

165 1632 200 1667 4.
224 1632 320 1664 Vrat.
346 1630 377 1663 1.
402 1629 437 1664 3.
471 1629 579 1663 Acad.
604 1628 724 1662 Struv.
757 1628 829 1661 Inc.
854 1627 887 1663 1.
911 1629 1014 1662 Rem.
1039 1627 1073 1661 1.
1098 1627 1132 1661 2.
1157 1627 1284 1661 Franc.
1309 1627 1436 1661 Hense.
1461 1626 1559 1661 Leid.

165 1694 192 1727 1.
217 1691 332 1725 Mark.
357 1693 400 1724 A.
427 1692 470 1724 Γ.
498 1689 599 1724 Bodl.
625 1687 756 1723 Arond.
785 1688 881 1732 Reg.
903 1688 1014 1722 Laud.
1039 1688 1073 1722 2.
1099 1688 1134 1723 3.
1174 1689 1278 1725 Bern.
1302 1687 1337 1722 3.
1371 1687 1463 1732 Teg.
1486 1687 1560 1721 Be-

164 1752 232 1787 rol.
256 1751 290 1786 1.
313 1750 347 1784 2.
373 1750 493 1784 Goerl.
517 1748 631 1783 Paris.
657 1749 692 1783 b.
718 1761 750 1783 c.
775 1760 810 1783 x,
835 1761 865 1783 z.
915 1750 955 1782 In
979 1749 1105 1792 quibus
1129 1758 1345 1793 quamquam
1369 1747 1451 1781 libri
1474 1746 1560 1781 satis

165 1814 280 1848 bonae
309 1816 413 1846 notae
445 1814 543 1852 sunt,
574 1814 692 1844 tamen
718 1820 837 1843 sensus
860 1809 960 1843 docet
983 1811 1115 1842 ceteros
1137 1808 1327 1853 genuinam
1351 1808 1561 1851 scripturam

165 1883 344 1915 servasse,
382 1872 442 1916 qui
475 1872 605 1906 habent
629 1871 699 1905 alio
725 1875 829 1915 atquc
858 1870 928 1903 alio
961 1871 1054 1910 loco‚·
1088 1880 1170 1902 nam
1195 1868 1243 1903 ita
1267 1869 1409 1903 demum
1435 1869 1561 1903 crebra

166 1934 317 1970 mutatio
350 1932 419 1968 loci
456 1938 552 1968 recte
583 1932 797 1977 designatur.
831 1931 878 1966 cf.
904 1930 981 1964 Liv.
1007 1930 1040 1972 1,
1064 1929 1107 1972 8,
1132 1928 1166 1963 4.
1216 1930 1396 1965 Crescebat
1420 1931 1561 1965 interim

165 1997 269 2038 urbs,
307 1995 552 2029 munitionibus
588 1994 694 2028 alia
728 1997 865 2037 atque
897 1992 994 2026 alia
1026 1991 1222 2036 appetendo
1251 1993 1339 2026 loca.
1371 1992 1418 2032 11,
1442 1991 1500 2035 11,
1523 1991 1559 2028 2.

171 2059 218 2093 Ut
239 2057 452 2102 praedatum
475 2057 602 2090 milites
637 2060 736 2090 trans
760 2055 896 2097 flumen
921 2052 1036 2087 aliis
1069 2057 1206 2097 atque
1241 2053 1350 2087 aliis
1374 2053 1458 2086 locis
1484 2057 1560 2087 tra-

166 2119 297 2154 iiceret.
323 2117 446 2159 XXX,
468 2116 532 2158 28,
558 2115 592 2150 8.
643 2117 756 2159 Quum
788 2119 1020 2149 assuescerent
1049 2126 1113 2159 per
1145 2115 1277 2159 aliquot
1302 2127 1410 2149 annos
1434 2114 1560 2149 bellum

169 2180 284 2214 aliis
319 2182 465 2223 atque
504 2177 624 2211 aliis
657 2177 693 2210 in
723 2175 851 2209 Italiae
883 2175 1045 2219 partibus
1067 2187 1205 2221 gerere.
1231 2176 1327 2211 eurr..
1353 2176 1420 2218 lv,
1442 2176 1478 2218 1,
1501 2175 1561 2219 35,

171 2241 296 2275 Tribus
326 2239 470 2284 proeliis
501 2238 603 2272 alia
635 2242 778 2282 atque
813 2237 913 2270 alia
937 2238 1079 2281 regione
1103 2238 1300 2272 commissis.
1322 2237 1416 2273 Plin.
1440 2237 1488 2271 H.
1515 2237 1560 2272 N.

167 2302 211 2340 11,
238 2300 318 2335 103.
370 2301 412 2333 In
436 2299 588 2334 Reatino
615 2301 702 2342 fons
734 2298 894 2332 Neminie
927 2299 1123 2343 appellatus
1147 2298 1249 2331 alio
1283 2303 1423 2343 atque
1464 2297 1561 2332 alio

169 2363 241 2396 loco
274 2361 435 2396 exoritur.
483 2361 592 2394 Plura
616 2359 699 2393 vide
735 2359 827 2404 apud
855 2359 1011 2393 Gronov.
1044 2363 1079 2394 et
1110 2349 1374 2393 Drakenborch.
1407 2358 1451 2392 ad
1483 2357 1561 2394 Liv.

169 2422 256 2464 XX,
281 2422 346 2464 20,
369 2420 416 2463 9.,
443 2420 503 2465 qui
529 2422 625 2455 locus
649 2425 765 2455 tamen
788 2420 861 2464 ipse
884 2421 955 2454 huc
979 2432 1047 2455 non
1072 2420 1239 2465 pertinet,
1273 2419 1352 2453 coil.
1379 2418 1493 2453 Hand.
1517 2418 1560 2452 de

169 2483 321 2518 Partice.
348 2483 422 2516 Lat.
450 2483 525 2518 Vol.
542 2483 568 2516 Ι.
593 2494 627 2526 p.
653 2482 733 2516 499.
759 2482 820 2522 111,
845 2481 879 2515 1.
904 2501 949 2506 —-
984 2482 1055 2515 Pro
1079 2483 1208 2516 excitus
1233 2479 1335 2525 pauci
1359 2478 1440 2513 libri
1464 2479 1559 2513 esca·-

170 2548 268 2578 tatus
299 2544 448 2585 habent,
483 2542 575 2587 quod
607 2541 733 2576 merito
763 2553 867 2577 nemo
896 2542 1070 2576 editorum
1105 2543 1274 2588 vulgatae
1306 2539 1492 2585 praetuli13
1524 2550 1557 2573 v.

172 2604 329 2638 Gronov.
353 2609 388 2638 et
412 2603 674 2638 Drakenborch.
711 2603 755 2637 ad
779 2604 854 2638 Liv.
880 2603 967 2647 vu,
990 2603 1056 2647 36,
1083 2603 1117 2638 2.
1150 2604 1185 2645 1,
1209 2603 1244 2643 7,
1269 2602 1300 2636 6.
1328 2600 1440 2635 Tacit.
1464 2599 1557 2636 nist.

172 2666 233 2706 ln,
258 2664 316 2699 55.
340 2684 384 2689 —
416 2665 468 2698 Ad
504 2664 610 2698 verba
645 2665 793 2709 arreptis
825 2665 931 2698 armis
955 2665 1139 2698 tumultum
1165 2666 1287 2707 facere
1311 2662 1447 2696 eortius
1471 2662 1559 2696 bene

173 2730 330 2760 annotat:
368 2725 496 2770 „quasi
528 2726 706 2766 adessent,
739 2725 799 2768 qui
832 2725 904 2759 vim
936 2728 1145 2767 pararent.·‘
1172 2743 1209 2748 —
1241 2723 1437 2757 Formidine
1460 2723 1559 2767 quasi

173 2784 335 2820 vecordia
357 2783 480 2818 iisdem
503 2785 618 2819 verbis
641 2785 808 2829 ropetitur
829 2797 857 2818 c.
877 2784 1045 2834 XCIX-3.
1070 2785 1114 2819 cf.
1134 2785 1276 2828 Fragm-
1304 2782 1433 2819 uiator.
1454 2783 1483 2825 Ι,
1498 2781 1556 2817 24.
