1630 3034
245 117 302 160 82
860 114 1016 154 INDEX

259 232 293 261 [Vt
310 231 342 272 in
361 229 557 272 interposita
574 227 807 260 enunciatione
826 225 1058 269 comparationi
1079 225 1265 256 inserviens
1287 223 1340 264 ycl
1361 233 1399 255 cx
1419 232 1524 265 aequo
1543 222 1630 265 ponit

338 290 514 327 utramque
532 294 612 323 rem,
627 283 681 316 vel
699 282 874 323 restringit
891 282 1042 319 alteram,
1068 281 1093 313 Ι.
1116 279 1191 319 107,
1211 282 1242 311 5.

247 341 281 372 Ut
298 340 488 383 absorptum
507 340 630 372 litteris
647 343 723 370 -nt
741 343 800 371 aut
816 348 898 370 voce
916 339 972 377 vel,
998 336 1023 369 Ι.
1044 336 1098 376 79,
1117 337 1147 369 8.

200 407 202 409 ·
247 398 294 428 Uti
309 397 485 436 honoribus,
502 396 527 429 Ι.
546 396 601 435 25,
619 399 652 430 4.

247 453 352 492 Utique
366 453 387 484 i.
405 462 434 494 q.
451 462 597 495 prorsuS,
611 451 636 484 Ι.
655 451 688 491 3,
706 451 739 484 2.

248 509 370 549 Utrique
388 509 427 540 de
447 508 585 547 duobus,
605 508 640 540 C.
662 507 716 546 30,
737 508 768 540 4.

249 566 375 605 Uterque
393 574 464 595 cum
479 564 600 607 plurali
618 565 839 598 coniunctum.
867 564 902 596 C.
923 563 978 601 49,
1000 563 1028 596 1.

250 622 329 652 [rar
344 622 363 653 i.
386 630 416 661 q.
437 621 688 654 matrimonium,
707 630 761 652 res
778 620 908 652 uxoria.
928 619 951 651 Ι.
972 619 1027 650 95.
1047 620 1066 648 3

894 745 984 798 V.

254 848 273 876 V
290 847 404 879 littera
424 847 545 879 transit
562 847 593 878 in
611 857 652 885 m,
679 846 702 878 Ι.
723 845 778 884 40,
799 846 829 878 1.

253 904 366 934 Vacuus
385 903 543 944 quomodo
558 902 691 935 differat
708 902 748 934 ab
766 903 866 933 inanis
879 906 1031 940 etvanus,
1050 900 1073 932 Ι.
1096 900 1151 932 64.
1172 902 1200 932 4.

253 960 367 990 Vacuus
386 959 406 990 i.
428 969 458 1001 q.
479 969 515 991 se
533 959 702 997 relaxans,
720 958 744 990 Ι.
762 958 817 997 52,
836 958 867 990 6.

254 1016 365 1046 Vadmi
381 1015 458 1057 quid
473 1015 518 1047 sit
532 1015 669 1058 expli0.,
696 1014 719 1046 Ι.
740 1013 795 1053 35,
816 1013 848 1046 9.

253 1072 333 1110 Vrtqa
350 1071 442 1103 urbis
462 1081 589 1113 nomen,
609 1081 672 1103 non
694 1071 802 1109 Vacca,
820 1069 844 1101 Ι.
861 1068 916 1108 29,
936 1069 966 1101 3.
1018 1068 1072 1102 47.
1096 1068 1121 1100 l,
1173 1068 1227 1100 ἤι’),
1248 1069 1279 1098 ’3.

252 1129 363 1169 Vayarz’
379 1127 456 1169 quid
475 1127 608 1159 differat
624 1137 642 1159 a
658 1128 773 1168 palari,
792 1126 817 1158 Ι.
837 1126 892 1165 44,
913 1127 945 1158 5.

252 1185 360 1216 Valens
379 1185 521 1225 oppidum
538 1184 563 1216 i.
585 1193 614 1225 q.
636 1183 752 1226 opibus
771 1187 899 1225 potens,
917 1181 942 1213 Ι.
962 1181 1018 1221 89,
1037 1182 1068 1213 4.

256 1241 364 1272 Valida
381 1241 503 1281 inqenia
521 1240 543 1272 i.
561 1250 591 1282 q.
612 1239 790 1282 intrepida,
816 1238 842 1271 Ι.
863 1237 939 1278 103,
956 1239 989 1272 2.

254 1298 371 1328 Vallum
388 1297 428 1328 ab
447 1296 679 1328 obsidentibus
699 1295 833 1334 factum,
852 1293 877 1326 Ι.
896 1294 952 1334 23,
975 1294 1005 1327 1.

255 1354 353 1385 Vanus
373 1353 449 1395 quid
469 1352 602 1384 differat
619 1352 660 1384 ab
678 1353 777 1383 manis
797 1356 831 1383 et
848 1362 969 1390 vacum,
988 1351 1012 1383 Ι.
1033 1351 1088 1384 64.
1109 1352 1139 1383 ἴ».
1194 1350 1267 1383 103.
1289 1352 1319 1381 5.

253 1411 450 1451 Vaz-yunteius
466 1406 552 1451 (ln),
573 1408 608 1441 C.
631 1407 683 1447 17,
702 1408 735 1442 2.

252 1467 377 1497 Variala
401 1470 550 1497 stt-uelum
567 1465 746 1508 bipartitae
764 1465 974 1503 sententiae,
999 1463 1023 1496 Ι.
1045 1465 1063 1495 5
1077 1489 1084 1498 .
1104 1465 1134 1496 4.
1186 1462 1226 1495 7,
1258 1463 1283 1494 Ι.
1342 1462 1376 1495 ‘27
1397 1488 1403 1494 .
1435 1463 1466 1493 2.
1516 1461 1579 1494 70.
1606 1462 1625 1492 “2

339 1521 395 1562 78,
414 1522 447 1556 2.
499 1521 553 1561 79,
573 1521 605 1554 3.

253 1578 373 1609 Varium
393 1579 414 1610 i.
435 1588 466 1620 q.
487 1578 551 1610 sibi
570 1588 633 1610 non
651 1582 821 1615 constans,
840 1577 865 1610 Ι.
885 1576 940 1616 74,
963 1577 992 1609 1.

254 1634 375 1666 Varium
393 1635 503 1665 bellum
517 1634 615 1675 quale
635 1635 691 1673 sit,
719 1634 743 1666 Ι.
760 1634 815 1673 43,
835 1633 866 1666 3.

256 1690 374 1728 Varius,
392 1699 486 1721 vanus
514 1694 548 1721 et
572 1700 677 1730 mmm,
695 1690 847 1729 confusa,
866 1689 889 1722 Ι.
912 1689 966 1727 74,
989 1690 1018 1722 l.

255 1745 363 1777 Vastus
382 1747 419 1777 ab
437 1747 543 1786 aiiqua
560 1756 603 1785 re,
621 1745 646 1778 I.
667 1746 723 1783 48,
742 1746 774 1778 3.

261 1803 353 1842 Γοῃοο
374 1802 542 1834 diversum
560 1812 580 1834 a
596 1803 692 1842 viyeo,
713 1800 748 1833 C.
769 1801 799 1840 1,
819 1800 849 1833 7.

256 1858 415 1890 Vehemens
433 1857 526 1890 vocis
545 1858 636 1898 origo
653 1862 687 1889 et
704 1862 865 1900 potestas,
894 1858 929 1890 C.
950 1858 1004 1891 43.
1024 1859 1055 1891 3.

258 1914 307 1946 Vel
325 1924 388 1956 quo
405 1924 508 1946 sensu
526 1914 767 1957 superlativum
785 1918 922 1955 augeat,
948 1914 972 1947 I.
993 1913 1024 1953 7,
1044 1915 1074 1945 5.

257 1970 306 2002 Vel
323 1970 490 2013 absorpsit
505 1976 536 2003 ut
549 1981 675 2007 vocem,
694 1970 718 2003 Ι.
739 1970 793 2009 79,
812 1970 844 2003 8.

261 2027 365 2059 Veliles
384 2031 418 2059 et
434 2028 573 2059 velilaria
591 2038 690 2066 arma,
709 2026 732 2060 Ι.
754 2026 831 2066 105,
849 2027 882 2060 2.

257 2083 357 2115 Velitis
375 2084 514 2123 iubentis,
536 2084 676 2116 formula
695 2083 855 2121 solennis,
882 2083 904 2115 l.
928 2083 983 2123 40,
1003 2084 1033 2115 3.
1086 2083 1138 2116 73.
1156 2083 1185 2115 7.

256 2139 336 2171 Velle
352 2139 491 2182 populus
507 2140 692 2177 dicebatur,
710 2139 734 2172 Ι.
755 2139 810 2178 21,
831 2140 861 2172 4.

258 2195 337 2227 Velle
354 2196 507 2227 absolute
526 2196 648 2229 dictum
667 2197 686 2228 ἰ.
702 2206 732 2238 q.
751 2199 863 2237 severe,
890 2195 914 2228 Ι.
933 2196 989 2235 84,
1013 2197 1040 2229 Ι.

259 2251 349 2283 Velox
366 2252 524 2294 quomodo
542 2252 674 2284 differat
692 2263 711 2284 a
729 2253 818 2290 celer,
846 2251 870 2284 Ι.
892 2252 946 2292 17,
965 2253 996 2285 G.

260 2307 341 2338 Velut
359 2308 526 2340 diversum
546 2319 565 2340 a
581 2310 670 2346 sicut,
697 2307 732 2340 C.
754 2308 808 2345 53,
828 2310 859 2341 5.

260 2363 362 2394 Venire
380 2364 471 2394 alicui
488 2364 509 2396 i.
530 2374 560 2406 q.
582 2365 788 2406 contingere,
807 2365 830 2398 Ι.
850 2366 884 2403 8,
902 2365 934 2398 2.
989 2365 1062 2399 103.
1081 2367 1112 2398 2.

260 2419 369 2450 Venum
387 2420 440 2458 ire,
459 2419 482 2451 Ι.
503 2420 558 2458 28,
578 2420 608 2453 1.

262 2475 417 2507 Verberon·
434 2486 495 2507 non
516 2481 667 2519 poterant
682 2478 817 2516 Romani,
835 2478 892 2509 sed
912 2478 1021 2515 Lama,
1050 2478 1071 2510 Ι.
1093 2478 1147 2515 69,
1168 2480 1199 2511 4.

262 2531 355 2562 Verba
372 2534 472 2571 [acere
490 2534 530 2564 ad
549 2533 666 2573 aliquid
685 2544 746 2564 non
765 2538 856 2565 recte
871 2534 1005 2569 dicitnr.
1026 2534 1048 2566 1.
1073 2534 1146 2566 102.
1168 2534 1218 2566 12.

261 2586 362 2618 Verbis
380 2593 586 2630 opponuntur
598 2599 662 2630 res,
687 2589 721 2621 C.
742 2590 797 2628 52,
816 2589 868 2622 35.
919 2590 947 2622 J.
968 2590 1023 2628 48,
1048 2590 1074 2622 l.

263 2642 363 2674 Verbis
382 2645 509 2675 alicuius
528 2646 681 2678 nunciare.
702 2645 725 2677 1.
745 2645 799 2678 21,
820 2647 848 2677 4.
