1630 3034
440 227 788 273 GATILINA.
842 229 976 273 GAP.
1005 231 1076 274 LI.
1360 235 1444 278 241

65 340 170 410 rapi
213 349 430 409 virgines,
483 361 674 407 pueroS‚
730 344 882 391 divelli
925 346 1093 392 liberos
1137 363 1164 394 a
1208 353 1447 409 parentum

69 440 340 500 complexu,
385 444 546 485 matres
590 436 859 481 familiarum
907 438 1002 498 pati
1044 454 1163 497 quae
1205 441 1446 486 victoribus

69 533 393 585 cohibuissent,
437 529 543 573 fana
579 534 714 586 atque
758 527 918 574 domos
952 531 1211 590 exspoliari,
1243 531 1447 587 caedem,

68 623 276 668 incendia
308 621 427 676 fieri,
474 625 701 679 postremo
737 620 895 678 armis,
939 621 1253 678 cadaveribus,
1290 636 1449 668 cruore

70 720 204 773 atque
246 714 369 758 luctu
415 711 564 755 omnia
606 710 838 770 compleri.
907 711 1028 768 Sed,
1073 727 1157 772 per
1191 712 1301 758 deos
1342 714 1432 758 im-
1452 717 1513 761 10

69 802 295 850 mortalis!
341 815 432 861 quo
470 801 548 845 illa
583 802 723 846 oratio
754 803 994 862 pertinuit?
1038 819 1120 860 an,
1167 804 1232 849 uti
1265 819 1344 849 vos
1377 803 1451 848 in-

69 895 209 941 festos
252 895 545 943 coniurationi
589 894 790 940 faceret?
835 894 1020 941 Scilicet
1053 910 1190 955 quem
1224 911 1294 942 res
1327 900 1452 940 tanta

68 1074 122 1111 ita
143 1074 322 1120 instituta,
349 1077 389 1111 ut
413 1073 503 1110 nihil
526 1071 618 1119 quod
652 1071 696 1109 ad
719 1084 793 1109 rem
818 1071 991 1120 pertineat
1014 1071 1203 1117 omissum,
1234 1072 1324 1109 nihil
1345 1073 1453 1110 alieni

70 1133 288 1176 admixtum,
313 1134 499 1177 omniaque
521 1132 684 1176 disposite
707 1137 742 1167 et
765 1133 885 1166 ordine
907 1131 999 1166 dicta
1021 1132 1108 1177 sint,
1133 1132 1224 1176 quod
1247 1133 1334 1167 satis
1354 1144 1451 1167 coma

69 1191 175 1224 mode
202 1192 390 1225 vernaculo
422 1191 692 1224 wohlberechnet
725 1190 941 1233 exprimitur.
983 1190 1038 1224 Cf.
1074 1201 1103 1223 c.
1128 1190 1201 1231 LII,
1220 1190 1276 1223 13.
1311 1191 1394 1224 bene
1418 1193 1453 1225 et

70 1249 252 1292 composite
291 1249 329 1282 C.
358 1249 494 1282 Caesar·
523 1248 565 1281 de
588 1249 664 1282 vita
696 1252 730 1282 et
753 1252 861 1281 morte
886 1248 1056 1281 disseruit.
1098 1248 1176 1293 Ing.
1200 1248 1373 1289 LXXXV,
1394 1247 1452 1281 26.

70 1309 106 1339 et
128 1305 186 1339 31.
222 1306 294 1339 Cic.
319 1306 362 1339 de
385 1305 445 1339 Or.
470 1306 497 1347 I,
517 1304 574 1349 15,
598 1305 654 1339 (34.
687 1305 717 1338 is
741 1310 858 1339 orator
880 1305 966 1346 erit,
1006 1305 1065 1348 qui
1083 1305 1272 1348 prudenter
1304 1310 1337 1340 et
1361 1317 1454 1339 comc-

66 1363 181 1408 posite
205 1368 239 1396 et
262 1367 382 1397 ornate
407 1364 512 1397 dicat.
539 1382 583 1388 -—
608 1363 798 1406 Magnifice
821 1362 866 1396 ad
885 1373 964 1395 eam
986 1361 1178 1396 orationem
1203 1367 1358 1407 spectat,
1383 1373 1453 1406 qua

72 1430 130 1454 res
152 1420 268 1454 verbis
288 1416 483 1464 ‘augentur3
508 1419 584 1453 Liv.
605 1421 699 1460 XXI,
716 1420 772 1461 εΗ,
793 1419 826 1452 1.
860 1431 929 1452 non
957 1428 1097 1461 vereor,
1127 1430 1172 1453 ne
1206 1422 1281 1464 quis
1311 1432 1366 1454 me
1390 1421 1454 1454 hoo

69 1479 178 1512 vestri
200 1478 411 1512 adhortandi
434 1488 558 1510 caussa
581 1477 768 1522 magnifice
793 1477 884 1522 loqui
907 1477 1096 1518 existimet,
1118 1478 1230 1522 ipsum
1255 1478 1356 1511 aliter
1375 1478 1454 1511 am·-

69 1546 126 1569 πω
157 1537 320 1579 affectum
354 1545 433 1568 csse.
458 1552 507 1559 -
542 1534 668 1568 Casum
699 1535 725 1569 i.
759 1547 790 1569 e.
825 1534 1084 1573 calamitatem,
1121 1534 1302 1575 miseriam
1335 1546 1372 1568 v,
1408 1533 1454 1568 ad

71 1603 103 1626 c.
128 1593 276 1634 XXXV,
299 1592 333 1627 4.
357 1612 403 1618 —
432 1594 552 1635 Esset,
578 1592 676 1627 cuius
698 1593 776 1626 loco
798 1592 834 1626 in
859 1593 942 1627 Bae.
962 1592 996 1626 3.
1028 1592 1162 1637 legitur
1179 1595 1293 1635 foret,
1325 1591 1360 1625 in
1383 1603 1454 1626 uno

40 1674 43 1677 <
69 1648 202 1684 Wassii
222 1656 283 1693 cst,
307 1651 343 1684 in
360 1651 447 1685 Tur.
458 1651 492 1685 2.
518 1656 639 1692 essent,
663 1661 684 1683 a
700 1649 819 1684 Cortio
838 1650 989 1683 deletum
1013 1655 1075 1685 est.
1103 1649 1272 1684 Prohavit
1288 1650 1453 1682 Gerlach

75 1705 112 1740 in
136 1707 349 1743 commentt.
368 1709 408 1753 p.
422 1708 502 1742 131.
527 1719 607 1742 cum
631 1707 840 1751 Bipnntinis‚
863 1707 923 1750 qui
946 1709 1096 1742 saevitia
1118 1707 1274 1741 ablativo
1298 1706 1454 1750 positum

70 1763 204 1805 volunt,
227 1765 297 1798 hoc
320 1776 440 1799 sensu:
458 1776 547 1809 quae
569 1777 631 1809 per
653 1765 739 1798 belli
762 1764 876 1798 civilis
899 1764 1095 1806 saevitiam,
1120 1768 1166 1805 et,
1190 1765 1287 1798 finito
1304 1764 1379 1807 ino,
1398 1763 1454 1797 via

71 1819 204 1853 ctoriae
225 1821 301 1856 iure
323 1823 426 1857 victis
450 1823 654 1857 acciderent.
711 1822 781 1856 Sed
804 1822 958 1867 Langius
980 1827 1072 1856 recte
1095 1821 1253 1863 monuit,
1279 1821 1372 1854 hanc
1394 1831 1454 1854 raa

69 1876 201 1911 tionem
223 1877 326 1912 nimis
348 1880 565 1924 implicatam
589 1892 680 1921 esse,
712 1884 747 1914 et
775 1880 969 1914 ablativum
1000 1881 1053 1914 ita
1076 1884 1210 1914 tantum
1234 1878 1320 1912 ferri
1340 1889 1453 1922 posse,

68 1931 101 1967 εἰ
124 1933 272 1967 alterum
296 1947 385 1979 quae
408 1936 510 1970 absit.
533 1955 579 1965 —-
602 1940 860 1972 Enumeravere
884 1939 1020 1972 Cottius
1044 1938 1133 1971 hene
1155 1935 1244 1969 vidit
1266 1935 1309 1968 de
1333 1935 1452 1978 proxi*

70 1998 130 2024 me
150 1993 364 2037 praegressis
387 1997 522 2028 tantum
545 1995 686 2038 proprie
702 1994 853 2039 intelligi
877 2005 988 2038 posse,
1013 1996 1058 2029 ad
1080 1994 1265 2029 saevitiam
1287 2003 1371 2026 vero
1388 2001 1453 2036 per

71 2058 221 2093 zeugma
251 2049 322 2084 alio
345 2062 447 2085 sensu
469 2051 692 2097 cogitandum
715 2064 809 2096 esse,
844 2057 878 2086 et
901 2052 1058 2087 conferre
1087 2053 1183 2086 iubet
1205 2051 1281 2094 lug.
1302 2049 1394 2090 XIV,
1415 2049 1450 2083 9.

71 2115 247 2150 semperne
270 2108 306 2141 in
337 2110 532 2154 sauguine,
561 2113 679 2153 serra,
707 2114 806 2156 fuga
828 2109 1067 2145 versabimur?
1101 2108 1209 2148 XLII,
1228 2107 1261 2141 ⁴.
1295 2107 1454 2140 mortalis

71 2165 196 2198 multos
209 2167 310 2207 ferro
334 2171 397 2200 aut
413 2170 511 2212 suga
536 2168 707 2202 exstinxit.
739 2168 824 2211 Nep.
848 2169 995 2201 Eumen.
1017 2166 1105 2205 vm,
1122 2165 1156 2198 2.
1194 2164 1352 2208 phalam·
1384 2173 1454 2197 nou

69 2229 242 2263 parere
271 2233 308 2255 se
342 2223 504 2265 ducibus,
544 2225 605 2258 sed
637 2220 866 2268 imperare
895 2223 1190 2268 postulabat,
1224 2221 1286 2255 ubi
1308 2232 1342 2255 v·
1365 2221 1455 2255 Bre-

72 2277 177 2311 mius.
199 2297 247 2303 —
278 2279 465 2313 Parentum
499 2291 619 2315 omnes
650 2282 735 2315 libri
771 2285 974 2315 constanter·
1002 2283 1139 2321 tenent,
1169 2283 1307 2322 praeter
1342 2288 1453 2311 unum

75 2330 156 2367 Bas.
179 2333 228 2376 3.‚
252 2335 287 2369 in
311 2348 380 2380 quo
403 2342 452 2371 est
472 2340 691 2382 parentium,
716 2340 806 2383 quod
832 2338 968 2372 Curtius
990 2337 1131 2380 recepit.
1184 2336 1277 2370 Eam
1300 2335 1453 2369 formam

72 2388 147 2422 sine
169 2393 267 2426 codd.
293 2393 465 2437 praesidio
488 2406 556 2429 non
580 2397 828 2431 admittendam
853 2407 929 2429 esse
951 2396 1098 2428 libenter
1120 2393 1341 2427 concedimus
1358 2393 1451 2426 Her-⁴

72 2448 196 2492 mgloi
228 2450 286 2482 sed
319 2462 386 2485 non
419 2463 560 2496 prorsus
583 2464 657 2487 esse
678 2454 912 2488 damnandam
946 2457 1039 2486 recte
1072 2450 1272 2485 olteervavit
1294 2450 1451 2484 Draken-

74 2503 198 2538 borch.
223 2507 267 2539 ud
297 2507 375 2542 Liv.
397 2509 434 2551 1,
463 2509 498 2552 9,
523 2509 578 2544 15.
614 2514 649 2544 et
672 2511 773 2543 Conr.
798 2511 905 2553 Leop.
930 2509 1163 2543 Schneider-us
1186 2507 1345 2542 Graiium.
1373 2508 1450 2541 Lat.

73 2561 121 2606 Π,
142 2563 176 2596 l.
198 2574 231 2607 p-
250 2564 331 2600 247.
359 2584 397 2591 —
434 2566 503 2600 Pro
526 2572 655 2601 matres
669 2567 890 2611 familiarum
919 2566 1038 2602 Guelf.
1055 2564 1111 2600 12.
1144 2576 1191 2598 m.
1207 2565 1369 2608 familias
1377 2576 1391 2604 ,·
1413 2573 1449 2596 v.

74 2620 120 2654 ad
143 2631 173 2653 c.
194 2622 317 2664 XLIII,
341 2623 376 2657 2.
411 2638 458 2649 --
490 2623 661 2660 Postremo
695 2623 1007 2668 comprehendendi
1036 2622 1074 2657 vi
1104 2621 1276 2667 positum,
1308 2621 1351 2654 de
1380 2629 1454 2663 qua

72 2677 224 2712 diximus
246 2681 290 2714 ad
315 2693 347 2714 c.
367 2681 459 2725 XIV,
482 2682 521 2716 ’6.
802 2710 805 2713 .
848 2706 863 2710 ..

164 2738 196 2779 §.
221 2737 279 2772 10.
325 2751 397 2782 an,
420 2740 474 2775 uti
495 2739 581 2784 vos]
606 2739 813 2785 Ellipticum
835 2744 886 2775 απ·
898 2738 1099 2785 «Ρῦήίοιιῑαο
1121 2746 1243 2780 usum,
1266 2734 1454 2771 secumdum

142 2795 178 2840 1.
1110 2797 1179 2842 16
