1630 3034
420 224 792 269 IUGURTHA.
850 224 975 267 CAP.
1008 225 1200 268 LXXIII.
1434 231 1522 271 385

130 343 214 387 teri
248 342 424 403 generis
460 341 684 386 humilitas
720 341 923 386 favorem
953 341 1210 397 addiderat3
1246 348 1442 387 ceterum
1476 343 1520 388 in

129 445 321 497 utroque
359 440 500 499 magis
537 439 681 482 studia
719 438 915 496 partium
963 455 1097 497 quam
1142 440 1263 483 bona
1298 447 1374 483 aut
1401 441 1519 485 mala

130 551 210 579 sua
237 535 544 581 moderabant.
602 535 841 578 Praeterea
872 535 1066 579 seditiosi
1102 536 1383 596 magistratus
1413 533 1549 581 vol-5

127 647 237 692 gum
274 632 521 692 exagitare,
558 630 791 675 Metellum
827 631 1030 675 omnibus
1065 632 1352 676 concionibus
1391 635 1514 694 capi-

125 821 235 854 neqne
256 808 379 853 plebi
411 806 539 841 militia
562 807 635 840 vol
651 808 750 842 enti
777 809 982 852 putabatur.
1031 808 1149 842 Minus
1174 819 1334 852 perversa
1359 809 1513 853 quidem,

125 870 217 914 quod
248 881 290 904 ac
319 872 531 903 structuram
571 867 712 911 attinet,
746 868 914 902 Palmerii
948 873 999 903 est
1032 869 1253 903 coniectura:
1286 882 1306 903 v
1326 872 1513 905 olentia

124 931 271 975 (omisso
297 931 441 974 animo)
467 930 509 963 de
534 931 624 963 amb.
657 934 885 973 acceperant3
919 930 978 963 sed
1002 934 1244 973 praeterquam
1261 955 1272 972 ,
1295 931 1386 974 quod
1411 932 1514 966 valde

123 990 258 1025 inutilis
281 995 353 1032 est,
378 990 566 1024 uidendum
598 989 723 1029 etiam,
758 1001 801 1023 ne
826 1001 928 1023 sensu
952 991 1104 1025 deterior
1130 990 1194 1031 sit,
1220 1002 1325 1034 quam
1351 993 1510 1037 vulgata.

123 1051 288 1085 Ceterum
321 1050 504 1095 participia
539 1051 733 1085 ablativum
769 1049 926 1094 legitime
959 1051 994 1084 in
1019 1053 1031 1084 i
1056 1051 1262 1093 terminant,
1288 1052 1348 1086 ubi
1374 1054 1525 1097 notione,-

121 1112 288 1155 temporis
323 1112 461 1145 abiecta
492 1111 527 1145 in
563 1122 696 1145 meram
725 1103 894 1144 *adiectivi
933 1111 1007 1145 vim
1034 1111 1177 1152 abeunt,
1213 1123 1280 1154 qno
1304 1114 1511 1149 substantivi

120 1178 247 1206 natura
281 1176 316 1206 et
348 1172 480 1206 indoles
513 1172 742 1212 describitur3
777 1182 808 1206 v.
847 1172 1059 1206 Ramshorn.
1100 1172 1259 1206 Gramm.
1294 1173 1368 1207 Lat.
1393 1176 1426 1216 ἓ.
1451 1174 1507 1208 28.

120 1244 156 1277 p.
179 1232 236 1268 45.
259 1233 321 1267 111.
354 1238 424 1268 not.
449 1232 483 1269 5.
508 1235 544 1270 b.
577 1234 630 1267 ed.
654 1235 681 1267 Ι.
718 1233 797 1266 Car.
822 1233 938 1268 Beier.
971 1233 1014 1267 ad
1051 1232 1121 1269 Cic.
1155 1233 1196 1266 de
1232 1232 1302 1267 Off.
1325 1234 1369 1275 11,
1393 1234 1426 1277 7,
1452 1234 1508 1271 25.

119 1303 152 1336 Ρ.
178 1291 233 1326 50.
251 1310 296 1318 ·-
323 1294 421 1336 Quae
446 1300 551 1329 antea
576 1294 692 1328 decori
713 1292 916 1337 scripsimus
941 1305 1022 1326 cum
1046 1292 1165 1327 Cortio
1189 1305 1231 1327 ex
1254 1293 1328 1327 cod.
1355 1296 1457 1330 Rem.
1475 1296 1508 1330 l.

118 1354 216 1388 Vrat.
240 1354 273 1387 3.
299 1354 441 1388 Mediol.
466 1356 498 1390 1.
523 1361 557 1389 et
583 1356 697 1388 Venet.
725 1355 759 1390 3.
806 1354 876 1387 Alii
902 1353 994 1388 enim
1021 1353 1104 1387 libri
1137 1358 1214 1397 post
1239 1355 1355 1389 decori
1377 1357 1508 1392 addunt

110 1415 214 1458 suit,
238 1414 300 1448 alii
316 1417 460 1458 fuerat,
495 1427 581 1450 unus
606 1420 702 1457 erut,
735 1425 775 1448 ex
799 1425 867 1458 qua
901 1425 1030 1459 magna
1053 1414 1254 1449 diversitate
1280 1421 1373 1449 recte
1395 1417 1507 1451 conii-

116 1473 191 1508 cias
215 1475 360 1508 verbum
385 1476 548 1519 primitus
572 1476 727 1510 abfuisse
743 1500 753 1517 ,
779 1480 950 1509 structura
973 1474 1055 1515 tali,
1079 1475 1218 1517 qualern
1243 1477 1440 1512 notavimus
1461 1479 1505 1512 ad

117 1534 221 1568 Catil.
247 1535 383 1575 xmn,
409 1536 443 1569 2.
469 1548 501 1579 p.
524 1535 604 1571 215.
653 1536 693 1570 Si
717 1541 834 1571 tamen
859 1537 1004 1569 verbum
1028 1534 1258 1570 necessarium
1284 1537 1413 1580 ducas,
1431 1539 1506 1582 fuit

119 1594 317 1638 ponendum
352 1595 437 1637 erit,
469 1596 599 1641 quippe
634 1597 727 1641 quod
764 1595 888 1640 optimi
915 1595 1012 1629 codd.
1038 1596 1135 1629 velut
1168 1596 1272 1631 Fabr.
1297 1597 1330 1632 1.
1366 1599 1445 1632 Seu.
1470 1600 1505 1633 1.

115 1653 201 1689 Bas.
224 1654 257 1687 1.
292 1655 380 1689 Tur.
404 1657 437 1691 1.
471 1657 584 1692 Paris.
610 1670 639 1692 c.
664 1668 699 1692 x.
730 1657 847 1691 Bcrol.
873 1656 907 1691 2.
938 1660 972 1690 ct
1004 1656 1123 1690 Goerl.
1157 1668 1238 1690 cum
1270 1659 1388 1693 multis
1424 1659 1504 1694 aliis

116 1719 264 1751 teneant.

206 1781 357 1810 ceterum
384 1777 420 1810 in
444 1781 586 1822 utroque
613 1779 730 1824 magis
753 1779 872 1813 studia
898 1797 941 1803 —-
966 1778 1296 1822 moderabant]
1331 1779 1444 1813 Locus
1467 1779 1502 1813 in

113 1835 236 1880 paucis
260 1836 425 1881 difficilis,
449 1843 483 1873 et
507 1839 697 1883 scripturae
721 1838 850 1883 pariter
873 1838 1107 1882 discrepantia
1138 1850 1243 1882 quarn
1277 1838 1502 1883 interpretum

113 1895 343 1940 explicatione
372 1902 527 1933 vexatus.
574 1900 691 1945 Vulgo
725 1911 790 1944 pro
823 1899 1051 1934 moder-abant
1082 1898 1197 1932 editur
1226 1897 1408 1930 moderata
1434 1897 1503 1940 (sc.

114 1957 234 2000 sunt),
259 1961 298 1991 ut
321 1958 425 1992 multi
450 1959 549 1995 codd.
571 1960 718 2000 habent3
749 1960 841 2003 quod
865 1960 1010 1992 verbum
1035 1959 1175 1993 Cor-tius
1200 1967 1307 2001 quum
1331 1957 1502 2000 interpre-

112 2020 208 2051 tatus
229 2022 318 2051 esset
344 2024 556 2063 regnarunt,
591 2020 800 2065 viguemnt,
835 2019 940 2053 totius
972 2018 1044 2052 loci
1076 2019 1280 2052 senteutiam
1313 2017 1404 2050 hanc
1427 2028 1503 2051 esse

113 2076 221 2111 dicit:
261 2070 402 2123 „magis
425 2090 467 2112 ex
499 2079 622 2113 studiis
647 2079 801 2123 partium
828 2079 1007 2113 Metellum
1031 2078 1184 2119 invidia,
1221 2076 1374 2110 Marium
1399 2077 1503 2111 favor

113 2138 339 2182 sequebatur,
367 2150 474 2182 quam
504 2151 547 2173 ex
577 2140 678 2174 bonis
713 2139 899 2173 virtutibus
930 2143 990 2173 aut
1022 2139 1117 2172 vitiis
1142 2139 1296 2171 eorum“
1341 2137 1410 2170 Sed
1434 2137 1501 2171 ista

113 2197 353 2242 interpretatio
377 2203 416 2231 ut
439 2209 548 2242 neque
571 2200 718 2234 verbum
745 2201 874 2241 ullum,
904 2210 1014 2242 neque
1037 2198 1242 2232 sententiam
1265 2190 1424 2232 Sallustii
1448 2203 1502 2232 ut-

112 2257 238 2303 tingit,
265 2258 313 2292 ita
337 2265 521 2303 propterea
544 2261 633 2295 falsa
655 2265 719 2304 est,
744 2261 837 2304 quod
860 2259 1046 2299 moderari,
1070 2258 1177 2292 activi
1200 2269 1318 2292 sensus
1342 2259 1500 2301 verbum,

55 2363 57 2365 ι
113 2319 210 2353 nullo
233 2320 336 2353 mcdo
359 2319 614 2355 intransitivum
638 2321 713 2355 fieri
738 2324 860 2364 potest,
883 2331 925 2355 ac
944 2331 987 2352 ne
1011 2318 1158 2352 minima
1181 2318 1319 2362 quidem
1338 2330 1379 2351 ex
1402 2324 1501 2362 parte

113 2379 159 2414 ad
190 2379 263 2413 vim
296 2381 481 2416 verborum
514 2395 665 2429 regnare
696 2387 730 2415 et
760 2382 878 2426 vigere
911 2379 1056 2415 accedit.
1105 2379 1200 2412 Tum
1233 2379 1322 2412 bona
1345 2383 1379 2413 et
1401 2381 1498 2413 mula

113 2439 265 2474 alicuius
298 2452 476 2485 nunquam
510 2443 707 2487 significant
749 2442 858 2475 animi
894 2440 1094 2486 ingeniique
1125 2439 1271 2473 virtutes
1307 2445 1368 2473 aut
1400 2440 1499 2482 vitia,

112 2501 173 2535 sed
203 2512 259 2535 res
293 2506 397 2546 atquc
429 2503 667 2537 condicionem
689 2503 876 2536 secundam
909 2507 969 2535 aut
991 2500 1188 2535 adversam.
1239 2501 1392 2544 Denique
1414 2500 1499 2535 huic

113 2561 357 2606 explicationi,
390 2574 497 2607 quam
529 2563 617 2597 nihil
651 2562 890 2604 commendat,
925 2561 1033 2595 etiam
1063 2560 1163 2594 obest
1198 2571 1263 2593 sua
1297 2571 1497 2604 pronomen,

111 2623 206 2666 quod
229 2622 265 2656 iu
289 2624 460 2658 sententia
484 2635 505 2658 a
531 2623 649 2658 Cortio
674 2623 849 2668 proposita
880 2621 978 2656 nullo
1003 2625 1104 2665 pacto
1129 2619 1272 2654 tolerari
1297 2631 1397 2663 posse
1421 2620 1498 2664 ipse

112 2683 247 2717 nescius
279 2685 453 2728 professus
476 2688 539 2726 est,
564 2684 599 2717 in
626 2683 831 2728 paraphrasi
856 2694 971 2716 eorum
994 2680 1215 2716 substituens.
1264 2682 1354 2714 Eum
1378 2692 1495 2724 presse

113 2749 302 2786 sequuntur
335 2745 491 2790 bangius
508 2769 519 2786 ,
548 2745 762 2785 Muellerus,
796 2744 1028 2784 laumannus,
1062 2741 1130 2776 nisi
1152 2741 1244 2785 quod
1268 2740 1348 2784 hic,
1373 2746 1411 2775 ut
1434 2741 1495 2774 de-

113 2809 280 2841 monstret
303 2807 478 2842 moderari
502 2804 594 2839 idem
618 2817 693 2840 esse
715 2810 819 2849 atque
845 2804 967 2850 vigere
991 2806 1052 2838 aut
1073 2803 1212 2844 valere,
1243 2800 1391 2845 pessime
1413 2812 1493 2834 con-

179 2875 234 2920 n.
1153 2871 1218 2917 25
