1630 3034
438 203 800 248 IUGURTHA.
863 203 994 247 CAP.
1029 203 1210 247 LXXII.
1420 208 1501 249 381

121 337 233 382 quos
279 321 423 366 socios
467 321 724 366 insidiarum
763 326 1060 394 cognoverat,
1106 319 1347 364 interfectis
1391 320 1503 364 iram

119 424 432 479 oppresserat,
479 434 535 462 ne
581 434 670 477 qua
706 433 761 462 ex
795 432 848 462 eo
885 414 1068 478 negotio
1103 417 1262 461 seditio
1297 417 1495 460 oriretur.

117 515 280 573 Neque
319 523 426 574 post
458 515 505 559 id
540 515 740 558 locorum
772 513 1015 573 Iugurthae
1052 513 1146 558 dies
1182 519 1258 557 aut
1292 527 1380 557 nox
1411 513 1538 557 ulla2

118 612 268 669 quieta
312 611 417 665 fuit3
457 627 604 670 neque
642 611 744 654 loco
789 625 935 668 neque
973 610 1148 654 mortali
1184 610 1391 668 cuiquam
1427 618 1503 653 aut

118 708 310 767 tempori
356 708 457 751 satis
497 707 706 763 credere,
766 706 891 760 ciris,
929 705 1067 750 hostis
1112 706 1232 749 iuxta
1275 712 1501 760 metuere,

118 804 490 863 circumspectare
535 804 705 859 onmia,
758 807 803 846 et
845 803 966 846 omni
1009 803 1193 862 strepitu
1240 818 1501 862 pavescere,

117 900 204 944 alio
243 906 378 958 atque
421 901 507 944 alio
554 900 683 956 loco,
738 914 875 959 saepe
929 904 1084 943 contra
1128 898 1264 943 decus
1311 899 1501 959 regium,

206 1033 349 1068 Lxxn.
375 1037 407 1078 §-
434 1035 468 1068 1.
516 1048 597 1077 rex,
630 1035 733 1069 aliter
764 1040 867 1078 atque
898 1035 986 1079 ete]
1022 1035 1122 1069 Haec
1161 1035 1268 1068 verba
1298 1034 1503 1078 plerumque

114 1093 240 1129 vitiosa
268 1094 542 1138 interpunctione
573 1096 735 1130 distincta
766 1095 952 1139 leguntur,
987 1098 1181 1137 commate,
1212 1095 1302 1138 quod
1335 1099 1410 1138 post
1441 1107 1502 1129 rex

113 1155 355 1189 collocandum
378 1159 455 1198 est,
488 1159 566 1199 post
590 1157 692 1190 aliter
715 1155 851 1200 posito,
888 1168 957 1199 quo
981 1155 1036 1196 fit,
1066 1160 1104 1188 ut
1135 1156 1245 1188 verba
1269 1156 1372 1189 aliter
1396 1161 1501 1200 atque

115 1216 231 1250 animo
253 1217 402 1262 gerebat
427 1216 469 1249 ad
494 1217 670 1260 respondit
693 1218 898 1250 reserantur.
940 1216 1009 1249 Sed
1033 1215 1118 1249 huic
1140 1215 1193 1249 rei
1216 1216 1329 1249 obstat
1347 1217 1501 1260 placide,

114 1287 204 1320 quae
226 1287 293 1310 vox
318 1276 488 1321 primaria
511 1281 563 1310 est
584 1277 620 1310 in
644 1277 846 1321 praedicato
870 1276 1076 1317 definiendo,
1101 1287 1207 1319 quum
1231 1287 1349 1311 sensus
1373 1277 1420 1311 sit
1440 1290 1501 1311 rex

111 1338 304 1382 placide
343 1348 509 1381 respon
522 1338 599 1371 dit.
655 1339 773 1381 Quare
804 1342 1007 1382 antegressa
1037 1337 1145 1385 verba
1180 1336 1229 1371 ita
1263 1342 1342 1371 sunt
1372 1337 1501 1372 intelli-

113 1399 247 1444 genda,
280 1403 320 1433 ut
357 1398 402 1433 ad
432 1397 500 1430 hoc
535 1397 652 1441 ipsum
684 1399 825 1442 placide
857 1398 928 1442 (de
952 1408 1020 1441 quo
1044 1409 1079 1431 v.
1108 1397 1151 1431 ad
1176 1409 1206 1431 c.
1233 1397 1422 1440 Lxxxm,
1446 1399 1500 1444 2.)

113 1459 331 1503 pertineant,
356 1457 448 1502 quod
471 1457 531 1499 fit,
554 1458 583 1491 si
607 1458 708 1501 quasi
732 1457 958 1502 appositionis
980 1458 1058 1491 loco
1081 1457 1248 1491 adverbio
1271 1459 1502 1502 praemittun-

115 1523 185 1553 tur.
205 1537 250 1544 —
278 1520 503 1563 Oppresserat
535 1529 602 1552 non
627 1531 700 1552 rem
725 1523 866 1561 narrat,
903 1523 942 1552 ut
965 1517 1193 1562 praeteritum
1217 1521 1402 1564 oppressit,
1438 1522 1500 1555 sed

114 1579 280 1613 iudicium
303 1577 463 1613 Sallustii
486 1578 659 1621 continet,
690 1579 749 1623 qui
773 1580 969 1613 insecutum
993 1583 1130 1622 tempus
1155 1577 1366 1623 cogitatione
1395 1592 1500 1624 prae-

113 1639 264 1683 cipiens,
287 1651 329 1673 ex
351 1650 412 1680 eo,
436 1639 530 1682 quod
552 1639 727 1684 Iugurtha
749 1639 961 1673 Nabdalsam
988 1637 1198 1682 impunitum
1223 1638 1321 1682 sivit,
1346 1641 1500 1685 coniicit,

80 1735 82 1739 ,
113 1700 215 1734 illum
238 1706 311 1735 tum
335 1700 538 1744 oppressisse
561 1700 670 1742 iram3
694 1701 740 1734 cf.
766 1701 811 1734 ad
834 1711 863 1733 c.
891 1699 995 1742 LVII,
1020 1698 1052 1733 6.
1103 1700 1266 1734 Ceterum
1292 1703 1499 1746 opprimere,

112 1760 204 1804 quod
226 1760 402 1794 nonnullis
432 1760 679 1804 interpretibus
710 1772 779 1795 non
809 1760 895 1795 satis
928 1763 1022 1793 recte
1053 1759 1186 1794 dictum
1216 1760 1332 1796 visum
1365 1768 1435 1807 est,
1461 1768 1500 1799 ut

111 1821 199 1855 adeo
219 1826 394 1865 presserat
417 1822 580 1864 mallent,
605 1823 692 1856 bene
715 1834 752 1856 se
774 1822 901 1862 habet3
926 1819 1052 1864 quippe
1075 1830 1143 1853 non
1166 1821 1209 1854 ad
1232 1822 1305 1856 vim
1328 1824 1497 1869 aliquam,

110 1881 171 1916 sed
196 1881 240 1916 ad
263 1881 452 1916 artificium
475 1887 608 1926 spectat
632 1894 673 1917 ac
695 1881 871 1927 significat
892 1892 1122 1925 compescere,
1146 1884 1331 1925 continere,
1354 1889 1498 1930 tegere3

112 1944 158 1975 cf.
183 1941 257 1976 Cic.
291 1954 327 1986 p.
354 1943 459 1978 Rosc.
482 1943 563 1977 Am.
594 1955 624 1978 c.
648 1942 706 1987 41,
730 1943 810 1977 121.
856 1943 923 1975 Est
949 1941 1136 1985 quiddam,
1169 1944 1260 1986 quod
1282 1947 1475 1979 occultatur
1485 1958 1500 1986 ,-

112 2002 204 2047 quod
228 2013 292 2046 quo
316 2003 500 2037 studiosius
534 2004 578 2036 ab
610 2004 695 2048 ipsis
727 2003 1002 2047 opprimitur
1034 2007 1077 2036 et
1110 2002 1433 2048 absconditur,
1458 2017 1498 2041 eo

113 2062 229 2106 magis
252 2063 376 2097 eminet
400 2067 435 2097 et
458 2068 617 2107 apparet.
643 2062 690 2096 id.
716 2063 846 2097 Acadd.
869 2062 910 2104 11,
935 2061 992 2103 11,
1012 2061 1070 2096 36.
1120 2063 1249 2097 Notum
1273 2065 1315 2099 iis
1341 2078 1412 2101 esse
1437 2068 1499 2102 de-

115 2123 204 2156 bebit
227 2121 364 2167 insigne
387 2123 483 2164 ναί,-
507 2135 572 2167 quo
597 2123 787 2157 obscuro
822 2127 864 2157 et
896 2133 1115 2166 oppresso
1147 2124 1238 2167 quod
1270 2127 1409 2160 tandem
1433 2128 1500 2162 sibi

111 2193 231 2216 verum
254 2183 459 2218 videbuntur
483 2184 686 2229 attingere?
710 2184 834 2218 Tusce.
858 2183 902 2225 Π,
926 2182 984 2223 li,
1006 2181 1063 2216 33.
1113 2183 1274 2218 Dolorem
1298 2188 1499 2231 opprimi

114 2244 189 2278 dico
209 2244 396 2287 patientia.
435 2243 568 2278 Seneca
591 2245 728 2279 Consol.
752 2245 795 2279 ad
819 2244 923 2278 Helv.
947 2254 977 2276 c.
1002 2243 1092 2284 ΧΠ,
1115 2242 1162 2276 ἰη.
1213 2245 1387 2289 Optimum
1409 2248 1499 2283 inter
1539 2257 1544 2260 ⁴

111 2304 280 2348 pietatem
312 2308 347 2337 et
377 2305 549 2338 rationem
581 2310 889 2350 temperamentum
922 2310 973 2339 est
997 2309 1030 2338 et
1054 2304 1181 2339 sentire
1206 2305 1433 2353 desiderium,
1461 2314 1497 2345 et

114 2365 391 2408 opprimere,
416 2365 475 2408 qui
499 2364 567 2398 loci
591 2376 710 2400 omnes
733 2365 871 2400 Wassio
897 2365 1077 2400 debentur.

207 2427 239 2467 ς.
263 2425 298 2459 2.
343 2430 423 2469 post
457 2425 495 2459 id
528 2427 698 2470 locorum]
733 2427 785 2460 De
816 2426 885 2459 hac
922 2425 1071 2460 dictione
1102 2436 1136 2458 v.
1170 2425 1216 2459 ad
1248 2437 1278 2461 c.
1302 2427 1435 2473 Lxln,
1460 2429 1495 2464 6.

113 2486 233 2530 Inepte
254 2482 291 2520 in
323 2485 497 2520 nonnullis
532 2486 629 2521 codd.
662 2487 792 2532 legitur
819 2491 898 2531 post
931 2488 970 2521 id
1001 2488 1228 2532 negotiorum.
1251 2506 1298 2512 -—
1326 2489 1397 2522 Pro
1421 2490 1497 2532 fuit

114 2546 253 2581 Cottius
276 2557 317 2580 ex
353 2547 469 2581 Guelf.
492 2546 526 2581 3.
558 2551 688 2581 temere
709 2547 847 2591 scripsit
872 2550 986 2591 suere.
1034 2549 1134 2591 Quae
1165 2551 1355 2591 sequuntur
1387 2550 1496 2584 verba

113 2611 237 2642 auctor
259 2606 295 2641 in
317 2606 425 2641 simili
446 2618 484 2641 re
508 2607 579 2642 iam
601 2609 717 2652 posuit
740 2608 843 2643 Catil.
869 2609 998 2650 XXXI,
1022 2607 1056 2642 2.
1080 2626 1127 2634 —-
1154 2609 1258 2651 Civis,
1282 2610 1388 2644 hostis
1412 2611 1494 2645 Cor-

114 2665 182 2700 tius
204 2671 298 2701 recte
328 2667 485 2711 scripsit,
520 2679 582 2712 pro
612 2670 702 2703 cives
725 2669 936 2713 hostesque,
970 2668 1262 2712 quemadmodum
1287 2670 1495 2705 Gerlachiue

114 2727 295 2772 vulgatam
317 2733 453 2762 secutus
476 2727 594 2762 edidit.
639 2728 777 2773 Copula
799 2730 897 2764 abest
923 2740 944 2763 a
977 2730 1148 2764 Commel.
1173 2729 1291 2766 Guelf.
1311 2730 1344 2764 1.
1368 2731 1438 2765 Inc.
1458 2731 1494 2767 2.

114 2789 276 2827 quattuor
309 2786 466 2831 Wassii‚
499 2787 612 2823 Paris.
634 2799 680 2833 ι,
711 2793 747 2824 et
765 2815 776 2831 ‚
809 2789 839 2824 si
870 2790 954 2824 fides
993 2790 1270 2834 Havemampio,
1307 2790 1341 2824 in
1369 2790 1490 2826 Leidd.
