1630 3034
121 183 225 224 826<
484 175 530 217 G.
567 171 896 218 SALLUSTI
924 171 1153 233 CRISPI

124 300 282 340 statem
318 296 521 336 exactam
560 306 681 350 esse,
727 290 786 333 ab
831 289 974 333 Zama
1018 286 1230 346 discedit,
1279 293 1323 333 et
1360 288 1406 333 in
1440 287 1508 332 his
1600 338 1603 340 ,

125 391 326 449 urbibus,
363 404 490 448 quae·
515 387 575 432 ad
609 403 658 432 se
693 386 953 432 defecerant
982 387 1174 446 satisque
1209 385 1405 430 munitae
1442 384 1513 428 lo·-

126 511 350 558 pervertitur.
396 509 487 545 Nam
512 509 562 545 ita
586 510 805 544 conformata
828 511 880 542 est
902 508 1038 550 oratio,
1074 512 1114 543 ut
1137 508 1246 543 verba
1268 516 1311 542 ex
1333 510 1515 551 postquam

125 573 300 619 particula
330 574 414 617 apta
443 570 598 616 protasia
633 571 812 613 efficiant,
841 569 977 607 relicua
1007 569 1087 604 indo
1119 580 1142 604 a
1172 568 1289 604 verbis
1323 568 1367 602 ab
1401 569 1516 602 Zama

127 634 273 670 discedit
296 632 333 668 in
356 632 500 676 apodosi
521 632 710 667 constituta
741 631 829 675 sint,
863 631 956 675 quod
980 635 1102 665 centra
1126 632 1194 671 est,
1229 630 1260 664 si
1282 641 1325 663 ex
1350 629 1519 673 vulgatae

127 694 407 740 interpunctione
431 694 593 728 Metellus
625 705 705 727 curn
738 693 884 728 discedit
915 691 1153 734 coniunxeris,
1186 690 1326 725 relicuis
1356 689 1459 734 quasi
1482 688 1519 723 in

129 756 328 802 parenthesi
357 754 556 790 interiectis.
603 755 732 788 Veram
770 765 845 788 esse
876 757 995 787 autem
1026 752 1340 797 interpunctionem
1375 761 1398 785 a
1420 750 1526 789 nobis

127 819 259 853 factam
291 821 367 852 tum
399 815 526 860 probat
557 815 746 849 verborum
779 814 860 848 inde
889 818 973 851 nata
996 812 1232 855 concinnitas,
1264 816 1340 847 tum
1363 814 1458 856 patet
1479 822 1522 845 ex
1548 830 1559 841 x

128 879 173 914 iis
194 879 300 921 locis,
323 877 387 912 ubi
408 887 477 911 non
500 876 758 918 nominativus,
782 875 843 909 sed
868 874 960 909 alius
982 885 1099 916 casus,
1120 873 1178 908 cui
1201 875 1348 908 verbum
1365 885 1441 908 sese
1462 884 1522 917 ap·

131 940 252 985 plicat,
276 939 314 975 in
336 939 455 984 priore
477 938 639 973 membro
661 937 828 978 habetur,
851 937 895 970 de
919 946 989 980 qua
1010 947 1051 970 re
1073 935 1212 980 egimus
1234 936 1279 970 ad
1303 936 1377 971 Cat.
1402 936 1466 979 xt,
1487 935 1521 969 2.

131 1014 165 1047 p.
190 1000 237 1037 55
255 1013 306 1046 sq.
329 1021 375 1026 ——-
398 1000 593 1034 Verborum
615 999 713 1034 videt
729 1001 869 1042 frustra
892 998 1066 1041 inceptum
1087 1001 1265 1032 structura
1287 997 1377 1032 haec
1399 1000 1462 1039 est,
1486 1000 1526 1031 ut

131 1064 303 1109 inceptum
326 1061 399 1096 vim
422 1060 629 1097 substantivi
651 1052 803 1101 habeat,
826 1062 966 1103 frustra
990 1060 1128 1101 autem,
1163 1058 1292 1093 omisso
1315 1070 1388 1094 esse
1410 1058 1528 1093 infini-

130 1124 227 1164 tivo,
251 1123 491 1169 praedicatum
514 1122 580 1164 sit,
615 1122 658 1156 de
690 1132 760 1165 quo
783 1119 948 1155 vocabuli
970 1130 1035 1154 usu
1070 1129 1103 1154 v.
1127 1123 1248 1154 notata
1270 1119 1316 1154 ad
1339 1131 1369 1154 c.
1395 1121 1470 1163 Vll,
1491 1120 1526 1155 6.

133 1198 167 1230 p.
190 1184 251 1222 43.
274 1205 320 1211 -
345 1185 467 1230 Neque
489 1203 535 1210 -—
552 1194 662 1229 neque
695 1180 892 1227 particulae
915 1182 952 1216 h.
977 1181 1002 1216 l.
1027 1181 1078 1215 ita
1099 1181 1234 1225 positae
1257 1184 1339 1215 sunt
1354 1205 1365 1223 ‚
1398 1185 1438 1217 ut
1458 1181 1527 1216 sin·
1595 1212 1600 1215 ,

133 1245 237 1291 gulas
261 1244 431 1280 orationis
454 1243 642 1289 negativae
676 1246 795 1288 partes
827 1253 895 1276 non
922 1242 958 1276 in
983 1253 1091 1276 unum
1114 1242 1436 1287 comprehendant,
1469 1243 1530 1277 sed

133 1306 348 1354 praegressis
371 1309 577 1347 annectant,
611 1315 719 1349 quam
750 1303 1034 1339 enunciationum
1065 1302 1388 1349 coniungendarum
1421 1305 1531 1340 ratio-

134 1378 216 1402 nem
238 1367 494 1402 illustravimus
516 1366 562 1402 ad
585 1366 689 1401 Catil.
721 1377 751 1400 c.
775 1367 906 1407 LVIII,
930 1365 963 1399 1.
995 1377 1029 1409 p.
1055 1364 1137 1399 303.
1162 1365 1240 1410 lug.
1264 1367 1449 1410 LXXXV,
1472 1368 1531 1406 23.

136 1429 182 1463 cf.
209 1430 424 1464 Ramshorn.
450 1429 610 1463 Gramm.
633 1427 710 1463 Lat.
735 1430 767 1471 §-
793 1428 874 1462 179.
898 1428 941 1464 B.
965 1427 1000 1460 b.
1018 1426 1053 1461 3.
1086 1438 1120 1470 p.
1144 1425 1225 1462 527.
1249 1427 1303 1462 ed.
1329 1429 1357 1463 1.
1404 1429 1443 1464 In
1467 1428 1548 1464 tali⁴

136 1501 227 1525 nexu
251 1491 365 1536 igitur
386 1501 498 1535 neque
516 1508 562 1514 —
588 1500 698 1534 neque
722 1489 923 1534 germanice
951 1498 1022 1522 non
1045 1491 1098 1521 est
1121 1488 1237 1522 weder-
1259 1500 1304 1513 ⁴—-
1321 1489 1408 1523 noch
1423 1515 1434 1532 ‚
1471 1490 1531 1525 sed

136 1551 225 1586 und
243 1570 288 1577 -
308 1552 403 1587 nicht
424 1570 466 1575 —-
492 1550 564 1584 und
588 1550 708 1584 auch
730 1550 840 1584 nicht.
863 1567 908 1576 -
934 1550 961 1583 S
976 1560 1029 1582 uo
1053 1548 1124 1582 loco
1150 1547 1173 1584 i.
1201 1559 1232 1581 e.
1255 1556 1473 1594 opportuno,
1498 1563 1534 1589 v.

136 1612 183 1648 ad
206 1623 236 1648 c.
260 1612 349 1654 LIV,
373 1611 408 1647 8.
425 1632 471 1640 —--
490 1613 542 1646 Ab
571 1612 685 1645 Zama
708 1614 850 1655 propter
873 1608 1173 1655 praepositionem
1197 1610 1354 1645 ablativo
1378 1611 1535 1647 additam

138 1673 212 1707 lam
236 1673 417 1718 tetigimus
440 1673 487 1707 ad
511 1673 616 1707 Catil.
649 1684 680 1706 c.
707 1672 782 1712 xL,
805 1670 841 1706 5.
887 1670 990 1705 Patet
1014 1674 1133 1705 autem
1163 1674 1198 1705 et
1227 1671 1296 1704 hoo
1319 1672 1398 1707 loco
1421 1677 1456 1707 et
1478 1673 1536 1717 iis,

139 1734 202 1780 qui
224 1733 299 1769 eius
322 1734 455 1769 similes
479 1736 579 1774 sunt,
612 1731 905 1776 praepositionem
930 1742 1010 1766 eam
1034 1730 1106 1766 vim
1130 1732 1280 1775 habere,
1305 1736 1344 1767 ut
1367 1733 1537 1769 discessus

142 1806 185 1830 ex
209 1797 355 1841 regione
378 1795 460 1831 urbi
484 1794 664 1839 proxima,
698 1805 767 1828 non
796 1804 839 1827 ex
861 1793 940 1837 ipsa
970 1793 1080 1836 urbe,
1115 1793 1353 1837 significetur,
1376 1799 1539 1839 recteque

141 1856 321 1900 nannius,
347 1857 408 1901 qni
431 1856 467 1890 in
492 1854 697 1890 Tursellino
721 1855 844 1890 v01.1.
877 1866 910 1899 p.
935 1854 981 1889 lo
999 1865 1049 1897 sq.
1075 1856 1187 1888 totum
1212 1854 1307 1888 hunc
1330 1866 1433 1890 usum
1458 1857 1540 1891 dili-

141 1921 266 1963 genter
298 1921 499 1963 persecutus
522 1921 596 1959 est,
627 1915 827 1950 observavit
860 1915 1022 1960 legitime
1051 1915 1344 1960 praepositionem
1375 1918 1476 1962 poni,
1509 1919 1540 1953 si

143 1978 221 2022 quis
244 1990 325 2013 cum
349 1980 501 2015 exercitu
527 1990 569 2014 ex
592 1979 714 2023 aliqua
736 1977 882 2023 regione
905 1977 962 2011 vel
985 1977 1032 2011 ab
1058 1977 1214 2011 alicuius
1236 1977 1335 2012 urbis
1355 1989 1540 2025 oppugna-

143 2039 239 2074 tione
272 2041 424 2075 recedat.
472 2041 513 2075 ln
545 2040 747 2075 universum
772 2043 891 2073 nutem
924 2038 1192 2072 tenendum-cst
1222 2039 1340 2073 addita
1363 2041 1543 2085 praeposi-

146 2099 239 2134 tione
263 2101 379 2146 magis
402 2103 448 2136 ud
473 2101 589 2148 ipsum
614 2101 806 2135 discessum
829 2103 865 2134 et
887 2100 1018 2134 exitum
1032 2125 1043 2141 ,
1076 2111 1183 2144 quatu
1204 2100 1250 2134 ad
1274 2100 1371 2135 viam
1394 2102 1543 2146 respici3

146 2161 191 2194 cl'.
217 2173 248 2195 c.
272 2162 356 2203 clv,
381 2163 414 2197 l.
440 2181 486 2190 -
508 2164 565 2198 Aa
589 2174 625 2197 se
661 2163 883 2206 defecerunt,
917 2166 954 2195 ut
987 2161 1126 2195 Coi-tius
1157 2165 1191 2195 ct
1216 2161 1426 2197 Gerlacliius
1449 2168 1543 2198 recte

146 2221 383 2266 scripserunt,
409 2228 521 2258 exstat
545 2224 580 2258 in
604 2223 742 2267 aliquot
766 2223 865 2257 lli-‘ii
889 2226 925 2257 et
949 2222 1090 2256 Gruteri
1114 2223 1227 2264 codd„
1254 2223 1362 2257 Fabr.
1391 2225 1423 2258 1.
1449 2235 1471 2258 a
1494 2236 1541 2259 m.

150 2294 215 2327 pr„
239 2284 274 2319 2.
298 2285 368 2318 Ine.
394 2285 427 2321 1.
453 2286 488 2321 2.
505 2285 601 2319 Lem.
621 2285 665 2319 N.
689 2285 771 2318 Bas.
795 2285 830 2318 4.
856 2283 946 2319 Tur.
970 2285 1005 2318 1.
1030 2284 1150 2319 Goerl.
1175 2283 1294 2318 Berol.
1319 2283 1352 2318 1.
1377 2294 1420 2318 ac
1442 2295 1545 2329 prae-

150 2347 246 2378 terea
269 2345 468 2380 testimonio
505 2348 605 2381 Arus.
639 2344 770 2388 Messi,
800 2345 836 2379 in
861 2345 1017 2390 Corpore
1041 2347 1240 2381 Grammat.
1272 2345 1351 2379 Lat.
1383 2346 1438 2380 ed.
1463 2346 1547 2381 Lin-

152 2404 311 2440 demann.
336 2406 382 2442 T.
407 2407 435 2441 1.
459 2419 495 2451 p.
519 2405 614 2448 224„
637 2406 887 2447 confirmatur,
911 2406 971 2450 qui
996 2410 1113 2440 nostro
1136 2407 1215 2440 loco
1240 2406 1370 2448 utitur,
1392 2411 1432 2441 ut
1454 2410 1547 2441 stru-

152 2469 291 2500 cturam
315 2467 436 2511 deficio
460 2469 509 2502 ad
540 2468 638 2501 illum
663 2468 794 2511 probet.
845 2468 968 2514 Longe
999 2468 1144 2512 plurimi
1169 2472 1286 2502 tumen
1310 2467 1393 2502 libri
1416 2467 1549 2502 habent

153 2538 177 2561 a
199 2538 243 2561 se
268 2528 325 2561 vel
350 2529 403 2562 ab
428 2539 474 2563 se
501 2529 729 2572 defecerant,
761 2528 861 2562 facili
890 2534 924 2563 et
957 2528 1129 2572 frequenti
1164 2530 1282 2573 lapsu,
1314 2528 1416 2572 pauci
1440 2528 1548 2563 etium

155 2599 178 2621 a
201 2599 308 2633 rege,
339 2600 430 2632 quae
466 2590 689 2634 interpolatio
722 2589 764 2623 iis
801 2589 957 2624 librarii·
980 2590 1146 2631 debetur,
1180 2589 1241 2634 qui
1265 2590 1409 2634 deficere
1432 2590 1547 2623 nesci-

156 2655 233 2683 rent
256 2650 379 2684 rel'erri
406 2662 505 2694 posse
529 2652 571 2685 ud
599 2662 697 2691 eum,
721 2650 764 2685 nd
790 2662 893 2694 quem
918 2651 1096 2693 transitur,
1120 2652 1180 2685 ord
1203 2643 1344 2696 vulgari
1366 2661 1430 2684 usu
1454 2649 1548 2685 ducti

156 2721 259 2753 euin,
292 2721 314 2745 n
337 2722 408 2754 quo
432 2710 641 2754 disceditur,
675 2711 943 2756 signiticmidum
966 2716 1137 2756 putarent.
1185 2712 1274 2747 Nam
1297 2711 1389 2755 quod
1413 2711 1552 2746 Curtius

158 2775 194 2807 ct
218 2771 428 2805 Gerlachius
451 2771 670 2807 l’risciunum
695 2773 782 2812 vul,
804 2773 840 2814 7,
864 2773 921 2808 3¹.
946 2784 981 2816 p.
1001 2773 1082 2808 387.
1108 2774 1159 2807 ed.
1185 2774 1246 2807 ΚΥ.
1274 2772 1376 2808 liuius
1400 2772 1550 2818 scriptu-
