1630 3034
398 166 756 209 IUGURTHA;
810 166 937 209 CAP.
968 166 1081 209 CXI.
1351 169 1440 211 593

35 286 156 341 xrite,
191 285 255 328 uti
288 282 440 338 voltis,
477 297 579 327 cum
616 282 834 343 Iugurtha
858 276 1048 326 bellum.
1117 282 1223 344 Ego
1257 285 1472 338 flumeng

48 380 337 435 Mulucham,
384 379 508 437 quod
554 379 666 423 inter
708 393 781 422 me
826 383 870 422 et
903 378 1146 437 Micipsam
1181 380 1292 436 fuit,
1335 395 1433 424 non

49 475 266 535 egrediar,
306 490 451 533 neque
487 474 750 535 Iugurtham
785 474 832 518 id
860 474 1021 518 intrare
1060 476 1213 522 sinam.
1284 477 1434 521 Prae-

47 578 168 616 terea
199 571 235 615 si
262 571 371 629 quid
399 586 561 629 meque
589 571 804 629 vobisque
834 569 1018 633 dignum
1045 572 1266 630 petiveris,
1302 572 1360 618 ha
1372 573 1434 617 ud

47 668 251 729 repulsus
287 667 438 712 abibis.
452 668 480 692 ‘⁶

185 763 302 808 CXI.
356 763 431 810 Ad
470 778 523 808 ea
559 761 681 807 Sulla
715 776 801 822 pro
836 777 884 807 sc
918 762 1112 809 breviter
1146 770 1190 810 et
1223 763 1430 821 modice3

46 931 105 972 cis,
138 931 335 966 modicos
369 941 452 966 esse.
483 930 562 965 Liv.
589 929 726 970 XXIII,
748 928 814 971 24,
845 928 881 964 3.
936 930 1094 966 Dictator
1116 931 1160 966 dc
1183 944 1220 967 se
1238 944 1362 978 paucza
1386 943 1429 967 ac

43 1003 77 1026 m
91 1004 109 1025 ο
123 993 229 1027 dice
253 993 394 1026 locutus.
442 989 651 1025 Sallustium
673 990 770 1023 haud
793 989 897 1024 dubie
920 994 1000 1025 ante
1027 993 1146 1026 oculos
1168 993 1294 1028 habuit
1317 993 1430 1027 'Taci-

43 1056 100 1087 tus
124 1053 275 1087 Historr.
298 1053 356 1095 IV,
379 1052 437 1094 4⁰,
463 1052 495 1089 1.
545 1051 764 1085 Domitianus
787 1050 831 1084 de
854 1050 1012 1086 absentia
1033 1053 1146 1096 patris
1163 1056 1312 1099 sratrisq
1321 1066 1361 1088 ue
1386 1066 1428 1087 ac

44 1113 186 1147 iuventa
216 1124 280 1146 sua
307 1123 464 1157 pauca
497 1116 540 1147 et
573 1111 750 1145 modica
784 1112 956 1146 disseruit.
987 1112 1033 1145 id.
1065 1113 1205 1148 Annall.
1237 1115 1282 1157 11,
1310 1114 1366 1156 58,
1391 1114 1427 1149 2.

43 1174 99 1207 Ad
124 1185 166 1207 ea
193 1173 416 1206 Germanicus
440 1173 483 1206 de
505 1171 668 1206 societate
691 1172 924 1206 Romanorum
951 1172 1224 1219 Parthorumque
1247 1187 1281 1208 m
1297 1176 1428 1220 agai-

37 1234 158 1277 fice,
190 1233 232 1267 de
256 1234 409 1267 adventu
432 1234 527 1279 regis
553 1238 585 1267 et
608 1234 703 1267 cultu
725 1234 778 1267 sui
807 1245 898 1267 cum
923 1234 1081 1268 decore
1106 1247 1158 1268 ac
1182 1236 1425 1270 modestia

41 1295 227 1339 rospondit.
275 1294 437 1328 Ceterum
473 1295 619 1328 breviter
649 1298 682 1328 ct
715 1294 846 1328 modice
877 1294 1044 1329 adverbia
1075 1306 1142 1329 non
1174 1296 1349 1340 per-timent
1380 1296 1425 1331 ad

43 1355 227 1396 disseruit,
251 1354 310 1387 sed
334 1355 379 1388 ad
402 1355 570 1388 omissum
594 1355 741 1388 verbum
763 1356 959 1398 respondit,
989 1355 1031 1388 de
1050 1366 1117 1399 quo
1142 1356 1280 1390 dicendi
1302 1368 1366 1390 usu
1390 1366 1425 1391 v,

43 1418 207 1449 annotata
239 1414 282 1448 ad
315 1425 345 1449 c.
381 1415 454 1455 CII,
486 1414 543 1450 12.
595 1416 650 1449 Ea
671 1415 747 1459 ipsa
768 1428 823 1450 res
849 1417 885 1450 in
913 1427 1034 1450 caussa
1057 1420 1126 1458 est,
1148 1428 1210 1453 cur
1232 1428 1305 1451 non
1329 1428 1426 1451 com-

41 1480 137 1511 mate
160 1480 239 1521 post
263 1475 392 1509 modice
416 1474 615 1520 interpungi
638 1477 761 1520 possit,
796 1477 1084 1520 quemadmodum
1109 1477 1321 1510 Gerlac‘hius
1344 1488 1425 1523 cum

41 1537 214 1571 nonnullis
245 1536 324 1569 aliis
355 1535 547 1570 editoribus
580 1548 762 1580 perperam
795 1536 887 1571 fecit.
909 1556 953 1562 -
986 1537 1155 1580 Patefecit
1179 1537 1321 1571 Curtius
1342 1548 1425 1580 pro-

40 1602 116 1642 pter
146 1597 353 1642 polliceatur
384 1595 535 1630 mutavit
557 1596 592 1630 in
621 1598 823 1641 patefacit,>
841 1598 1132 1640 quemadmodum
1155 1596 1190 1630 in
1214 1598 1292 1632 solo
1317 1600 1426 1632 exstat

40 1658 179 1693 Fabric.
204 1658 259 1699 1.;
283 1657 341 1690 sed
365 1656 453 1690 nihil
482 1658 632 1700 obstare,
656 1658 839 1701 quominus
860 1659 1012 1702 perfecto
1036 1658 1166 1692 aon-isto
1189 1657 1428 1702 subiungatur

39 1717 228 1762 praesentis
251 1716 491 1752 coniunctivus
513 1718 583 1752 iam
609 1718 758 1752 diximus
785 1718 829 1752 ad
853 1719 955 1753 Catil.
979 1730 1009 1753 c.
1034 1719 1132 1760 XLI,
1156 1717 1191 1754 5.
1215 1722 1249 1752 et
1273 1718 1319 1751 ad
1342 1719 1420 1763 lug.

39 1778 199 1821 xxvnl,
221 1777 255 1812 1.
277 1796 322 1802 —
345 1779 399 1811 De
422 1789 488 1812 usu
511 1779 606 1812 vocis
629 1780 776 1823 amplius
801 1790 834 1812 v.
858 1780 902 1813 ad
926 1791 955 1812 c.
979 1779 1101 1819 LXIX,
1125 1778 1159 1812 2.
1182 1797 1229 1803 —-
1265 1778 1320 1811 De
1341 1779 1422 1822 plu-

39 1839 107 1873 rali
130 1839 317 1872 valuissent
341 1838 479 1883 egimus
504 1839 548 1872 ad
572 1850 601 1872 c.
628 1839 789 1879 xxvln,
812 1839 845 1872 2.
879 1859 925 1864 —
973 1840 1014 1872 In
1037 1838 1244 1884 gratiam
1269 1840 1344 1872 fere
1368 1838 1420 1872 di-

40 1899 150 1933 midia
174 1910 255 1942 pars
279 1898 376 1931 codd.
403 1902 514 1940 tenet,
547 1899 653 1933 ceteri
676 1900 712 1933 in
735 1900 882 1944 gratia3
913 1898 1004 1941 quod
1028 1909 1110 1931 sane
1132 1898 1331 1943 legitimum
1355 1902 1421 1942 est,

43 1960 108 2003 (cf.
143 1959 282 1993 Sueton.
315 1958 448 1992 Domit.
484 1970 514 1992 c.
549 1961 638 2003 XL),
672 1963 706 1993 et
737 1958 902 2009 analogia
929 1961 1159 1999 sustentatur;
1194 1970 1227 1992 v.
1263 1960 1353 2001 CIII,
1383 1959 1421 1996 6.

44 2021 168 2054 Omnia
203 2020 248 2053 in
280 2019 589 2064 benignitate
621 2008 847 2056 habebantur.
911 2019 980 2053 Sed
1016 2018 1250 2053 accusativum
1282 2029 1421 2062 quoque

40 2085 135 2116 recte
159 2080 242 2125 poni
265 2090 374 2124 posse,
400 2091 503 2113 nemo
528 2080 723 2122 dubitabit,
746 2081 805 2124 qui
830 2080 922 2124 quod
945 2080 987 2113 do
1009 2079 1117 2113 simili
1139 2082 1333 2113 structurae
1356 2090 1422 2115 vn-

40 2141 165 2176 rietate
187 2141 232 2174 ad
256 2139 359 2174 Catil.
384 2151 416 2173 c.
441 2140 504 2181 LI,
528 2140 584 2173 21.
609 2152 643 2184 p.
669 2140 769 2184 250„
796 2142 837 2174 ad
860 2142 938 2185 lug.
964 2151 993 2173 c.
1021 2140 1135 2181 xvn,
1166 2139 1199 2172 3.
1223 2151 1257 2183 p.
1282 2139 1361 2173 102.
1387 2143 1423 2175 et

42 2202 88 2236 ad
112 2213 141 2237 c.
166 2201 272 2244 XLII,
296 2200 330 2234 6.
355 2212 392 2244 p,
420 2200 501 2234 240.
525 2202 743 2244 notavimus,
777 2199 1057 2235 consideraverit.
1103 2199 1150 2232 Ut
1173 2199 1284 2244 igitur
1306 2199 1423 2234 verbis

41 2262 90 2295 in
127 2261 288 2306 gratia
324 2261 452 2295 habere
488 2262 621 2305 aliquid
653 2262 869 2307 significatur
898 2272 970 2294 rcm
1002 2261 1154 2304 aliquam
1187 2260 1233 2293 in
1266 2271 1422 2294 eorum

41 2333 221 2356 numero
256 2322 343 2356 iam
376 2333 494 2366 esse,
528 2334 616 2366 quae
644 2324 784 2367 placent
816 2334 857 2356 ac
886 2325 997 2366 grata
1027 2324 1127 2361 sunt,
1157 2319 1207 2353 ita
1238 2320 1284 2353 in
1307 2331 1426 2365 gra-⁷

42 2383 156 2417 tiam
182 2383 309 2416 habere
332 2382 435 2424 valet,
463 2393 504 2415 ea
528 2387 641 2416 mente
668 2394 760 2423 esse,
786 2387 823 2416 ut
848 2382 980 2425 aliquid
1004 2381 1060 2414 ad
1082 2380 1290 2424 gratiam
1315 2391 1422 2413 com-

39 2443 306 2486 parandam
338 2444 494 2476 valere
522 2448 692 2486 putemus.
739 2444 855 2487 Quare
887 2453 992 2485 quum
1023 2451 1140 2473 sensus
1164 2439 1254 2481 loci,
1277 2451 1422 2475 accusa-

41 2503 117 2537 tivo
150 2503 274 2547 posito,
307 2503 390 2537 satis
422 2504 622 2538 commodus
652 2503 711 2537 hic
740 2504 903 2547 prodeat:
932 2501 1021 2546 quod
1048 2500 1265 2544 polliceatur,
1288 2501 1326 2534 id
1349 2500 1422 2534 Ro·

41 2574 167 2599 ‘manos
200 2566 253 2599 ita
286 2569 506 2607 accepturos,
549 2569 587 2598 ut
621 2566 675 2598 ad
709 2565 915 2609 gratiam
948 2561 1303 2605 comparandam
1332 2572 1421 2594 non

47 2626 207 2659 valere
225 2629 370 2669 putent,
393 2625 492 2659 nulla
515 2636 637 2659 caussa
659 2628 732 2667 est,
752 2635 816 2658 cur
839 2614 984 2657 alterain
1009 2620 1215 2665 scripturam
1241 2622 1422 2665 praefera-

48 2695 137 2727 mus,
160 2696 263 2729 quam
288 2685 469 2729 probabile
491 2690 543 2720 est
565 2697 586 2720 a
612 2685 732 2720 scribis
756 2696 797 2719 eo
821 2682 965 2718 consilio
987 2682 1141 2716 effictam
1164 2693 1249 2723 esse,
1271 2685 1309 2715 ut
1331 2683 1422 2714 etru-

50 2748 171 2779 cturae
192 2744 414 2781 insolentiam
436 2749 656 2790 amoverent,
690 2756 760 2790 qua
791 2743 1008 2781 accusativus
1037 2743 1198 2778 laborare
1221 2740 1303 2786 ipsis
1325 2739 1424 2776 vide-

115 2817 169 2860 II.
1080 2813 1147 2859 38
