1630 3034
414 121 587 163 RERUM
617 121 678 162 AC
710 120 836 162 VERB
843 122 982 163 ORUM
1345 118 1400 162 37

20 233 168 265 Genitivas
195 234 449 276 interpolatione
474 235 507 265 in
526 234 761 266 nominativum
779 238 937 268 mutatus,
963 233 986 266 1.
1015 233 1071 271 83,
1093 234 1120 265 1.

20 289 95 321 Gens
114 289 271 331 quomodo
289 288 423 321 differat
440 299 457 321 a
475 290 589 330 populo
609 294 643 321 et
660 291 791 329 natione,
819 288 853 322 C
883 288 936 324 10
959 290 986 322 1

19 345 95 377 Gens
113 345 270 391 quomodo
287 344 419 377 differat
435 355 455 377 a
470 346 600 385 [αηιίΙιά,
626 344 649 377 Ι.
679 344 734 385 95,
754 345 784 378 3.

19 401 114 432 Genus
131 401 282 431 hominum
300 401 366 432 alio
382 410 482 432 sensu
500 400 622 432 dicitur
639 410 734 442 quam
753 410 846 442 yemis
863 383 1036 440 humanum,
1061 401 1084 433 1.
1106 401 1140 440 2,
1161 402 1189 434 1

18 457 114 488 thus
134 453 368 499 (vocabulum)
388 456 518 497 qualem
532 457 740 489 attractionis
759 457 918 489 rationem
936 455 1069 495 habeat,
1095 456 1118 489 Ι.
1139 457 1194 496 35,
1213 458 1244 490 6.

18 513 115 544 Genus
140 509 426 554 (grammaticum)
452 514 620 552 praedicati
637 514 677 545 ad
703 513 799 555 plura
818 513 945 544 nomina
963 512 1058 544 relati
1086 522 1147 544 non
1175 514 1297 556 ubique
1315 522 1393 547 ean-

105 567 176 600 dem
191 567 298 608 legem
316 568 427 606 habet,
455 567 489 600 C.
519 567 571 600 10.
623 595 628 599 .
679 568 702 601 Ι.
724 567 777 607 17,
794 568 826 601 2.
876 568 930 603 49
948 569 978 600 5.

16 625 110 656 Genus
124 633 195 665 pra
186 625 294 654 edituri
310 624 471 656 interdum
491 635 553 656 non
573 625 613 656 ad
628 624 826 666 primm-,ium
852 624 909 656 sed
928 625 968 657 ad
986 625 1216 657 secundarium
1235 627 1391 659 substan-

105 680 209 712 tivum
228 689 264 710 se
282 679 513 718 accommodat
543 678 700 712 c.18.1.

16 737 110 768 Genus
147 736 316 776 praedicati
358 740 492 768 neutrum
525 736 653 777 quando
698 735 738 767 ad
776 746 939 776 personam
981 735 1123 768 subiecti
1164 743 1309 780 spectet,
1367 739 1389 770 l.

103 790 157 830 49,
179 792 209 823 5.

14 849 110 880 Genus
138 851 274 879 neutrum
306 856 473 879 numerum
507 846 666 879 facillime
698 846 816 879 mutari
842 849 978 890 patitur,
1013 847 1048 880 C.
1079 848 1181 886 18,1.
1233 849 1287 885 56,
1307 851 1337 881 5.

14 905 109 936 Genus
132 907 267 935 neutrum
295 904 327 935 in
357 902 507 944 generali
533 903 700 934 sententia
725 903 823 936 etiam
845 914 994 945 personas
1020 904 1256 947 complectitur.
1285 904 1308 937 l.
1338 905 1391 942 13,

102 959 133 991 6.
184 959 238 998 14,
266 958 318 991 16.
369 958 424 997 88,
453 958 483 990 1.

12 1016 106 1048 Genus
122 1018 258 1046 neutrum
282 1019 410 1057 spectat
435 1014 474 1046 ad
502 1014 704 1046 indefinitam
721 1017 941 1055 sententiam,
972 1016 1135 1048 vocabulo
1164 1024 1211 1048 res
1245 1023 1390 1058 compre-

101 1072 248 1109 hensam,
275 1071 438 1102 interdum
456 1071 554 1103 etiam
571 1080 704 1102 numero
729 1076 866 1110 mutato,
892 1072 916 1104 1.
936 1072 991 1110 41,
1014 1072 1063 1104 1.·

14 1128 110 1159 Genus
134 1127 333 1169 pronominis
359 1126 494 1158 relativi
521 1131 555 1158 ct
579 1127 831 1159 demonstrativi
850 1138 907 1170 per
924 1128 1154 1160 attractionem
1172 1138 1213 1159 ex
1230 1132 1389 1169 sequente

102 1182 313 1214 substantivo
339 1183 470 1225 pendet.
499 1181 532 1214 C.
551 1182 604 1221 51,
623 1182 674 1215 14.
977 1177 981 1179 “

5 1239 149 1282 ,Germani
163 1249 183 1271 a
200 1238 350 1272 Romanis
368 1248 439 1270 cum
457 1236 562 1269 Gallis
581 1238 836 1277 confunduntur,
863 1238 885 1270 l.
917 1238 991 1273 114.
1013 1238 1041 1270 1.

13 1295 118 1326 Gerere
142 1294 294 1333 animum,
319 1294 343 1326 Ι.
365 1295 420 1326 54.
449 1293 478 1326 1.
530 1293 605 1326 107.
627 1295 656 1326 1.

13 1351 119 1382 Gererc
144 1354 180 1382 et
203 1360 346 1391 quaerere
371 1349 519 1389 confusa,
545 1349 568 1382 I.
597 1349 651 1389 98,
667 1350 697 1382 3.

14 1407 121 1439 Geren-e
147 1406 280 1447 aliquem
303 1407 324 1438 i.
345 1416 374 1448 q.
395 1410 553 1445 tractare,
578 1416 636 1448 per
662 1415 799 1447 zeugma
817 1405 951 1444 dictum,
976 1406 999 1438 l.
1029 1408 1080 1443 55,
1109 1407 1137 1439 1.

13 1463 118 1495 Gerere
132 1472 195 1494 rem
211 1462 268 1494 vel
284 1472 331 1494 res
349 1464 461 1503 yericur
480 1463 500 1495 i.
518 1472 547 1504 q.
568 1471 727 1505 pugnare,
755 1461 789 1493 C.
810 1460 864 1499 60,
882 1461 914 1493 2.

12 1520 118 1552 Gerere
134 1520 208 1550 bene
223 1519 437 1559 rempublicam
457 1519 478 1549 i.
499 1529 528 1561 q.
549 1519 666 1550 bonum
683 1517 846 1559 publicum
863 1527 1000 1558 augere,
1027 1518 1050 1551 l.
1080 1517 1155 1555 100,
1175 1520 1205 1550 5.

13 1576 193 1608 Gennadium
222 1574 379 1616 quomodo
404 1573 537 1606 differat
556 1583 575 1606 a
604 1573 778 1616 participio
808 1572 909 1604 futuri
946 1574 1083 1616 passivi,
1107 1573 1141 1605 C.
1173 1573 1254 1612 4,1.
1310 1574 1332 1606 l.
1355 1571 1386 1608 7.

101 1631 134 1666 2.
183 1630 238 1663 85.
257 1625 312 1662 21.

14 1687 193 1719 Gerundium
219 1696 383 1727 nunquam
408 1687 575 1729 passivum
600 1695 733 1717 sensum
758 1685 869 1723 habet,
896 1685 918 1717 Ι.
941 1685 994 1721 62,
1014 1685 1046 1716 8.

12 1744 190 1775 Gerundium
210 1752 271 1774 non
291 1742 392 1774 habet
409 1743 473 1773 vim
491 1741 655 1784 participii
671 1742 805 1782 perfecti,
830 1740 854 1773 Ι.
872 1740 902 1779 1,
922 1740 954 1774 2.
1005 1740 1082 1779 103,
1100 1741 1131 1773 2.

13 1800 195 1831 Gerundium
218 1808 289 1830 cum
315 1798 462 1839 genitivo
488 1798 688 1829 substantivi
718 1797 748 1829 in
783 1807 878 1828 unam
905 1797 1067 1829 notionem
1103 1798 1275 1828 conflatum
1301 1797 1387 1828 alte-

103 1864 174 1887 rum
194 1854 376 1896 genitivum
401 1854 500 1893 regit,
527 1853 638 1889 C..31,
658 1854 689 1885 5.

13 1896 155 1943 Gen-anain·
187 1910 357 1950 genitivus
387 1909 544 1950 quomodo
578 1907 711 1939 differat
743 1908 784 1939 ab
819 1907 1001 1942 infinitivo,
1046 1906 1081 1939 C.
1111 1908 1164 1942 17.
1192 1908 1221 1940 6.
1274 1907 1328 1945 30,
1355 1910 1384 1939 5.

101 1965 127 1998 Ι.
147 1964 202 2002 89,
229 1964 259 1996 3.

14 2022 156 2054 Genmdii
180 2020 348 2052 ablativus
373 2020 502 2063 propria
527 2021 573 2059 vi,
599 2019 657 2051 sed
682 2019 793 2062 paullo
817 2019 980 2051 occultius
1005 2020 1143 2062 positus,
1168 2019 1192 2051 l.
1220 2018 1274 2058 70,
1301 2019 1332 2051 2.

12 2078 167 2119 Giynenlia
207 2077 396 2119 neutiquam
438 2076 559 2108 dictum
600 2086 656 2118 pro
698 2077 815 2115 amita,
865 2076 886 2107 i.
923 2085 952 2117 q.
993 2076 1171 2116 orqanische
1195 2075 1326 2116 Korper.
1362 2075 1386 2107 l.

104 2132 158 2172 79,
186 2133 217 2165 6.
1276 2134 1283 2138 ’

14 2190 106 2222 Gla‘ns
131 2188 232 2221 funda
256 2189 389 2226 emissa,
417 2189 441 2220 Ι.
472 2187 525 2220 57.
547 2189 576 2219 4.

13 2247 121 2277 Globus
147 2255 218 2277 cum
244 2245 366 2276 invidia
394 2245 432 2275 de
459 2244 657 2276 factionibus
684 2244 838 2275 nobilium
864 2245 996 2276 dictum.
1023 2243 1045 2273 l.
1076 2243 1131 2275 85.
1162 2242 1210 2274 1⁰,

12 2303 130 2333 Gloriae
154 2301 274 2344 plurali
301 2301 433 2333 dictum.
460 2300 483 2332 l.
505 2300 558 2333 41,
579 2299 608 2331 7.

14 2358 137 2389 Glossac
153 2357 184 2389 in
204 2361 329 2389 textum
347 2357 473 2388 illatae.
500 2355 523 2387 1.
552 2355 606 2388 71.
635 2358 665 2387 5.

15 2413 138 2444 Glossae
155 2416 247 2444 ortae
263 2413 305 2445 e'x
321 2412 536 2453 ambiguitate
554 2416 753 2444 structurae.
773 2411 795 2442 l.
820 2410 873 2444 92.
897 2412 913 2441 5

16 2469 131 2500 Gnarus
155 2469 289 2511 passive
315 2469 336 2500 i.
364 2478 393 2510 q.
424 2468 587 2508 cognitus.
615 2466 637 2498 1.
667 2464 719 2499 18.
746 2466 776 2497 6.

17 2525 166 2556 Gracchus
183 2522 268 2565 (G),
293 2523 316 2556 l.
346 2523 398 2558 16.
425 2524 455 2554 2.

15 2581 164 2612 Gracchus
183 2577 301 2621 (Tim),
328 2579 353 2612 1.
373 2579 427 2617 31,
447 2579 479 2611 7.

18 2636 158 2668 Gradatio
185 2635 217 2667 in
242 2635 414 2676 asyndeto.
443 2634 476 2667 C.
500 2635 552 2667 43.
571 2635 601 2666 2.
661 2632 782 2666 51.25.
834 2633 857 2665 l.
884 2633 938 2668 20,
958 2634 987 2662 8.
