1630 3034
470 167 834 210 IUGURTHA.
896 167 1028 210 GAP.
1061 167 1134 209 IV.
1444 172 1501 211 23

106 286 294 329 aliorum
337 284 522 344 negotiis
567 283 844 343 reipublicae
890 289 1135 327 venturum.
1208 284 1327 326 Nam
1362 292 1531 343 saepe5

109 382 256 426 audivi
291 380 349 436 Q.
388 379 674 435 Maxumum,
710 381 761 423 P.
798 379 1083 439 Scipionem,
1119 385 1356 439 praeterea
1391 381 1500 423 civi-

108 479 206 523 tatis
231 482 413 522 nostrae
447 477 704 538 praeclaros
735 477 854 520 viros
885 477 1037 520 solitos
1064 476 1124 519 ita
1151 475 1325 533 dicere,
1360 491 1499 536 quum

104 645 186 668 num
208 636 274 668 ete.
322 632 423 666 Haec
445 631 490 664 ad
513 630 687 664 neminem
710 630 777 664 nisi
800 632 844 665 ad
869 632 1057 665 Caesarem
1081 636 1258 675 spectare,
1296 635 1497 666 senatorum

104 705 286 728 numerum
310 703 527 737 magnopere
549 696 584 725 et
606 691 680 725 sine
703 697 871 726 accurato
894 693 1032 726 delectu
1054 697 1254 737 augentem,
1277 693 1349 725 iam
1365 692 1497 725 dudum

104 755 266 788 viderunt
300 754 526 797 interpretes,
563 753 712 786 laudatis
746 753 819 787 Cic.
857 755 944 797 Epp.
980 754 1025 787 ad
1057 754 1195 787 Famm.
1226 753 1285 793 w,
1309 753 1366 787 20.
1399 753 1497 797 (19.)

103 815 205 850 Dion.
228 814 353 849 XLIII.
378 826 411 857 p.
436 812 518 854 227,
542 814 581 847 C.
619 813 762 847 Sueten.
786 814 886 848 Caes.
912 813 970 855 76,
996 817 1082 847 extr.
1107 813 1165 855 80,
1191 825 1212 847 a
1235 813 1326 846 med.
1352 832 1396 837 —
1422 813 1498 846 Me-

102 876 190 918 rito,
222 887 257 918 q.
281 886 311 908 e.
345 874 441 915 iure,
471 873 563 907 iusta
587 874 630 907 de
653 885 799 917 caussa,
831 874 1043 909 Gerlachins
1074 875 1220 908 ridicule
1250 873 1499 917 interpretatur

102 937 252 977 iudicio,
277 937 424 969 fortasse
446 935 628 979 eleganter
651 935 783 969 dietum
808 939 932 979 putans
955 936 1082 970 iudicio
1107 936 1240 969 mutavi
1263 935 1496 969 iudicium.

101 998 217 1040 Quam
246 996 452 1030 sententiam
491 1000 530 1030 ut
559 997 726 1039 probaret
757 997 902 1030 contulit
932 997 1019 1040 Nep.
1045 996 1148 1029 Attic.
1172 996 1248 1035 XV,
1270 996 1304 1030 3.
1342 996 1398 1029 Ex
1430 1007 1497 1039 quo

101 1058 250 1091 iudicari
266 1062 425 1102 poterat,
448 1068 517 1089 ποη
546 1057 696 1098 inertia,
729 1059 789 1091 sed
812 1059 888 1091 iud
903 1059 994 1091 icio
1010 1057 1151 1102 fugisse
1175 1057 1387 1101 reipublicae
1415 1068 1497 1100 pro-

101 1120 334 1158 curationem3
358 1118 402 1150 ad
428 1129 532 1160 quem
554 1117 672 1150 locum
697 1118 860 1151 Bremius
884 1122 978 1152 recte
1001 1118 1089 1151 vidit
1113 1118 1238 1151 iudicio
1263 1117 1356 1151 idem
1379 1117 1498 1150 valere

100 1179 193 1223 quod
217 1179 310 1222 apud
335 1177 543 1212 Sallustium
568 1179 733 1211 iudicium
764 1179 895 1220 animi,
931 1179 1026 1212 haud
1051 1179 1144 1213 male
1177 1178 1367 1211 vernacule
1389 1177 1498 1211 inter-

101 1243 257 1283 pretatus
301 1238 528 1272 Grundsaitze.
576 1239 694 1272 Animi
736 1250 799 1272 cur
833 1239 1020 1274 Sallustius
1061 1240 1234 1274 addiderit
1266 1237 1416 1271 diximus
1449 1237 1495 1271 ad

101 1300 207 1334 Catil.
231 1311 261 1332 c.
286 1299 408 1339 Lvlll,
433 1299 468 1332 2.
494 1311 529 1342 p.
554 1298 635 1332 304.
685 1300 777 1340 Mei,
811 1301 905 1343 quod
928 1301 963 1334 in
988 1311 1057 1334 uno
1080 1300 1225 1334 Eccard.
1259 1300 1374 1341 deest,
1407 1298 1495 1331 Cor>-

101 1360 170 1394 tius
191 1370 254 1402 pro
287 1370 386 1393 more
418 1371 481 1393 suo
514 1359 627 1393 eiecit.
662 1380 704 1385 —
743 1361 815 1403 Que
846 1361 1059 1404 particulam
1094 1360 1283 1405 colligendi
1315 1370 1358 1392 ex
1390 1369 1494 1402 prae-

100 1420 230 1466 gressis
254 1424 423 1464 potestate
445 1431 519 1454 esse
541 1421 691 1464 positam
716 1422 889 1455 monitum
912 1427 965 1455 est
988 1422 1032 1455 ad
1057 1421 1160 1454 Catil.
1183 1421 1244 1461 ΙΙΙ,
1267 1419 1299 1453 5.
1324 1431 1359 1462 p.
1377 1418 1436 1453 22.
1461 1422 1497 1452 et

100 1482 143 1515 ad
168 1493 197 1517 c.
222 1480 433 1522 xm'11156.
465 1499 510 1505 —
547 1482 703 1526 Negotia
729 1482 940 1517 Gerlachius
963 1481 1167 1525 simpliciter
1188 1480 1354 1525 intelligit
1375 1480 1492 1523 reipu—

99 1544 208 1576 blicae
243 1541 602 1582 administrationem,·
636 1543 696 1575 sed
717 1554 750 1576 v.
775 1543 820 1576 ad
844 1544 921 1577 Cat.
946 1555 976 1576 c.
1000 1544 1095 1585 VIII,
1119 1543 1154 1577 5.
1202 1544 1390 1577 Praeterea
1421 1539 1491 1574 ali-

97 1614 204 1647 quam
227 1601 300 1634 vim
322 1602 453 1646 habet,
478 1603 572 1646 quod
595 1604 774 1648 negotium
798 1605 834 1636 h.
860 1604 884 1637 I.
907 1605 976 1638 otio
1000 1604 1199 1647 opponitur.

188 1665 222 1705 §-
248 1661 282 1696 5.
334 1662 429 1696 Nam
454 1675 559 1707 saepe
589 1675 654 1708 ego
682 1665 825 1709 audivi]
857 1665 956 1709 Ego,
988 1665 1081 1708 quod
1112 1665 1147 1697 in
1172 1664 1291 1699 Leidd.
1315 1664 1356 1697 A.
1382 1663 1424 1697 B.
1449 1663 1488 1696 C.

96 1726 141 1760 D.
164 1725 208 1758 E.
233 1724 276 1757 F.
303 1724 346 1757 G.
372 1724 399 1757 I.
424 1724 469 1756 K.
496 1725 602 1765 deest,
626 1725 785 1758 nonnulli
809 1725 1018 1767 omiserunt;
1043 1726 1102 1759 sed
1126 1725 1214 1759 Sall.
1238 1729 1277 1759 ut
1299 1724 1410 1758 animi
1435 1726 1490 1756 sui

94 1785 302 1820 sententiam
325 1795 407 1818 eum
429 1784 608 1829 gravitate
631 1785 830 1828 explicaret,
855 1797 1044 1829 pronomen
1068 1790 1149 1829 apte
1170 1785 1297 1829 posuit.
1345 1796 1378 1818 v.
1398 1785 1490 1818 Dra-

93 1846 282 1880 kenborch.
313 1846 358 1880 ad
391 1845 469 1879 Liv.
503 1846 597 1888 XXI,
637 1846 673 1886 3,
706 1845 741 1878 6.
776 1850 810 1879 et
839 1846 964 1881 Donat.
997 1847 1042 1880 ad
1073 1847 1156 1880 Ter.
1179 1846 1286 1880 Andr.
1310 1846 1372 1886 111,
1395 1844 1430 1887 4,
1454 1844 1487 1878 3.

94 1907 230 1951 Grysar
253 1907 448 1951 Praeceptt.
471 1907 553 1950 styli
579 1907 655 1940 Lat.
680 1918 714 1950 p.
739 1906 786 1939 27
809 1917 860 1950 sq.
914 1907 1041 1941 Noster
1064 1908 1167 1940 Catil.
1192 1919 1220 1941 e.
1249 1907 1328 1949 XX,
1353 1905 1385 1939 5.
1430 1906 1486 1946 LI,

93 1967 150 2002 35.
181 1968 255 2008 LII,
276 1966 309 2001 5.
344 1967 387 2000 ib.
417 1970 448 2010 S.
473 1968 530 2001 36.
564 1968 684 2008 LVIII,
707 1967 742 2002 1.
774 1968 853 2012 lug.
876 1968 1006 2009 xxxi,
1031 1968 1087 2001 21.
1112 1972 1147 2002 et
1169 1968 1202 2009 §.
1224 1966 1281 2000 27.
1314 1966 1486 2004 LXXXV,

95 2029 127 2062 1.
151 2033 186 2062 et
213 2028 271 2062 15.
295 2047 340 2052 —
367 2029 408 2070 Q.
438 2028 629 2061 Maximum
658 2039 725 2060 non
750 2027 858 2060 alium
884 2040 959 2061 esse
983 2039 1088 2070 quam
1118 2029 1158 2069 Q.
1190 2028 1337 2060 Fabium
1369 2027 1485 2059 Maxi-

93 2101 185 2122 mum
207 2089 431 2122 Vcrrucosum
455 2090 699 2122 Cunctatorem
733 2099 836 2121 nemo
861 2088 1090 2128 dubitaverit,
1115 2088 1150 2120 in
1174 2091 1271 2120 tanta
1288 2086 1355 2120 viri
1381 2086 1486 2120 clari-

93 2149 234 2190 tudine;
267 2148 477 2182 Gerlachius
500 2152 617 2182 tamen
646 2153 772 2191 negat,
806 2147 890 2191 quia
913 2148 1028 2181 Fabio
1052 2147 1254 2182 Cunctatori
1275 2158 1485 2190 praenomen

98 2209 225 2249 Publio,
249 2220 318 2242 non
345 2208 482 2250 Quinto,
511 2207 626 2242 fuerit.
674 2209 776 2251 Quod
804 2209 894 2242 unde
915 2209 1003 2242 sciat
1028 2210 1068 2244 Y.
1096 2210 1138 2243 D.
1166 2219 1233 2252 ego
1256 2207 1394 2249 nesci03
1425 2209 1485 2241 sed

92 2269 124 2303 ei
153 2268 341 2312 inspexerit
375 2268 448 2304 Cic.
479 2269 523 2301 de
556 2268 628 2301 Off.
660 2269 688 2311 1,
724 2269 781 2309 24,
815 2269 872 2303 11.
907 2273 940 2303 et
972 2270 1048 2303 Liv.
1073 2270 1186 2313 xxn,
1208 2270 1243 2312 9,
1268 2268 1302 2302 7.
1326 2269 1484 2313 aliosque

92 2329 167 2363 eius
189 2329 272 2362 libri
296 2330 413 2368 locos,
444 2332 562 2362 tamen
587 2329 736 2362 fortasse
760 2330 883 2363 sentiet
909 2330 1030 2371 Quinti
1053 2341 1263 2372 praenomen
1287 2329 1391 2363 illum
1418 2331 1482 2364 ha-

92 2389 217 2423 buisse.
268 2389 423 2421 Publium
442 2399 526 2421 vero
550 2389 741 2432 Scipionem
765 2401 840 2424 esse
864 2390 1066 2433 Africanum
1085 2392 1276 2434 Maiorem,
1299 2391 1394 2424 omni
1411 2391 1483 2425 vir-

90 2452 204 2483 tutum
228 2459 358 2492 genere
383 2460 451 2481 non
474 2449 587 2482 solum
612 2449 703 2483 inter
725 2451 929 2494 Scipiones,
962 2451 1023 2485 sed
1056 2452 1147 2486 inter
1179 2452 1384 2485 universum
1420 2464 1483 2487 no-

90 2519 169 2543 men
202 2509 404 2542 Romanum
438 2510 739 2554 praefulgentem,
772 2512 1007 2546 certissimum
1039 2516 1109 2553 est,
1151 2525 1260 2557 quum
1291 2512 1481 2547 Sallustius

90 2571 334 2604 celeberrimos
363 2570 483 2613 populi
508 2571 613 2605 Rom.
640 2572 734 2605 viros
756 2577 921 2616 tanquam
945 2578 1048 2608 testes
1070 2585 1155 2607 suae
1180 2574 1369 2608 sententiae
1391 2574 1478 2608 affe-

89 2635 155 2665 rat.
203 2631 306 2673 Quod
337 2631 520 2675 negligens
544 2631 777 2674 Gerlachius,
813 2633 851 2666 Ρ.
878 2635 1070 2678 Scipionem
1093 2634 1259 2679 intelligit
1281 2646 1384 2676 eum,
1417 2635 1478 2678 qni

90 2691 146 2724 vir
167 2691 321 2734 optimus
342 2690 377 2724 in
403 2691 547 2724 civitate
568 2691 742 2726 iudicatus
765 2698 914 2727 matrem
937 2695 1078 2730 Idaeam
1103 2695 1298 2739 acceperit3
1332 2707 1374 2729 eo
1399 2695 1476 2729 for-

91 2755 185 2786 tasse
207 2754 344 2792 motus,
377 2751 470 2794 quod
493 2751 568 2796 ipse
591 2752 711 2788 Livius
733 2754 864 2796 xxix,
888 2753 947 2798 14,
972 2755 1007 2790 9.
1042 2755 1168 2799 quibus
1197 2755 1265 2790 viri
1290 2756 1478 2790 virtutibus
