1630 3034
405 147 760 192 IUGURTHA.
820 148 942 190 CAP.
973 148 1163 191 XXXII.
1403 153 1487 194 197

100 280 156 310 ex
182 265 372 325 pacatis
401 264 594 324 praedas
637 264 858 324 agebant3
901 270 1020 308 tanta
1051 265 1114 308 vis
1151 265 1357 310 avaritiae
1387 268 1485 310 ani-

98 377 195 407 mos
231 376 386 406 eorum
421 360 559 406 veluti
587 361 711 405 tabes
741 361 971 405 invaserat.
1043 361 1104 405 At
1137 360 1338 419 Cassius,
1375 377 1519 423 per-5

98 459 186 503 lata
222 459 455 519 rogatione
491 473 518 501 a
557 456 606 503 C.
641 457 863 505 ¹Memmio
901 472 954 500 ac
998 458 1205 516 perculsa
1242 459 1360 502 omni
1396 474 1480 503 no-

97 556 288 611 bilitate,
315 555 380 598 >ad
412 553 679 613 Iugurtham
712 552 1030 613 proficiscitur,
1077 554 1208 612 eique
1243 555 1402 599 timido
1439 563 1483 599 et

98 667 152 696 ex
188 652 452 696 conscientia
488 650 709 697 diffidenti
743 651 877 695 rebus
913 650 998 695 suis
1034 650 1298 710 persuadet,
1335 667 1481 711 quon-

95 807 172 840 Vol.
196 806 225 840 1.
256 818 289 850 p.
313 805 394 840 542.
429 806 648 839 scribendum
683 817 841 840 censens:
868 807 992 849 suere,
1027 805 1086 850 qui
1119 818 1204 840 auro
1238 806 1389 851 corrupti
1413 809 1483 842 ele—

92 867 243 911 phantos
263 867 458 911 Iugurthae
474 867 665 907 traderent,
693 870 772 900 aut
793 868 964 910 perfugas
988 867 1249 902 venderent.
1284 868 1353 902 Sed
1377 880 1482 911 quam

93 928 313 971 corruptelae
343 939 501 961 caussam
534 927 638 969 dicit,
677 926 850 960 scribendi
886 927 1091 970 compendia
1125 927 1171 960 al’
1196 932 1230 962 et
1253 931 1290 962 ἂι
1325 929 1481 969 confusa,

94 987 187 1022 omni
221 987 476 1031 probabilitatis
509 987 623 1030 specie
656 991 769 1028 caret,
807 992 846 1021 ut
870 999 912 1021 ex
936 988 1129 1031 scripturae
1152 988 1406 1032 discrepantia,
1440 990 1483 1022 de

93 1059 163 1092 qua
195 1060 301 1092 supra
333 1048 505 1089 diximus,
538 1053 692 1091 apparet.
741 1048 835 1081 Tum
860 1049 1014 1082 maxime
1038 1048 1183 1082 offendit
1212 1050 1326 1083 solum
1350 1050 1481 1094 imper-

92 1111 221 1144 fectum
246 1110 380 1143 duobus
403 1108 630 1142 coniunctivis
653 1108 866 1150 subiectum,
892 1121 996 1152 quam
1022 1109 1188 1143 orationis
1213 1112 1482 1145 conformandae

91 1169 262 1203 rationem
281 1168 395 1212 quivis
412 1180 434 1203 a
448 1168 606 1203 Sallustii
631 1171 878 1204 consuetudine
901 1169 1050 1203 alienam
1077 1181 1149 1203 esse
1172 1171 1304 1206 sentiet.
1352 1173 1481 1207 Contra

91 1230 347 1264 enunciationes
371 1229 456 1263 duas
480 1229 660 1263 vocabulis
685 1230 749 1262 alii
768 1248 809 1253 —
837 1241 922 1273 pars
954 1230 1143 1273 contineri,
1178 1232 1280 1264 valde
1310 1244 1350 1265 ex
1383 1244 1487 1277 more¹

92 1293 145 1324 est
173 1290 278 1324 huius
311 1289 497 1333 scriptoris.
527 1309 565 1314 —
605 1290 760 1324 Praestas
792 1296 933 1333 propter
964 1292 1132 1334 pluralem
1168 1292 1347 1337 tetigimus
1380 1294 1424 1327 ad
1449 1306 1477 1327 c.

92 1351 171 1392 XX,
195 1350 228 1384 8.
246 1369 286 1376 -
305 1351 376 1385 Pro
400 1351 533 1384 animos
555 1351 732 1384 invaserat
757 1351 899 1394 plurimi
926 1352 1023 1384 codd.
1049 1356 1084 1384 et
1107 1362 1225 1384 omnes
1248 1352 1325 1386 edd.
1350 1354 1480 1388 habent

91 1411 136 1444 in
156 1411 290 1444 animos
314 1411 385 1444 inv.
432 1411 499 1445 Sed
523 1411 733 1455 praepositio
756 1412 854 1445 abest
877 1422 898 1445 a
921 1411 1063 1445 vetustis
1088 1411 1185 1444 Rivii
1210 1412 1329 1454 libris,
1364 1418 1398 1448 et
1433 1415 1479 1447 ab

91 1470 172 1505 Sen.
197 1470 231 1506 2.
258 1471 386 1506 Reuss.
411 1472 517 1506 Acad.
543 1472 649 1506 Fabr.
675 1472 708 1505 2.
741 1472 844 1507 Rem.
871 1472 902 1506 1.
927 1472 961 1505 2.
987 1473 1112 1505 Franc.
1139 1472 1255 1507 Guelf.
1279 1473 1312 1508 7.
1340 1474 1395 1508 ll.
1421 1474 1478 1509 12.

91 1531 187 1565 Leid.
214 1531 252 1565 Ε.
279 1532 323 1565 G.
348 1532 393 1566 K.
417 1533 456 1568 Ia.
491 1533 573 1567 Bas.
600 1534 631 1566 l.
665 1533 770 1566 Bern.
795 1534 831 1568 3.
856 1532 944 1568 Tur.
968 1533 1002 1566 1.
1040 1533 1111 1566 Erl.
1138 1533 1240 1567 Misn.
1266 1538 1300 1568 et
1325 1535 1418 1568 Berl.
1446 1536 1476 1569 1.

90 1603 190 1626 erasa
215 1596 265 1626 est
287 1591 323 1625 in
347 1594 453 1627 Fabr.
472 1594 505 1628 1.
531 1594 649 1627 Guelf.
672 1593 706 1626 4.
733 1593 811 1627 Vin.
837 1594 867 1626 l.
893 1604 982 1636 quae
1005 1604 1088 1627 sane
1111 1594 1293 1627 ostendunt
1315 1594 1479 1628 librarios

90 1663 167 1686 eam
200 1652 454 1695 perspicuitatis
490 1665 614 1688 caussa
645 1653 822 1687 adiecisse.
870 1654 1012 1687 Accedit
1046 1655 1135 1697 quod
1161 1654 1346 1688 Sallustius
1372 1656 1478 1689 Catil.

90 1713 257 1756 XXXVI,
289 1712 323 1747 5.
359 1724 467 1755 paene
500 1715 622 1748 eadem
653 1714 821 1748 sententia
855 1725 937 1747 usus
970 1715 1043 1748 sine
1077 1715 1332 1758 praepositione
1370 1716 1478 1750 dixit:

88 1779 191 1809 tanta
218 1775 270 1808 vis
294 1775 402 1808 morbi
424 1775 478 1810 uti
501 1776 598 1809 tabes
620 1777 800 1820 plerosque
825 1776 950 1809 civium
973 1777 1105 1809 animos
1128 1777 1318 1810 invaserat.
1359 1775 1477 1820 Neque

89 1835 220 1880 potuit,
255 1836 398 1879 opinor,
430 1835 534 1869 aliter
567 1835 702 1877 dicere,
738 1846 817 1868 nam
844 1835 903 1868 ubi
927 1836 1094 1870 invadere
1119 1837 1283 1870 translate
1307 1836 1380 1869 sine
1404 1837 1477 1870 ulla

89 1897 154 1930 loci
186 1896 325 1930 notione
356 1900 565 1940 usurpatur,
611 1896 668 1929 vix
700 1896 780 1930 licet
813 1897 1102 1939 praepositionem
1133 1898 1269 1931 addere.
1302 1897 1346 1929 cf.
1371 1897 1476 1931 Catil.

89 1957 228 1998 xxm,
253 1958 285 1990 1.
309 1958 384 2002 lug.
416 1958 516 1998 XlIl,
540 1958 571 1991 l.
597 1957 747 1997 XXXV,
775 1956 809 1992 9.
835 1957 1007 2000 XXXIX,
1033 1958 1066 1990 1.
1091 1958 1183 1998 cvi,
1206 1957 1242 1994 6.
1269 1957 1477 1992 Gerlachius

89 2018 124 2051 in
148 2017 353 2054 Commentt.
378 2029 409 2060 p.
433 2017 504 2052 265
518 2029 567 2060 sq.
600 2017 944 2060 ‚‚praepositioncm‚
969 2004 1101 2059 inquit,
1127 2019 1334 2051 auctoritate
1356 2019 1476 2052 melio-

88 2090 164 2112 rum
189 2079 352 2112 librorum
374 2083 569 2122 permotus,
603 2077 785 2110 delendam
809 2087 882 2110 esse
905 2080 1064 2110 censco.“
1110 2078 1179 2111 Sed
1204 2077 1239 2110 in
1264 2079 1314 2110 ed.
1341 2077 1477 2112 minore

87 2142 227 2182 propter
250 2138 287 2171 id
309 2139 419 2182 ipsum
452 2141 639 2182 (cognosce
662 2136 729 2169 viri
753 2136 974 2181 ingenium1)
1008 2138 1297 2182 praepositionem
1321 2139 1474 2173 retinuit.

182 2201 213 2240 ἓ.
239 2197 274 2233 5.
322 2199 369 2232 At
391 2200 547 2240 Cassius,
579 2198 720 2242 perlata
755 2198 938 2241 rogatione
971 2209 993 2230 a
1026 2199 1063 2231 C.
1104 2199 1274 2242 Memmio]
1308 2200 1407 2233 Haec
1439 2199 1475 2232 in

89 2258 208 2292 multis
230 2259 328 2292 codd.
353 2263 387 2293 et
409 2260 486 2293 edd.
512 2260 614 2292 foeda
637 2258 906 2301 interpolatione
930 2259 1055 2293 affecta
1077 2263 1166 2294 sunt.
1213 2259 1362 2293 Plurimi
1382 2261 1474 2293 enim

89 2319 173 2352 libri
197 2320 327 2353 habent
353 2322 397 2353 At
427 2320 564 2353 Cassius
594 2320 801 2356 Praetor5
840 2318 898 2352 sed
923 2331 984 2363 pro
1009 2321 1078 2354 hac
1104 2332 1187 2354 voce
1212 2320 1246 2354 in
1270 2321 1371 2354 codd.
1398 2321 1474 2354 Ma-

90 2380 177 2414 nutii
202 2385 237 2414 et
259 2380 388 2421 Ursini,
412 2381 557 2413 Eccard.
590 2381 658 2412 luc.
690 2379 722 2412 2.
761 2379 864 2414 Rem.
888 2379 920 2413 l.
952 2380 1076 2414 Franc.
1102 2381 1220 2415 Guelf.
1248 2380 1283 2416 2.
1306 2380 1339 2414 3.
1377 2381 1473 2415 Leid.

90 2442 131 2475 A.
150 2441 246 2474 Rc.
264 2443 305 2475 D.
322 2442 422 2475 RH.
440 2441 489 2473 M.
506 2441 548 2476 N.
573 2441 644 2476 Eri.
670 2439 762 2483 Teg.
789 2438 894 2472 Misn.
920 2440 1027 2474 Vatic.
1052 2441 1085 2475 3.
1111 2442 1144 2476 4.
1176 2442 1286 2475 Bari).
1313 2442 1347 2475 2.
1381 2442 1473 2476 Med.

90 2501 124 2535 1.
139 2501 175 2536 7.
200 2501 309 2536 Paris.
334 2501 375 2538 A.
395 2502 435 2534 Β.
455 2501 492 2534 C.
511 2502 552 2535 D.
576 2502 608 2534 b.
624 2513 653 2533 c.
671 2513 702 2534 z.
726 2501 809 2533 Bas.
825 2499 858 2533 4.
881 2501 939 2534 vel
962 2503 1167 2545 compendia
1190 2503 1224 2535 Ρ.
1246 2503 1309 2542 R,
1340 2502 1375 2534 P.
1396 2503 1475 2543 Ro„

92 2561 150 2595 Po.
170 2562 254 2603 Ro„
279 2563 335 2595 vel
353 2565 472 2606 aperte
486 2563 604 2606 populi
619 2562 768 2595 Romani
787 2561 927 2605 legitur.
976 2563 1012 2595 ln
1032 2563 1149 2597 Guelf.
1165 2574 1248 2596 vero
1267 2562 1323 2597 10.
1347 2563 1426 2596 Sen.
1443 2563 1474 2596 l.

90 2621 209 2656 Struv.
233 2622 310 2656 Vin.
326 2623 361 2656 2.
387 2622 485 2656 Leid.
505 2623 545 2655 F.
565 2622 594 2657 1.
616 2622 657 2655 Κ.
685 2613 876 2664 'utrumque
908 2621 1058 2656 habetur
1092 2625 1135 2657 At
1166 2624 1305 2657 Cassius
1334 2624 1476 2657 Praetor

89 2684 207 2726 popula·
225 2684 385 2717 Romani.
433 2682 562 2723 Pauci,
587 2683 838 2726 corruptricem
864 2693 1006 2716 manum
1030 2694 1096 2716 non
1122 2683 1275 2727 experti,
1299 2683 1387 2716 nihil
1410 2682 1477 2717 ho-

93 2751 172 2776 rum
194 2743 344 2786 habeut,
368 2743 430 2788 qui
451 2747 530 2779 sunt
554 2744 636 2778 Bas.
660 2743 694 2778 l.
718 2744 840 2779 Guelf.
863 2743 896 2778 9.
922 2744 1027 2778 Bern.
1052 2744 1084 2778 l.
1120 2743 1269 2778 Goerlit.
1301 2743 1415 2778 Paris.
1443 2755 1476 2777 x.
