1630 3034
122 211 208 252 324
482 205 530 247 C.
559 204 903 250 SALLUSTI
933 206 1153 250 CRISPI

81 328 109 368 3
124 324 265 369 Pauci
300 327 466 379 autem,
500 337 615 381 quos
649 322 826 368 medios
861 322 1028 370 cohors
1061 325 1288 384 praetoria
1322 324 1513 371 disiece-

120 421 210 471 rat,
262 415 422 474 paullo
477 413 719 471 divorsius,
774 415 854 460 sed
901 431 1056 461 omnes
1109 423 1262 461 tamen
1316 416 1515 461 advorsis

78 506 379 553 4volneribus
426 507 727 552 conciderant.
797 506 992 552 Catilina
1033 522 1144 553 vero
1186 508 1328 568 longe
1363 523 1391 552 a
1425 507 1513 552 suis

115 597 233 642 inter
292 596 490 643 hostium
557 598 779 644 cadavera
837 604 1041 658 repertus
1097 604 1191 656 est,
1255 598 1512 660 paullulum

117 689 251 733 etiam
301 690 474 750 spirans
522 689 834 750 ferociamque
890 689 1048 746 animi,
1107 705 1246 750 quam
1291 690 1514 736 habuerat

79 786 108 830 5
121 780 271 838 vivus,
306 782 353 827 in
387 782 515 828 voltu
548 783 752 829 retinens.
822 780 1060 829 Postremo
1108 797 1164 828 ex
1208 782 1333 828 omni
1377 781 1514 843 copia

116 946 150 969 v.
175 938 220 971 ad
244 949 275 972 c.
298 939 379 982 ΧΠ,
396 938 429 975 5.
453 940 575 982 xmw,
603 939 658 982 5.‚
692 939 849 984 profecto
880 948 952 974 non
981 937 1067 983 erit,
1100 938 1192 985 quod
1223 939 1324 974 vivus
1356 937 1513 974 otiosum

115 999 180 1028 aut
203 996 400 1040 elegantiae
423 1010 547 1043 expers
570 1010 682 1033 reare.

208 1056 241 1095 §-
266 1055 300 1088 3.
347 1056 498 1100 medios]
535 1056 716 1090 Immerito
739 1055 830 1089 haec
853 1064 922 1088 vox
945 1053 1150 1098 interpretes
1173 1052 1336 1095 offendit,
1358 1052 1447 1088 adeo
1470 1054 1511 1088 ut

114 1110 266 1152 eortius,
279 1111 339 1155 qui
355 1114 452 1147 nullo
475 1113 580 1147 modo
597 1124 814 1157 concoquere
837 1123 918 1146 eam
935 1118 1062 1156 posset,
1077 1113 1239 1146 omnibus
1263 1111 1361 1144 codd.
1387 1111 1510 1145 firma-

113 1170 188 1202 tam
211 1170 420 1212 expellerem
444 1171 687 1213 Gerlachium,
712 1182 783 1215 quo
805 1170 917 1205 invito
940 1170 1080 1210 excidit,
1103 1169 1302 1214 Herzogius
1325 1169 1432 1203 tacite
1454 1180 1510 1203 se-

108 1231 214 1261 cutus
233 1232 296 1262 est.
328 1228 398 1262 Sed
421 1230 568 1272 medius,
583 1229 795 1264 *indefinitae
818 1227 999 1273 potestatis
1023 1239 1103 1269 vox,
1127 1239 1196 1261 non
1219 1238 1289 1261 uno
1317 1227 1512 1271 eodemque

112 1284 219 1319 modo
244 1284 374 1329 ubique
407 1287 636 1331 capiendum,
670 1298 779 1332 quum
816 1297 887 1331 qua
921 1285 1058 1320 ratione
1094 1285 1179 1329 qnid
1201 1284 1357 1319 medium
1388 1285 1434 1320 sit
1464 1296 1509 1320 ex

111 1353 202 1376 nexu
225 1343 476 1378 sententiarum
508 1348 543 1379 et
572 1357 636 1388 pro
660 1345 762 1380 verbi
794 1344 1053 1389 significatione
1084 1342 1233 1377 iudicari
1267 1343 1405 1378 debeat.
1452 1343 1509 1378 lta

110 1400 196 1434 Ter.
220 1401 326 1435 Andr.
343 1401 371 1443 1,
390 1402 424 1444 1,
449 1402 529 1437 1⁰6.
555 1404 707 1437 mediam
729 1404 909 1437 mulierem
934 1402 1168 1446 amplectitur,
1193 1404 1228 1435 et
1251 1400 1328 1434 Liv.
1351 1401 1380 1442 1,
1400 1399 1507 1442 48‚3.

110 1459 262 1492 medium
292 1460 442 1503 arripuit
473 1461 652 1503 Servium,
688 1460 712 1494 i.
744 1471 775 1495 e.
810 1459 927 1494 media
961 1459 1117 1502 corporis
1147 1462 1269 1502 parte3
1302 1459 1393 1493 Hor.
1429 1459 1506 1495 Sat.

127 1541 138 1559 ‚
160 1517 195 1558 1,
213 1517 269 1551 10.
298 1517 387 1550 hunc
411 1518 524 1552 securi
546 1518 665 1552 divisit
687 1518 851 1561 medium,
874 1517 899 1551 i.
925 1528 956 1551 e.
981 1527 1046 1560 per
1063 1515 1216 1550 mediam
1239 1519 1376 1560 partem
1398 1516 1508 1551 disse-
1536 1514 1549 1522 “

110 1573 196 1610 cuit.
244 1573 343 1619 Vir-g.
367 1575 454 1609 Aen.
486 1574 623 1617 1‚'698.
656 1586 694 1609 se
727 1586 838 1609 aurea
873 1573 1062 1618 composuit
1096 1573 1254 1617 sponda,
1286 1575 1507 1619 mediamque

109 1632 256 1673 locavit,
290 1631 315 1666 i.
341 1643 372 1666 e.
408 1636 448 1666 ut
482 1632 518 1665 in
550 1632 669 1666 media
702 1633 856 1676 spondae
878 1635 980 1676 parte
1012 1630 1178 1672 cubaret3
1217 1631 1262 1664 cf.
1287 1631 1396 1666 etiam
1419 1633 1504 1666 Ern.

108 1688 255 1722 Weberi
288 1688 495 1723 Exercitatt.
528 1689 613 1733 styli
645 1689 723 1724 Lat.
756 1689 802 1723 T.
838 1690 866 1724 1.
917 1700 952 1732 p.
976 1687 1036 1722 82.
1099 1687 1228 1722 Nostro
1270 1693 1390 1723 autem
1426 1690 1505 1724 loco

108 1747 240 1781 medios
262 1758 331 1781 non
361 1751 414 1780 est
434 1747 471 1780 in
495 1747 612 1780 media
637 1748 734 1790 acie,
760 1747 817 1781 vel
838 1748 876 1781 in
899 1747 1012 1780 medio
1037 1746 1239 1787 collocatos,
1272 1746 1325 1781 uti
1348 1746 1505 1789 Tellero,

107 1805 261 1846 Damio,
285 1804 422 1848 hangio
447 1809 482 1839 et
506 1805 698 1839 Gerlachio
722 1805 861 1846 visum,
884 1805 945 1839 scd
968 1815 1049 1838 cum
1074 1804 1258 1839 disiecerat
1282 1804 1505 1840 coniunctum

106 1864 218 1898 valet:
251 1874 338 1906 quos
361 1862 487 1895 cohors
511 1863 689 1905 praetoria
720 1863 851 1896 medios
879 1867 1087 1907 perruperat
1122 1861 1393 1905 disieoeratque,
1428 1862 1503 1904 vel,

106 1932 194 1964 quos
217 1933 248 1954 c.
274 1931 325 1963 pr.
349 1920 467 1953 media
491 1921 566 1954 acie
587 1926 758 1965 perrupta
782 1921 977 1955 disiecerat.
1025 1921 1130 1955 Vides
1164 1920 1278 1965 igitur
1308 1931 1377 1954 non
1411 1919 1503 1954 otio-

106 1990 186 2014 sum
209 1989 283 2012 esse
306 1979 436 2012 medios
459 1979 691 2020 vocabulum,
726 1979 787 2013 sed
822 1979 868 2013 ad
897 1978 973 2012 vim
1005 1978 1318 2021 fortitudinemque
1347 1976 1504 2012 cohortis

106 2036 306 2081 praetoriae
343 2036 592 2070 declarandam
631 2038 826 2081 pertinere,
866 2036 1040 2079 simulque
1080 2036 1264 2069 disiecerat
1304 2034 1503 2068 accuratius

106 2095 275 2136 definire,
297 2093 471 2137 siquidem
495 2105 563 2128 non
586 2106 707 2128 omncs
730 2095 791 2138 qui
815 2087 1036 2128 disiiciuntur
1057 2093 1167 2127 etiam
1190 2092 1300 2127 medii
1323 2092 1502 2126 disiicinn-

105 2158 173 2188 tur.
222 2153 327 2197 Quod
359 2164 468 2196 quum
493 2152 703 2187 Gerlachius
730 2164 800 2187 non
831 2151 1076 2192 intellexisset,
1110 2162 1180 2185 non
1203 2149 1333 2184 mirum
1356 2161 1439 2184 eum
1462 2149 1500 2184 in

106 2210 228 2246 Cortio
259 2210 447 2245 refutando
480 2221 548 2243 non
581 2210 721 2244 felicius
753 2221 827 2244 esse
859 2213 1050 2243 versatum.
1074 2226 1121 2233 -—-
1158 2208 1290 2241 Tamen
1324 2207 1376 2241 ita
1405 2207 1501 2251 posi-

104 2272 202 2311 tum,
234 2272 274 2302 ut
306 2268 341 2301 in
377 2272 580 2312 antegresso
614 2269 775 2302 membro
806 2268 945 2312 quidem
978 2265 1213 2311 supplendum
1248 2264 1316 2305 sit;
1349 2264 1394 2298 cl'.
1419 2265 1499 2310 lug.

103 2326 176 2369 IN,
206 2326 238 2360 1.
273 2326 422 2371 cognitis
458 2326 592 2359 Metelli
622 2326 746 2367 rebus,
783 2331 822 2360 ut
853 2327 888 2359 in
923 2326 1071 2359 advorso
1103 2326 1197 2364 loco,
1238 2324 1348 2356 victor
1380 2328 1498 2357 tamen

98 2385 245 2426 suisset,
278 2384 340 2416 ubi
364 2383 504 2418 Cor-tius
537 2383 672 2418 confert
706 2383 790 2417 Ter.
815 2383 964 2426 Adelph.
986 2382 1014 2422 1,
1033 2381 1067 2422 2,
1084 2379 1143 2414 30.
1176 2381 1343 2414 alieniore
1366 2385 1497 2421 aetate,

99 2445 178 2484 post
196 2443 334 2484 faceret
360 2447 497 2482 tamen,
522 2445 557 2475 ct
582 2441 659 2475 Liv.
690 2442 864 2482 ΧΧΧΠΙ,
892 2439 950 2481 25,
981 2440 1037 2473 11.
1074 2439 1269 2481 Philippum
1303 2443 1337 2472 ct
1367 2438 1497 2478 Nabla,

102 2498 215 2531 hostes
240 2499 326 2531 bello
351 2504 532 2542 superatos
563 2500 607 2532 ab
635 2500 674 2532 Τ.
704 2500 882 2542 Quinctio,
909 2504 1027 2532 tamen
1050 2497 1086 2530 ιἰι
1111 2508 1221 2540 regno
1245 2496 1402 2538 relictos,
1434 2495 1496 2529 ubi

103 2566 140 2588 v.
165 2557 320 2589 Gronov.
346 2563 380 2590 ct
405 2558 672 2590 Drakenborch.
723 2557 819 2589 Addo
853 2555 1039 2589 Ruhnken.
1073 2555 1118 2590 ad
1142 2555 1225 2588 Ter.
1258 2553 1364 2586 Andr.
1398 2552 1494 2586 Prol-

100 2624 136 2647 ν.
163 2613 218 2646 11.
244 2619 279 2647 ot
314 2614 485 2657 lleusing.
519 2616 561 2648 nd
597 2614 668 2648 Cic.
705 2613 747 2646 do
779 2613 852 2646 Oss'.
884 2613 912 2653 1,
941 2613 998 2654 12,
1029 2613 1061 2647 4.
1092 2632 1135 2638 —
1180 2611 1249 2645 Sed
1284 2610 1495 2654 particulam

98 2668 332 2715 πλατύτητος
364 2672 511 2706 crimine
543 2670 752 2706 Sallustium
786 2681 932 2705 ‹viu-rare
973 2676 1088 2706 censet
1127 2669 1346 2713 llerzogina,
1386 2679 1494 2711 quum

101 2739 219 2764 omncs
249 2733 368 2763 tamen
407 2730 605 2772 sufl'eeerit3
640 2728 864 2764 concedimus
901 2729 1084 2765 suffecisse
1117 2729 1162 2764 ud
1197 2726 1271 2761 vim
1303 2726 1493 2762 sententiae
