1630 3034
397 106 570 147 RERUM
599 108 662 148 AC
693 107 963 148 VERBORUM
1321 104 1373 146 81

8 215 89 248 Tunc
105 216 282 260 respondet
297 218 374 250 voci
391 227 480 257 nunc,
505 217 530 250 I.
551 218 627 252 111.
648 219 678 252 1.

3 271 111 304 Turma
130 272 267 313 triginta
281 273 426 315 equitum
439 277 523 313 erat,
547 273 572 308 I.
591 274 646 314 38,
667 274 699 308 6.
748 274 803 307 49.
822 275 855 306 ⁸2.

3 328 104 360 Turris
118 329 143 360 i.
160 338 191 370 q.
210 338 282 366 aff,
296 328 321 361 Ι.
344 328 420 362 103,
441 329 471 362 1.

3 384 103 416 Tarsis
117 385 325 426 oppugnandi
340 385 603 424 instrumentum,
621 384 644 417 Ι.
659 384 714 424 21,
734 385 765 419 3.

1 440 93 472 Tutus
111 440 268 482 quomodo
286 440 418 472 differat
434 450 453 472 a
470 451 602 479 securus,
621 441 646 474 Ι.
665 441 720 479 88,
738 442 771 475 2.

0 496 89 527 Tutus
106 500 141 528 et
155 499 265 527 tutatus
283 495 431 535 confusa,
457 495 481 528 1.
503 495 557 536 74,
577 496 607 529 3.
657 497 712 535 85,
731 498 785 530 45.
836 497 911 537 110,
930 498 962 530 6.

0 551 78 584 Tuus
93 552 227 594 passive
244 561 301 594 pro
318 552 465 590 genitivo
482 552 646 585 obiectivo
659 554 702 584 tui
719 578 726 593 ,
746 552 781 586 C.
802 553 856 593 51,
872 553 925 586 11.

646 675 732 729 ΙΙ.

0 777 23 808 U
39 777 153 809 littera
168 786 227 819 per
243 785 409 818 syncopen
430 777 537 808 eiecta
554 787 596 809 ex
610 778 775 818 periculum
793 778 955 810 vocabulo
972 783 1007 811 et
1030 779 1193 812 similibus
1207 804 1214 813 .
1244 778 1268 812 Ι,
1289 778 1320 818 7,
1342 779 1372 812 1.

89 831 166 871 100,
188 831 220 865 2.

2 889 59 920 Ubi
75 898 147 920 cum
160 888 324 920 infinitivo
342 888 499 920 historico
516 889 674 927 iunctum,
701 888 724 922 Ι.
745 888 799 922 98.
818 889 850 921 2.

1 944 58 976 L'bi
75 954 147 977 eum
163 944 354 987 imperfecto
372 944 531 983 iunctum,
557 944 582 976 I.
602 944 656 981 99,
677 944 706 976 1.

0 1001 57 1032 Ubi
73 1001 96 1033 i.
115 1010 145 1043 q.
164 1000 250 1042 apud
268 1010 374 1041 quem,
394 999 428 1032 C.
449 1001 480 1039 5,
499 1000 530 1033 2.

0 1057 56 1087 L'bi
72 1061 106 1088 et
119 1057 162 1087 uti
178 1055 329 1095 confusa,
346 1055 370 1088 Ι.
389 1055 420 1095 1,
440 1056 471 1088 5.

0 1113 112 1153 Ubique
129 1112 150 1144 i.
167 1121 197 1153 q.
217 1116 242 1143 el
258 1113 321 1151 ubi,
342 1110 376 1143 C.
396 1111 452 1151 23,
470 1112 502 1145 4.
549 1111 574 1144 Ι.
593 1112 647 1150 52,
667 1113 698 1144 5.

0 1169 113 1209 Ubique
129 1168 297 1200 diversum
311 1168 352 1200 ab
370 1169 548 1208 ubicunque,
568 1167 603 1200 C.
623 1167 678 1201 27.
698 1167 727 1200 1.

0 1225 110 1256 L'Icisci
126 1224 260 1268 passivo
277 1233 391 1261 sensu,
416 1223 440 1256 I.
461 1223 515 1262 31,
535 1223 566 1255 8.

0 1281 81 1312 Ultra
98 1281 132 1312 vi
146 1280 297 1312 adverbii
314 1281 467 1322 positum,
488 1279 523 1312 C.
545 1279 599 1312 51.
618 1279 673 1312 20.

0 1337 82 1368 Utro
100 1337 178 1379 quid
195 1335 415 1377 significet.'l.
438 1335 490 1374 15.
512 1335 540 1368 1.
592 1335 669 1370 110.
687 1335 719 1366 2.

0 1394 63 1425 ῑῗιια
80 1393 247 1425 diversum
267 1402 287 1424 a
303 1393 404 1431 simul,
425 1391 459 1424 C.
477 1391 531 1431 20,
552 1391 604 1424 17.

0 1450 80 1481 Unde
96 1449 118 1481 i.
135 1459 166 1490 q.
185 1458 204 1480 a
221 1457 296 1489 quo,
316 1447 351 1480 C.
371 1449 402 1486 5,
421 1447 454 1480 2.
502 1447 526 1480 Ι-
544 1447 596 1486 14,
612 1447 667 1480 22.

0 1507 64 1543 L'ni,
83 1516 130 1544 ae,
148 1515 178 1543 α,
195 1503 252 1535 ubi
270 1504 411 1541 dicatur,
440 1503 474 1535 C.
495 1503 578 1541 6,’2.

0 1563 88 1593 Unum
106 1561 141 1593 vi
158 1559 361 1592 substantivi
380 1560 412 1590 in
429 1559 572 1591 dictione
592 1560 620 1589 in
639 1570 726 1590 unum
747 1585 755 1598 .
782 1560 818 1591 C.
840 1559 892 1593 17.
913 1561 943 1591 2².

0 1619 76 1650 Unus
91 1622 116 1649 et
133 1617 208 1648 aller
222 1616 242 1647 i.
262 1625 292 1657 q.
311 1614 505 1658 complures,
525 1615 686 1654 nonnulli,
704 1614 730 1647 Ι.
750 1614 804 1652 60,
820 1615 850 1647 7.

0 1675 118 1706 [rhium
135 1671 318 1704 nominibus
337 1671 598 1714 praepositiones
615 1671 759 1706 additae.
779 1669 815 1702 C.
831 1670 884 1702 40.
912 1673 940 1701 Γ».

0 1731 72 1762 Urbs
89 1729 223 1761 Romana
239 1727 261 1758 i.
281 1737 311 1768 q.
331 1727 410 1758 urbs
429 1726 538 1764 Roma,
557 1725 591 1758 C.
614 1725 666 1765 18,
685 1726 717 1758 8.

0 1786 128 1827 Usquam
144 1784 167 1815 i.
183 1793 213 1825 q.
234 1783 268 1814 in
284 1783 354 1815 ulla
372 1793 420 1820 re,
446 1782 472 1814 I.
494 1782 547 1821 13,
567 1783 597 1814 5.

0 1843 72 1874 L'sus
88 1841 111 1874 i.
127 1850 158 1882 q.
175 1849 229 1871 res
248 1839 452 1870 necessaria.
469 1836 494 1869 Ι.
513 1837 568 1875 84,
588 1836 619 1869 3.

0 1899 71 1930 Usus
89 1901 122 1928 et
138 1895 276 1927 utensilia
294 1895 334 1925 de
352 1894 444 1924 victu
461 1893 626 1931 dicuntur,
646 1889 686 1925 C.
702 1891 758 1931 48,
776 1892 809 1925 2.

0 1955 70 1985 [sus
85 1950 252 1995 oppositus
271 1950 392 1990 speciei,
410 1948 434 1980 I.
455 1948 508 1987 16,
527 1949 556 1979 5.

0 2011 29 2042 Ut
47 2009 202 2041 omissum
224 2006 258 2037 in
283 2004 514 2037 enunciatione
539 2004 762 2046 comparativa
785 2008 858 2046 post
887 2005 1068 2046 particulas
1093 2007 1189 2045 potins
1217 2017 1322 2045 quam.

81 2063 107 2096 Ι.
124 2061 201 2101 106,
221 2061 252 2094 3.

0 2121 29 2152 Ut
45 2120 199 2152 omissum
215 2121 290 2160 post
305 2116 409 2149 verba
423 2116 641 2157 praecipiendi,
659 2113 695 2147 C.
711 2114 766 2149 29,
784 2114 816 2147 2.
867 2115 921 2149 3²2.
938 2116 970 2148 2.
1022 2116 1043 2147 Ι.
1062 2116 1116 2149 38.
1134 2117 1162 2148 1.

0 2177 30 2208 Ut
45 2176 103 2208 ubi
119 2179 260 2219 ponatur
276 2181 472 2216 praegresso
490 2171 699 2203 substantivo
716 2171 911 2210 voluntatis,
938 2171 961 2203 1.
977 2172 1032 2204 85.
1051 2171 1081 2202 7,

0 2233 30 2264 m
46 2233 69 2266 i.
89 2242 119 2274 q.
139 2231 239 2272 quasi,
259 2227 299 2262 C.
319 2228 374 2268 31,
393 2230 423 2260 5.

0 2289 29 2320 Ut
45 2289 72 2320 si
87 2289 110 2321 i.
130 2297 162 2330 q.
181 2297 216 2318 ac
232 2287 271 2325 si,
290 2284 327 2317 C.
347 2284 402 2323 31,
421 2286 452 2316 5.

0 2345 29 2376 Ut
43 2344 156 2383 -sic‚
173 2342 198 2375 Ι.
215 2342 249 2381 2,
269 2341 301 2373 3.

0 2401 30 2431 L't
44 2417 90 2423 —
104 2401 159 2438 ita,
175 2397 200 2431 Ι.
219 2397 275 2436 31,
296 2396 348 2429 14.

0 2457 30 2487 m
47 2464 120 2487 eum
137 2464 201 2486 esse
218 2457 253 2486 et
269 2453 385 2484 nomine
402 2451 609 2483 coniunctum
628 2459 778 2482 caussam
797 2450 947 2490 designat
963 2451 1063 2482 alicui
1080 2452 1129 2482 rei
1155 2453 1366 2493 peculiarem.

83 2509 120 2543 C.
139 2509 195 2549 31,
214 2508 246 2541 7,

0 2567 28 2598 Ue
45 2570 99 2606 est,
115 2565 266 2604 formula,
281 2573 345 2605 qua
362 2564 410 2596 rei
429 2563 554 2594 veritas
571 2562 746 2594 asseritur.
773 2561 797 2593 Ι.
820 2561 894 2594 105.
921 2564 952 2593 5.

0 2623 27 2654 Ul
44 2623 66 2654 i.
93 2631 124 2664 q.
143 2631 200 2664 pro
217 2629 326 2652 rerum
344 2619 547 2651 condicione.
571 2617 606 2649 C.
627 2618 680 2650 59.
695 2618 727 2648 ⁶2.

37 2691 126 2719 Index
144 2691 172 2718 in
191 2690 311 2718 Sanust.
330 2689 378 2717 ed.
401 2689 534 2715 Kriizius.
1143 2686 1161 2716 5
