1630 3034
459 201 798 251 CATILINA,
869 203 1006 248 CAP.
1035 202 1206 246 XLVII.
1449 208 1536 248 213

88 332 91 341 '
149 324 251 365 ante
286 319 444 365 diebus
479 337 505 365 a
541 320 738 366 Gabinio
786 324 829 364 et
864 318 1090 379 Coepario
1134 319 1304 364 socium
1349 319 1531 366 ascitum

147 411 259 455 nihil
304 412 494 470 amplius
539 412 649 457 scire
695 426 832 468 quam
865 411 1065 470 legatos;
1099 411 1409 465 tantummodo
1448 427 1529 455 au-

148 502 245 547 dire
293 502 473 549 solitum
528 517 583 548 ex
628 502 851 558 Gabinio,
897 502 948 546 P.
984 502 1276 557 Autronium,
1323 502 1527 546 Servium

145 646 264 685 abest,
294 644 497 686 eiiciamus3
529 645 613 688 quin
644 645 731 679 adeo
763 643 1019 688 perspicuitatis
1050 655 1174 678 caussa
1212 645 1445 678 necessarium
1477 648 1529 679 cst

143 713 354 746 pronomen,
378 713 490 745 neque
513 703 587 736 eius
610 703 744 747 ellipsis
765 703 809 736 iis
834 702 972 736 videtur
1003 701 1159 735 excusari
1187 713 1307 745 posse,
1337 713 1427 746 quae
1450 713 1528 736 mo·-

141 759 285 793 nuimus
306 759 350 792 ad
374 771 404 792 c.
422 761 549 800 xxxi,
571 759 604 794 7.
643 779 686 784 —
728 761 905 802 Ascstum,
929 760 1020 804 quod
1042 759 1201 792 nonnulli
1224 760 1322 794 codd.
1348 759 1525 802 praebent,

141 816 270 850 rectius
292 815 456 849 scribitur
478 827 584 860 quam
608 818 797 859 adscitum,
829 821 868 850 ut
899 816 934 849 in
959 816 1118 850 omnibus
1141 820 1193 849 est
1216 816 1316 850 editis
1339 816 1465 858 libris3
1489 829 1522 851 v.

140 873 311 908 Priscian.
329 874 374 915 11,
397 874 430 914 1,
449 873 482 907 7.
514 885 548 916 p.
568 872 625 907 59.
642 874 704 908 ΚΓ.
737 876 761 908 d
786 875 940 908 litteram
972 878 1052 907 ante
1083 885 1099 906 s
1124 873 1195 907 alifi
1218 873 1384 907 adiuncta
1406 874 1524 907 littera.

139 930 246 965 abiici
277 931 476 970 docentem,
508 934 543 963 et
572 931 616 964 cf.
641 932 788 965 Passov.
823 932 866 965 ad
900 933 986 963 Tac.
1021 931 1140 964 Germ.
1180 942 1209 962 c.
1239 930 1272 963 2.
1312 930 1445 963 Hel-tel.
1478 931 1523 963 ad

137 987 257 1032 Agr-ic.
282 999 313 1021 c.
334 986 367 1020 9.
392 991 427 1020 et
449 987 508 1020 Fr.
533 987 760 1022 Lindemann.
787 989 832 1022 ad
856 987 1057 1021 Ruhnkenii
1079 987 1182 1031 Elog.
1209 987 1408 1020 Hemsterh.
1435 999 1470 1030 p.
1488 987 1521 1020 3.

138 1049 173 1079 et
195 1044 228 1079 4.
275 1044 382 1078 Haud
405 1048 498 1077 recte
520 1043 632 1088 igitur
658 1046 824 1080 Goerenz.
848 1046 892 1078 ad
916 1043 1139 1085 Finn.v‚.18,
1159 1042 1216 1076 49.
1242 1044 1404 1083 astiterit,
1429 1043 1522 1085 quod

137 1102 298 1137 nonnulli
321 1102 420 1135 codd.
445 1102 630 1144 praebent,
654 1107 857 1147 aspernatus
878 1101 1027 1137 videtur.
1083 1101 1188 1144 Quod
1210 1100 1246 1133 in
1269 1111 1396 1133 novem
1421 1099 1519 1132 codd.

140 1159 273 1204 legitur
304 1160 463 1200 accitum,
488 1158 659 1191 scribendi
692 1170 790 1192 error
823 1154 981 1201 videtur,
1011 1169 1093 1192 nam
1121 1169 1238 1192 sensus
1260 1157 1363 1201 plane
1386 1157 1523 1199 ineptus

138 1220 212 1258 est3
233 1215 405 1248 Miillerus
427 1219 542 1249 tamen
566 1215 603 1248 in
626 1219 756 1249 textum
780 1215 918 1260 recepit.

228 1273 318 1305 nihil
339 1273 487 1315 amplius
509 1273 594 1305 scire
618 1285 719 1316 quam
745 1275 905 1319 legatos]
943 1272 1042 1306 Haec
1064 1271 1172 1305 verba
1195 1271 1363 1312 Cor-tius,
1383 1271 1518 1314 legatos

135 1331 374 1364 demonstrans
395 1339 470 1362 esse
493 1330 730 1363 accusativum
753 1324 919 1373 subiecti,
945 1330 995 1365 ita
1018 1329 1129 1373 cepit,
1160 1332 1202 1362 ut
1223 1340 1342 1362 sensus
1365 1327 1426 1360 sit:
1450 1326 1517 1360 sibi

135 1388 179 1421 de
198 1385 434 1420 coniuratione
464 1397 533 1419 non
566 1387 670 1430 plura
694 1387 835 1431 cognita
868 1398 942 1421 esse
977 1399 1083 1432 quam
1107 1386 1243 1431 legatis,
1290 1386 1413 1428 Inepta
1435 1395 1516 1417 sane

134 1443 307 1478 Volturcii
337 1434 528 1476 consessio!
561 1443 620 1486 qui
652 1455 720 1476 non
749 1443 899 1487 amplius
930 1444 1165 1478 dissimularet
1198 1444 1239 1476 de
1269 1440 1515 1483 coniuratione,

133 1502 194 1534 sed
217 1499 334 1533 omnia
365 1511 406 1533 ex
437 1511 556 1533 rerum
587 1499 735 1534 veritate
767 1501 927 1544 aperiret.
977 1502 1030 1535 An
1053 1513 1121 1534 non
1146 1501 1300 1544 ineptum
1325 1502 1397 1539 est,
1423 1499 1515 1541 quod

131 1570 169 1592 se
191 1557 282 1590 nihil
305 1557 399 1590 aliud
423 1568 528 1600 quam
552 1558 689 1602 legatos
715 1558 804 1593 scire
826 1558 927 1599 dicit,
961 1558 1022 1602 qui
1045 1559 1128 1603 quid
1153 1559 1206 1592 illi
1228 1559 1285 1591 vel
1308 1556 1435 1590 scirent
1457 1556 1515 1588 vel

131 1614 302 1648 nescirent
323 1614 420 1647 nullo
444 1618 548 1657 pacto
572 1614 752 1659 cognitum
775 1616 909 1649 habere
931 1613 1072 1659 posset?
1097 1617 1192 1651 Tum
1216 1614 1299 1660 quid
1322 1618 1386 1655 est,
1410 1613 1515 1656 quod,

131 1683 239 1716 quum
263 1672 307 1705 de
341 1682 376 1705 se
410 1672 482 1716 ipso
516 1672 752 1718 interrogatus
775 1676 886 1714 esset,
920 1674 964 1706 de
986 1673 1065 1707 aliis
1085 1674 1288 1718 respondet,
1317 1671 1381 1715 qui
1402 1681 1514 1713 neque

129 1729 236 1762 simul
258 1727 465 1772 interrogati
488 1734 620 1770 essent,
653 1741 766 1773 neque
799 1730 835 1763 in
865 1729 988 1763 eadem
1019 1741 1142 1764 caussa
1173 1729 1417 1763 versarentur?
1458 1728 1513 1761 Aa

128 1787 198 1820 hoc
220 1797 263 1819 ex
284 1797 315 1819 c.
338 1786 412 1827 XL,
433 1785 467 1820 6.
493 1790 527 1820 et
550 1787 669 1829 XLIV,
689 1787 722 1820 1.
747 1790 861 1830 patet,
884 1787 1020 1831 legatos
1043 1788 1154 1821 multo
1178 1787 1280 1830 plura
1303 1797 1410 1830 quam
1427 1784 1514 1820 Vol-

128 1842 278 1877 turcium
314 1842 466 1879 scixisse.
522 1844 697 1887 Quocirca
726 1856 794 1878 non
824 1844 971 1878 dubium
1005 1848 1076 1885 est,
1113 1844 1196 1887 quin
1225 1855 1344 1878 sensus
1367 1843 1432 1878 sitz
1463 1854 1512 1884 se,

124 1905 371 1946 praeterquam
396 1901 488 1944 quod}
511 1902 646 1946 legatos
668 1902 758 1937 sciat
780 1902 1027 1935 coniurationis
1045 1903 1236 1946 participes
1261 1913 1331 1936 esse
1345 1928 1354 1943 ‚
1380 1902 1512 1934 nullum

123 1960 229 2004 plane
265 1969 306 1992 ex
335 1958 523 1991 coniuratis
556 1969 671 1999 nosse,
708 1970 799 2002 quae
839 1958 1025 2003 explicatio
1057 1970 1126 1992 non
1156 1959 1261 1993 modo
1299 1957 1512 2003 praegressis

127 2015 244 2049 verbis
267 2026 303 2049 se
322 2016 485 2059 paucis
511 2020 616 2049 ante
640 2016 805 2050 dicbus
827 2017 955 2050 socium
981 2017 1138 2058 ascitum,
1157 2017 1216 2050 sed
1238 2016 1345 2050 etiam
1367 2025 1512 2058 sequen-

127 2072 221 2107 tibus
242 2073 548 2106 tantummodo
573 2074 737 2106 audire
760 2075 897 2108 solitum
922 2075 1146 2115 Autronium,
1169 2074 1322 2115 Sullam,
1346 2073 1510 2105 multos

124 2135 309 2174 praeterea
332 2130 369 2162 in
393 2140 435 2163 ea
459 2130 694 2163 coniuratione
717 2141 799 2170 esse,
823 2130 967 2174 egregie
989 2131 1226 2164 confirmatur.
1272 2129 1370 2162 Mhil
1393 2131 1512 2160 autem

128 2186 236 2220 etiam
259 2187 303 2220 de
324 2187 478 2230 personis
501 2186 634 2220 dictum
656 2198 725 2220 non
746 2187 896 2220 insolens
920 2191 992 2229 est,
1024 2187 1068 2219 cf.
1094 2187 1166 2221 Cic.
1191 2187 1280 2229 Epp.
1305 2186 1349 2219 ad
1371 2186 1510 2218 Famm.

127 2243 186 2285 IV,
205 2243 239 2280 4.
263 2253 296 2276 a.
321 2243 412 2278 med.
445 2243 621 2286 victor,
653 2256 718 2288 quo
751 2244 877 2276 nihil
909 2244 1133 2277 moderatius.
1164 2243 1256 2284 xlv,
1278 2242 1314 2284 3,
1338 2246 1423 2276 extr.
1459 2242 1512 2275 ita

129 2301 193 2334 tibi
211 2300 446 2344 pez-suadem,
472 2301 558 2334 mihi
579 2306 621 2334 te
645 2301 758 2334 carius
782 2301 906 2334 nihil
930 2312 1011 2334 esse.
1036 2300 1121 2343 Nep.
1140 2300 1254 2334 Alcib.
1271 2299 1299 2342 1,
1319 2299 1352 2333 1.
1377 2303 1511 2334 constat

131 2358 248 2391 nihil
272 2369 320 2391 eo
338 2357 450 2400 fuisse
473 2359 690 2391 excellentius
713 2359 768 2391 vel
790 2359 827 2390 in
847 2359 942 2391 vitiis
963 2359 1018 2391 vel
1042 2358 1293 2398 invirtutibus.
1340 2356 1426 2392 Loci
1447 2367 1512 2391 au-

132 2419 200 2449 tem
223 2413 428 2448 Sallustiani
449 2414 577 2448 rectius
601 2414 764 2458 explicati
785 2415 863 2448 laus
885 2414 1065 2460 Herzog-io
1089 2415 1244 2449 debetur.

219 2471 382 2514 solitum]
419 2471 498 2505 Hoc
519 2482 600 2505 cum
624 2472 811 2506 vernaculo
831 2474 973 2518 pflcgen
995 2476 1238 2516 comparatum
1261 2470 1394 2515 aliquid
1417 2470 1510 2504 inso-

131 2529 258 2564 lentiae
280 2529 318 2561 11.
342 2529 367 2562 l.
391 2528 523 2562 habere
544 2529 701 2570 videtum
725 2529 783 2562 sed
806 2531 993 2563 tenendum
1013 2533 1083 2572 est,
1106 2531 1213 2564 solere
1235 2531 1382 2563 verbum
1404 2528 1512 2573 inter-

133 2588 217 2621 dum
239 2586 291 2620 ita
313 2584 409 2630 poni,
432 2588 472 2618 ut
493 2596 562 2619 non
583 2585 629 2619 sit
652 2597 778 2620 morcm
802 2588 940 2629 habere,
964 2587 1024 2620 sed
1047 2589 1086 2620 ut
1107 2586 1290 2630 repetitam
1313 2586 1387 2620 eius
1410 2585 1510 2619 verbi

132 2645 226 2689 quod
255 2643 336 2677 inde
376 2641 501 2686 pendet
531 2642 703 2677 actionem
736 2643 928 2688 significet,
966 2644 1121 2686 adeoque
1150 2644 1224 2677 vim
1263 2645 1511 2683 adverbiorum

134 2713 238 2748 saepe
261 2701 317 2736 vel
336 2702 538 2746 frequenter
561 2700 736 2744 obtineat3
767 2700 957 2746 cf-yetatim
979 2704 1056 2746 post
1078 2704 1112 2745 §-
1128 2702 1163 2738 2.
1186 2703 1407 2745 sermonibus,
1428 2713 1511 2748 quos
