1630 3034
194 163 279 203 6⁰4
554 157 600 201 C.
640 156 955 199 SALLUSTI
997 156 1219 199 CRISPI

193 291 268 320 ma
298 275 382 319 fuit
416 278 519 318 ante
557 273 677 318 diem
712 274 935 333 colloquio
972 272 1230 332 decretum.
1266 274 1462 321 Maurus
1487 277 1570 321 ad->

193 372 339 417 bibitis
375 372 550 431 amicis,
586 387 639 416 ac
670 371 842 429 statim,
876 372 1105 416 immutata
1139 373 1390 432 voluntate,
1426 389 1572 419 remo-

191 470 269 526 fis,
309 468 470 513 (licitur
511 484 663 513 secum
707 469 805 529 ipse
840 469 980 514 multa
1021 470 1278 530 agitavisse,
1313 471 1438 516 voltu
1469 486 1571 515 cor-

190 566 314 625 poris
357 566 526 626 pariter
572 571 708 624 atque
750 567 897 611 animo
939 567 1110 622 varius;
1155 566 1272 626 quae
1301 568 1468 612 scilicet
1489 567 1573 612 'ta-

152 668 320 710 4cente
374 663 474 723 ipso
540 663 717 708 occulta
780 664 976 724 pectoris
1041 665 1320 725 patefecisse.
1397 666 1574 712 Tamen

189 766 419 824 postremo
456 760 628 804 Sullam
663 762 871 806 accersiri
904 763 1054 821 iubet,
1096 768 1140 806 et
1175 778 1230 806 ex
1266 763 1358 807 eius
1394 768 1572 807 senten-

151 859 249 903 fitia
274 856 496 902 Numidae
531 857 706 902 insidias
740 859 894 903 tendit.
965 859 1157 915 Deinde,
1188 860 1264 903 ubi
1300 859 1394 903 dies
1432 859 1573 904 adve-

185 956 264 1014 nit,
300 961 345 999 et
376 955 416 999 ei
449 956 704 1003 nunciatum
739 961 805 1003 est
839 956 1105 1017 Iugurtham
1139 955 1264 1002 haud
1297 957 1460 1018 procul
1488 957 1572 1001 ab-

186 1114 319 1149 habent
341 1115 455 1158 voltu,
483 1114 635 1149 colore
666 1126 716 1150 ac
747 1119 870 1150 motu
895 1115 1061 1160 corporis,
1085 1125 1176 1158 quae
1203 1114 1324 1159 inepta
1347 1112 1572 1158 interpolatio

184 1188 228 1210 eo
251 1180 327 1210 orta
351 1180 423 1217 est,
457 1176 550 1219 quod
581 1175 746 1210 librarios
780 1176 939 1221 fugiebat
965 1175 1048 1219 quid
1072 1178 1160 1209 esset
1191 1176 1302 1210 voltus
1326 1176 1488 1221 corporis.
1532 1175 1573 1208 In

184 1241 350 1281 promptu
381 1239 432 1270 est
466 1240 605 1280 autem,
640 1236 836 1282 genitivum
877 1237 1026 1281 corporis
1066 1236 1309 1270 tantummodo
1345 1235 1574 1280 appositionis

182 1298 301 1343 gratia
332 1295 508 1331 adiectum
542 1297 660 1332 fuisse.
715 1297 890 1332 Nimirum
920 1298 964 1330 ad
988 1308 1126 1332 sensum
1150 1297 1349 1332 sufficiebat
1369 1298 1488 1337 voltu‚·
1512 1295 1573 1330 sed

181 1371 250 1403 quo
274 1359 402 1393 clarius
424 1363 568 1393 externa
592 1362 849 1402 opponerentur
871 1358 1036 1401 internis,
1070 1359 1154 1403 quia
1177 1359 1334 1403 sequitur
1357 1358 1490 1400 auimo,
1515 1357 1573 1392 cui

180 1420 340 1465 legitime
375 1419 559 1463 respondet
590 1430 732 1463 corpus,
769 1419 858 1453 haec
892 1418 969 1462 ipsa
992 1431 1058 1453 vox
1081 1432 1161 1453 cum
1186 1421 1280 1453 voltu
1304 1419 1485 1452 coniuncta
1509 1421 1570 1452 est.

182 1481 346 1516 Ceterum
379 1482 475 1515 voltu
505 1480 603 1514 haud
632 1480 738 1514 dubie
767 1479 943 1524 significat
972 1481 1088 1522 oculis,
1117 1480 1207 1514 unde
1230 1480 1336 1514 simul
1361 1479 1572 1524 intelligitur

181 1554 244 1576 cur
276 1545 400 1576 auctor
429 1553 498 1575 non
529 1541 682 1584 potuerit
710 1540 914 1585 simpliciter
946 1540 1062 1575 dicere
1095 1552 1281 1586 corpore
1301 1552 1337 1586 p.
1363 1553 1398 1575 a.
1422 1542 1570 1574 animo

180 1603 323 1643 varius3
348 1613 431 1636 nam
463 1601 499 1634 in
528 1601 592 1635 tali
623 1602 793 1636 sententia
823 1602 974 1645 corporis
1006 1601 1102 1636 notio
1126 1613 1190 1646 per
1212 1614 1249 1637 se
1272 1602 1376 1638 nimis
1399 1612 1494 1646 vaga
1517 1602 1572 1635 fo-

179 1667 245 1698 ret.
269 1683 314 1688 —
351 1664 449 1705 Quae
473 1661 496 1696 i.
522 1673 554 1695 e.
579 1673 666 1706 quas
693 1674 769 1702 res,
801 1673 925 1706 nempe
950 1663 1179 1697 remotionem
1202 1663 1398 1697 amicorum
1422 1662 1569 1707 repenti-

178 1735 271 1764 nam,
295 1724 391 1768 quod
413 1734 530 1757 secum
552 1723 625 1766 ipse
646 1723 742 1756 solus
765 1724 878 1757 inulta
901 1723 1110 1768 agitaverit,
1136 1725 1228 1767 quod
1252 1724 1386 1758 voltum
1411 1727 1571 1757 mutave·-

178 1786 245 1828 rit,
279 1797 321 1820 ea
354 1785 469 1818 omnia
498 1788 562 1820 etc.
595 1784 709 1818 Conr.
774 1784 876 1817 Hanc
909 1784 1050 1827 planam
1081 1785 1288 1819 sententiam
1319 1795 1386 1817 non
1420 1783 1570 1818 assecuti

177 1846 284 1890 Bipp.
310 1845 460 1889 pessima
483 1845 684 1878 coniectura
707 1845 824 1878 locum
848 1849 1085 1888 corruperunt,
1110 1856 1200 1890 quae
1219 1855 1409 1888 pronomen
1433 1848 1569 1878 mutan-

178 1911 229 1940 tes
253 1907 288 1940 in
312 1918 382 1951 qua
404 1917 454 1949 re,
479 1916 520 1939 ac
543 1906 673 1939 scilicet
697 1917 776 1939 cum
801 1906 918 1939 verbis
941 1911 1077 1941 tacente
1101 1906 1172 1950 ipso
1196 1904 1454 1949 coniungentes.
1479 1905 1568 1949 Qui-

178 1967 232 2001 xis
256 1967 348 2001 enim
373 1967 476 2001 facile
500 1966 615 2008 videt,
649 1965 766 1999 verbis
788 1966 838 2000 ita
862 1966 1057 2000 constitutis
1087 1967 1294 2010 patefecisse
1317 1967 1463 2000 verbum
1486 1966 1569 2000 sub-

176 2029 307 2062 iectum
331 2028 465 2062 habere
488 2027 662 2060 Bocchum
677 2052 687 2069 ,
711 2038 863 2070 quocum
886 2028 984 2061 nullo
1007 2027 1112 2060 modo
1136 2027 1316 2061 conciliari
1339 2031 1481 2071 possunt
1504 2028 1565 2062 ab·

176 2089 279 2124 lativi
303 2088 471 2131 absoluti,
503 2087 628 2131 quibus
656 2088 748 2121 idem
773 2093 878 2133 atque
899 2088 1093 2132 primariae
1117 2089 1351 2122 enunciationi
1373 2089 1568 2123 subiectum

175 2153 240 2184 ost.
264 2170 308 2176 —
341 2150 500 2190 Scilicet,
525 2149 616 2182 unde
652 2149 776 2192 pendet
811 2149 1030 2183 accusativus
1060 2148 1349 2198 cunuinfinifivo,
1374 2150 1566 2184 illustravi·

177 2217 256 2241 mus
280 2207 324 2241 ad
348 2219 378 2243 c.
404 2208 478 2252 cn,
502 2210 536 2243 9.
592 2209 680 2243 Eius
704 2209 756 2244 rei
778 2210 997 2253 ignoratione
1023 2210 1156 2244 sactum
1179 2213 1243 2253 est,
1270 2214 1307 2245 ut
1330 2209 1366 2244 in
1390 2210 1567 2244 nonnullis

177 2268 277 2303 codd.
303 2269 487 2304 adderetur
510 2271 657 2312 dicitur,
682 2271 717 2305 in
741 2270 822 2305 aliis
845 2271 943 2304 fieret
972 2271 1232 2315 patefecissent,
1267 2271 1302 2304 in
1325 2271 1405 2305 aliie
1424 2273 1566 2318 patefe-

176 2329 236 2362 cit.
260 2347 305 2353 —-
343 2329 485 2365 Occulta
517 2333 666 2376 pectoris
697 2343 818 2366 veram
851 2343 925 2365 esse
958 2331 1166 2375 scripturam
1199 2343 1266 2366 non
1300 2333 1413 2366 solum
1446 2343 1565 2366 sensus

174 2389 250 2433 ipse
267 2390 405 2434 probat,
430 2393 489 2426 sed
514 2393 741 2427 confirmatur
765 2393 871 2427 etiam
895 2392 1094 2426 testimonio
1122 2392 1220 2426 codd.
1247 2392 1358 2427 Palat.
1384 2393 1419 2428 4.
1435 2394 1563 2427 Franc.

175 2440 274 2484 nefa.
300 2451 343 2486 B.
367 2452 409 2485 1).
443 2453 483 2488 E.
517 2453 632 2490 Mark.
663 2458 705 2489 A.
742 2454 860 2488 Struv.
896 2454 1004 2498 Berg.
1035 2454 1107 2487 luc.
1130 2453 1164 2487 2.
1192 2452 1332 2488 Fabric.
1357 2453 1388 2487 1.
1415 2453 1561 2487 Eccard.

176 2511 293 2544 Guelf.
325 2510 359 2545 (5.
393 2511 426 2547 7.
460 2513 516 2549 12.
551 2514 653 2547 Mien.
679 2515 797 2548 Bcrol.
821 2514 854 2547 2.
904 2515 942 2548 ln
965 2514 1088 2548 ceteris
1112 2514 1360 2549 incredibiliter
1381 2517 1563 2558 corruptus

175 2575 229 2605 est
249 2571 308 2604 hic
331 2573 449 2614 locus;
485 2574 546 2608 alii
577 2575 668 2608 enim
700 2577 830 2610 habent
859 2576 994 2610 occulta
1017 2575 1108 2618 oris,
1143 2575 1204 2609 alii
1228 2577 1400 2610 occultare
1423 2580 1456 2610 et
1480 2575 1560 2616 orio,

177 2631 241 2665 alii
265 2634 399 2666 occulta
422 2636 532 2668 cordis
556 2641 588 2670 et
615 2637 702 2679 oris,
729 2636 792 2670 alii
816 2638 988 2670 occultare
1011 2636 1122 2679 specie
1146 2636 1236 2676 oris,
1257 2637 1318 2670 alii
1344 2637 1477 2670 occulta
1499 2646 1560 2679 pe—

178 2693 280 2726 ctoris
309 2692 379 2726 oris
401 2694 659 2739 immutatione,
693 2696 756 2731 alii
780 2698 953 2731 occultare
977 2700 1009 2730 ct
1034 2696 1102 2730 oris
1126 2697 1386 2740 immutatione,
1410 2695 1473 2731 alii
1496 2697 1560 2731 nli-

179 2757 244 2794 tor,
268 2753 326 2788 scd
350 2753 413 2795 ita,
437 2760 475 2790 ut
499 2756 640 2800 ineptiis
664 2756 782 2792 omnia
805 2757 894 2792 inter
920 2768 957 2792 σε
981 2760 1122 2792 certent.
