1630 3034
1603 0 1630 122 *VAS

226 112 283 156 42
840 114 991 154 INDEX

227 226 258 257 In
276 236 304 258 c.
323 234 434 257 accus.
452 233 493 256 ex
519 224 630 256 verbis
649 225 768 264 ducere,
794 224 923 263 trahere,
945 230 1056 258 vertere
1071 227 1219 269 pendens
1235 227 1485 261 similitudinem
1502 229 1604 261 deno-
1623 222 1630 258 ἱ

317 284 379 319 tat,
405 279 430 312 1.
459 279 514 319 85,
531 279 588 312 26.
1626 269 1630 286 ¹

227 337 258 367 In
275 347 304 369 c.
321 346 432 368 accus.
453 346 494 368 ex
511 345 691 379 suppressa
709 337 911 378 cogitatione
927 338 1153 381 repetendum,
1187 338 1212 371 Ι.
1243 338 1320 377 112,
1335 338 1366 372 3.

226 392 257 423 In
275 402 303 424 c.
324 402 435 425 accus.
456 402 518 424 non
546 392 620 434 poni
646 397 757 435 potest
782 393 841 425 ubi
866 393 1002 426 verbum
1033 394 1280 426 intransitivum
1305 395 1412 434 adest,
1444 395 1480 428 C.
1502 395 1555 435 11,
1573 397 1606 428 5.
1627 404 1630 435 ε

320 448 374 488 51,
394 447 448 480 36.
1628 444 1630 446 ’

224 504 256 535 In
268 514 326 547 pro
344 504 468 547 duplici
485 505 716 536 nonnullorum
728 504 903 536 verborum
916 505 1045 537 ratione
1063 510 1097 537 et
1113 515 1184 537 cum
1198 507 1368 537 accusativo
1385 510 1420 551 et
1432 516 1504 539 cum
1518 507 1606 538 abla-
1628 501 1630 506 ’

315 560 372 591 tivo
391 561 546 601 coniungi
564 564 684 603 potest,
711 559 747 593 c,
764 560 818 599 51,
836 560 891 593 21.
941 560 965 593 1.
988 560 1041 600 17,
1056 561 1087 593 3.
1139 560 1194 600 41,
1213 560 1244 593 6.
1295 561 1372 601 111,
1393 561 1426 595 1.
1612 549 1619 556 “

224 616 255 647 1η
272 625 335 647 non
354 616 501 648 additum
519 617 689 648 insularum
706 617 915 648 accusativo.
965 615 989 648 Ι.
1018 616 1074 655 28,
1093 617 1126 649 6.

225 672 256 703 In
271 681 334 703 non
353 671 501 704 additum
519 672 667 704 ablativo
683 673 923 705 adiectivorum
941 676 1030 712 totus,
1050 677 1184 712 cunctus,
1203 674 1376 714 plerusque,
1401 673 1425 705 l.
1442 673 1496 711 97,
1514 674 1544 705 2.

224 727 256 758 In
273 737 346 760 cum
363 738 465 760 versus
481 729 701 767 coniunctum,
729 727 764 760 C.
787 728 840 767 56,
857 729 889 761 4.

222 783 258 814 ln
273 788 377 825 auget
391 784 458 817 vim
475 784 711 816 vocabulorum
730 785 991 826 compositorum,
1009 788 1048 816 ut
1064 786 1215 824 immanis,
1234 785 1256 817 l.
1274 784 1329 823 31,
1352 785 1403 819 12.

223 839 256 870 In
273 843 387 881 aperto,
405 840 437 871 in
454 842 556 880 dubio,
575 842 605 871 in
622 841 732 872 incerto
749 850 825 873 esse
841 841 897 873 vel
911 840 1045 879 habere,
1079 840 1114 873 C.
1135 840 1190 880 41,
1227 840 1256 873 1.
1302 840 1326 873 1.
1343 842 1375 879 5,
1391 841 1421 874 3.

223 895 256 926 In
271 896 351 927 brevi
368 896 390 927 i.
411 906 442 938 q.
458 896 546 928 intra
559 896 660 929 breve
680 901 820 939 tempus,
846 896 870 928 Ι.
892 896 947 936 96,
968 896 997 929 1.

223 951 255 981 In
272 951 396 992 imperio
414 962 478 983 esse
496 952 587 984 aliud
604 953 774 994 significat
790 963 885 994 quam
899 963 964 985 cum
978 953 1105 994 imperio
1119 963 1195 992 esse,
1212 952 1236 985 I.
1253 953 1285 992 3,
1306 953 1335 986 1.

223 1006 256 1037 ln
273 1007 338 1038 loco
357 1007 459 1047 aliquo
477 1017 552 1040 esse
570 1008 591 1040 i.
613 1019 642 1051 q.
664 1008 776 1050 aliquo
793 1013 897 1048 statu,
917 1007 952 1041 C.
970 1008 1024 1048 58,
1043 1009 1073 1041 5.
1175 1030 1195 1046 .

224 1063 256 1093 In
271 1064 369 1094 maius
387 1064 549 1103 celebrare,
568 1074 756 1105 componere,
783 1063 807 1097 Ι.
825 1064 880 1104 73,
900 1065 931 1097 5.

224 1119 258 1149 In
274 1122 453 1160 potestatem
470 1129 545 1159 esse,
566 1119 600 1152 C.
622 1120 677 1160 51,
697 1120 751 1153 36.
800 1120 824 1152 Ι.
847 1120 923 1159 112.
939 1120 971 1153 3.

224 1174 256 1205 In
269 1176 381 1217 primo,
398 1177 509 1215 medio,
524 1180 675 1218 postremo
701 1177 722 1208 i.
743 1187 773 1219 q.
794 1176 850 1208 vel
867 1177 899 1209 in
916 1177 1017 1219 prima
1037 1181 1142 1219 parte,
1162 1177 1217 1210 vel
1234 1178 1266 1210 in
1285 1178 1386 1221 primo
1403 1178 1532 1218 agmine
1552 1181 1608 1210 aut

318 1232 403 1271 acie,
430 1231 456 1264 Ι.
473 1231 528 1271 68,
547 1232 578 1264 4.

224 1287 257 1318 In
270 1297 415 1328 praesens
433 1288 506 1320 sine
523 1288 635 1331 ellipsi
652 1289 745 1321 vocis
764 1293 878 1329 tempus
896 1288 1030 1328 dictum,
1058 1288 1094 1321 C.
1115 1288 1169 1329 17,
1189 1289 1222 1322 2.

225 1343 256 1374 In
272 1345 379 1384 primis
396 1344 564 1377 diversum
582 1344 622 1376 ab
640 1345 801 1385 imprimis,
829 1344 863 1377 C.
886 1344 940 1384 60,
959 1345 989 1377 6.
1040 1345 1063 1377 Ι.
1086 1345 1118 1385 6,
1139 1345 1169 1378 1.

225 1400 255 1431 ln
271 1401 380 1441 primis
398 1410 461 1443 quo
479 1410 583 1432 sensu
607 1411 679 1432 cum
696 1401 903 1444 superlativo
920 1387 1090 1443 iungatur,
1116 1401 1140 1434 1.
1164 1400 1196 1441 7,
1214 1402 1245 1434 5.

225 1457 254 1488 In
273 1461 405 1498 tem-pore
428 1457 450 1489 i.
472 1467 501 1499 q.
522 1461 664 1495 mature,
690 1456 714 1489 Ι.
739 1457 792 1496 56,
806 1457 838 1491 2.

225 1514 256 1545 1η
272 1523 364 1545 unum
379 1513 452 1545 sine
471 1514 580 1556 ellipsi
599 1514 691 1545 vocis
711 1514 793 1545 Iocus
812 1513 946 1553 dictum,
974 1513 1009 1545 C.
1027 1512 1081 1551 17,
1099 1514 1131 1547 2.

223 1570 395 1601 Inaccessus
409 1570 431 1601 i.
452 1580 481 1612 q.
501 1570 542 1602 ad
556 1580 652 1613 quem
669 1571 782 1602 accedi
800 1580 862 1602 non
881 1574 1001 1613 potest,
1027 1569 1051 1603 Ι.
1073 1568 1128 1609 76,
1150 1569 1178 1602 1.

224 1626 324 1657 Inanis
343 1626 502 1668 quomodo
520 1627 653 1659 differat
669 1627 708 1658 ab
726 1637 837 1658 vacans
857 1631 891 1658 et
906 1637 1013 1666 vanus,
1039 1625 1062 1660 1.
1085 1625 1139 1660 64.
1155 1628 1184 1659 5.

224 1683 361 1714 Incantns
379 1682 513 1725 passivo
528 1692 630 1714 sensu
648 1682 782 1721 dictum,
810 1682 833 1714 Ι.
854 1682 909 1722 40,
930 1684 959 1715 5.

224 1739 367 1770 Incedere
385 1738 506 1770 fastum
522 1738 688 1779 designat,
716 1737 742 1770 I.
763 1737 817 1775 31,
839 1738 890 1770 10.

223 1796 366 1827 Incedere
377 1799 410 1827 et
426 1796 573 1826 incessere
590 1804 661 1826 cum
678 1794 790 1826 dativo
809 1794 933 1828 iuncta,
962 1795 996 1827 C.
1029 1794 1083 1827 31.
1100 1795 1130 1827 3.

224 1852 381 1883 Incendere
399 1851 438 1882 de
455 1849 760 1894 perturbationibus
777 1850 876 1882 animi
894 1851 1029 1889 (lictum,
1050 1850 1084 1883 C.
1107 1851 1162 1888 25,
1182 1851 1211 1884 3.

222 1909 393 1940 Incendium
415 1907 435 1938 i.
456 1917 486 1949 q.
506 1916 560 1938 res
577 1906 739 1948 perditae,
769 1904 804 1938 C.
826 1905 880 1945 31,
895 1906 926 1938 9.

224 1966 370 2006 Inceptum
390 1963 542 1996 absolute
561 1963 694 2001 dictum,
713 1962 786 1994 sine
800 1962 961 2003 genitivo,
981 1962 1006 1995 1.
1028 1962 1083 2001 80,
1100 1965 1129 1995 5.

223 2022 354 2052 Incertus
379 2020 513 2064 passivo
530 2029 644 2057 sensu,
663 2018 686 2051 Ι.
708 2017 763 2056 49,
782 2019 812 2050 5.

223 2078 369 2109 Incertum
393 2075 564 2119 proelium,
590 2074 613 2107 1.
635 2074 690 2113 50,
706 2075 736 2106 4.

223 2134 373 2165 Incessere
399 2132 551 2164 absolute
569 2131 721 2174 positum,
749 2129 785 2163 C.
806 2130 859 2170 10,
875 2132 905 2164 6.
953 2132 976 2164 1.
1004 2132 1057 2171 13,
1075 2132 1106 2165 fi.

224 2190 396 2222 Inconsulta
411 2199 476 2220 oneo
495 2198 557 2230 qua
575 2187 730 2228 analogia
749 2187 883 2227 dictum,
902 2187 927 2220 Ι.
947 2188 979 2226 2,
999 2189 1029 2221 4.

223 2247 416 2287 Incorruptus
435 2245 456 2277 i.
477 2254 506 2286 q.
525 2244 579 2285 qui
596 2243 758 2286 corrumpi
776 2253 838 2275 non
857 2248 977 2286 potest,
1004 2244 1027 2277 l.
1047 2245 1080 2279 2.
1100 2247 1131 2279 3.
1184 2245 1238 2281 76,
1260 2246 1287 2279 l.

224 2303 339 2334 Incnlm
358 2311 422 2344 qun
440 2300 595 2341 analogia
611 2301 744 2339 dictum,
771 2299 794 2332 Ι.
815 2300 848 2339 2,
869 2300 899 2332 4.

224 2360 376 2390 Incurrere
391 2358 519 2397 aliquem
538 2361 571 2389 et
589 2357 692 2391 alicui,
717 2355 741 2388 Ι.
760 2355 837 2393 101,
856 2356 887 2387 8.

223 2417 375 2446 Incurrere
389 2419 418 2445 ei
439 2423 614 2444 concurrere
631 2411 782 2451 confusa,
802 2413 826 2445 l.
846 2412 900 2448 97,
918 2413 946 2445 4.

224 2473 294 2503 Indu·
309 2472 329 2503 i.
353 2481 382 2512 q.
402 2470 533 2507 deinde,
553 2469 587 2501 C.
611 2469 667 2506 22,
687 2469 718 2499 2.

224 2528 379 2566 Indefinim
400 2527 505 2557 ralatio
525 2526 561 2557 nt
577 2536 700 2566 genere
719 2531 833 2563 ›tc-uero,
869 2527 1098 2568 praecedentis
1126 2529 1263 2560 nominis
1282 2538 1403 2569 genere
1421 2534 1455 2562 et
1472 2539 1604 2564 numero

314 2593 375 2614 nnn
395 2583 585 2620 observato,
611 2581 634 2614 1.
658 2581 733 2617 10⁴2.
755 2581 804 2613 10.

224 2640 359 2671 tarincas-1·
378 2639 416 2671 de
435 2639 544 2679 aliqua
565 2649 611 2670 ro.
639 2638 661 2670 Ι,
681 2638 738 2672 84,
753 2637 785 2669 3.
