<?xml version="1.0" encoding="UTF-8"?>
<!DOCTYPE html PUBLIC "-//W3C//DTD XHTML 1.0 Transitional//EN"
    "http://www.w3.org/TR/xhtml1/DTD/xhtml1-transitional.dtd">
<html xmlns="http://www.w3.org/1999/xhtml" xml:lang="en" lang="en">
 <head>
  <title>
</title>
<meta http-equiv="Content-Type" content="text/html;charset=utf-8" />
  <meta name='ocr-system' content='tesseract 3.04.00' />
  <meta name='ocr-capabilities' content='ocr_page ocr_carea ocr_par ocr_line ocrx_word'/>
</head>
<body>
  <div class='ocr_page' id='page_1' title='image "./operaquaesupeappx01salluoft_0912.png"; bbox 0 0 1630 3034; ppageno 0'>
   <div class='ocr_carea' id='block_1_1' title="bbox 186 183 1204 234">
    <p class='ocr_par' dir='ltr' id='par_1_1' title="bbox 186 183 1204 234">
     <span class='ocr_line' id='line_1_1' title="bbox 186 183 1204 234; baseline -0.009 0"><span class='ocrx_word' id='word_1_1' title='bbox 186 194 270 234; x_wconf 69' lang='lat'>532</span> <span class='ocrx_word' id='word_1_2' title='bbox 559 186 603 231; x_wconf 60' lang='lat' dir='ltr'>C„</span> <span class='ocrx_word' id='word_1_3' title='bbox 633 183 956 227; x_wconf 86' lang='lat' dir='ltr'>SALLUSTI</span> <span class='ocrx_word' id='word_1_4' title='bbox 985 183 1204 227; x_wconf 86' lang='lat' dir='ltr'>CRISPI</span> 
     </span>
    </p>
   </div>
   <div class='ocr_carea' id='block_1_2' title="bbox 188 292 1582 460">
    <p class='ocr_par' dir='ltr' id='par_1_2' title="bbox 188 292 1582 460">
     <span class='ocr_line' id='line_1_2' title="bbox 188 292 1582 360; baseline -0.001 -12"><span class='ocrx_word' id='word_1_5' title='bbox 188 311 330 348; x_wconf 84' lang='lat' dir='ltr'>matus</span> <span class='ocrx_word' id='word_1_6' title='bbox 366 304 673 360; x_wconf 83' lang='lat' dir='ltr'>intentusque,</span> <span class='ocrx_word' id='word_1_7' title='bbox 720 301 828 344; x_wconf 80' lang='lat' dir='ltr'>item</span> <span class='ocrx_word' id='word_1_8' title='bbox 863 301 1020 346; x_wconf 79' lang='lat' dir='ltr'>milites</span> <span class='ocrx_word' id='word_1_9' title='bbox 1062 300 1278 360; x_wconf 80' lang='lat' dir='ltr'>cogebat3</span> <span class='ocrx_word' id='word_1_10' title='bbox 1323 316 1471 359; x_wconf 89' lang='lat' dir='ltr'>neque</span> <span class='ocrx_word' id='word_1_11' title='bbox 1507 292 1582 354; x_wconf 41' lang='lat' dir='ltr'>se?</span> 
     </span>
     <span class='ocr_line' id='line_1_3' title="bbox 191 398 1582 460; baseline -0.001 -15"><span class='ocrx_word' id='word_1_12' title='bbox 191 417 283 460; x_wconf 79' lang='lat' dir='ltr'>cus,</span> <span class='ocrx_word' id='word_1_13' title='bbox 320 407 455 459; x_wconf 88' lang='lat' dir='ltr'>atque</span> <span class='ocrx_word' id='word_1_14' title='bbox 491 400 575 443; x_wconf 86' lang='lat' dir='ltr'>iter</span> <span class='ocrx_word' id='word_1_15' title='bbox 610 398 786 454; x_wconf 77' lang='lat' dir='ltr'>facere,</span> <span class='ocrx_word' id='word_1_16' title='bbox 820 405 968 442; x_wconf 77' lang='lat' dir='ltr'>castra</span> <span class='ocrx_word' id='word_1_17' title='bbox 1014 398 1208 455; x_wconf 79' lang='lat' dir='ltr'>munire,</span> <span class='ocrx_word' id='word_1_18' title='bbox 1247 398 1502 442; x_wconf 83' lang='lat' dir='ltr'>excubitum</span> <span class='ocrx_word' id='word_1_19' title='bbox 1537 400 1582 443; x_wconf 78' lang='lat' dir='ltr'>in</span> 
     </span>
    </p>
   </div>
   <div class='ocr_carea' id='block_1_3' title="bbox 190 495 1580 558">
    <p class='ocr_par' dir='ltr' id='par_1_3' title="bbox 190 495 1580 558">
     <span class='ocr_line' id='line_1_4' title="bbox 190 495 1580 558; baseline -0.003 -15"><span class='ocrx_word' id='word_1_20' title='bbox 190 504 323 558; x_wconf 82' lang='lat' dir='ltr'>porta</span> <span class='ocrx_word' id='word_1_21' title='bbox 371 496 567 541; x_wconf 84' lang='lat' dir='ltr'>cohortis</span> <span class='ocrx_word' id='word_1_22' title='bbox 599 510 679 549; x_wconf 36' lang='lat' dir='ltr'>,ex</span> <span class='ocrx_word' id='word_1_23' title='bbox 726 495 1000 554; x_wconf 82' lang='lat' dir='ltr'>legionibus,</span> <span class='ocrx_word' id='word_1_24' title='bbox 1063 510 1149 555; x_wconf 80' lang='lat' dir='ltr'>pro</span> <span class='ocrx_word' id='word_1_25' title='bbox 1206 495 1358 540; x_wconf 80' lang='lat' dir='ltr'>castris</span> <span class='ocrx_word' id='word_1_26' title='bbox 1409 496 1580 554; x_wconf 79' lang='lat' dir='ltr'>equites</span> 
     </span>
    </p>
   </div>
   <div class='ocr_carea' id='block_1_4' title="bbox 186 644 1592 2819">
    <p class='ocr_par' dir='ltr' id='par_1_4' title="bbox 186 644 1588 1106">
     <span class='ocr_line' id='line_1_5' title="bbox 191 644 1583 690; baseline -0.002 -8"><span class='ocrx_word' id='word_1_27' title='bbox 191 659 220 684; x_wconf 87' lang='lat' dir='ltr'>c.</span> <span class='ocrx_word' id='word_1_28' title='bbox 244 646 303 688; x_wconf 80' lang='lat'>25,</span> <span class='ocrx_word' id='word_1_29' title='bbox 327 646 383 681; x_wconf 78' lang='lat'>62.</span> <span class='ocrx_word' id='word_1_30' title='bbox 425 646 488 680; x_wconf 76' lang='lat' dir='ltr'>Sin</span> <span class='ocrx_word' id='word_1_31' title='bbox 512 646 665 687; x_wconf 79' lang='lat' dir='ltr'>emimus,</span> <span class='ocrx_word' id='word_1_32' title='bbox 689 655 790 690; x_wconf 83' lang='lat' dir='ltr'>quem</span> <span class='ocrx_word' id='word_1_33' title='bbox 814 644 966 678; x_wconf 75' lang='lat' dir='ltr'>villicum</span> <span class='ocrx_word' id='word_1_34' title='bbox 990 645 1250 689; x_wconf 82' lang='lat' dir='ltr'>imponeremus.</span> <span class='ocrx_word' id='word_1_35' title='bbox 1277 646 1354 680; x_wconf 84' lang='lat' dir='ltr'>Liv.</span> <span class='ocrx_word' id='word_1_36' title='bbox 1379 644 1509 687; x_wconf 82' lang='lat' dir='ltr'>v¹‚18‚</span> <span class='ocrx_word' id='word_1_37' title='bbox 1527 644 1583 679; x_wconf 87' lang='lat'>13.</span> 
     </span>
     <span class='ocr_line' id='line_1_6' title="bbox 194 706 1585 752; baseline -0.002 -10"><span class='ocrx_word' id='word_1_38' title='bbox 194 709 330 743; x_wconf 79' lang='lat' dir='ltr'>Minore</span> <span class='ocrx_word' id='word_1_39' title='bbox 354 707 518 752; x_wconf 76' lang='lat' dir='ltr'>negotio,</span> <span class='ocrx_word' id='word_1_40' title='bbox 542 707 601 751; x_wconf 83' lang='lat' dir='ltr'>qui</span> <span class='ocrx_word' id='word_1_41' title='bbox 625 706 768 750; x_wconf 74' lang='lat' dir='ltr'>imperet</span> <span class='ocrx_word' id='word_1_42' title='bbox 790 707 970 750; x_wconf 81' lang='lat' dir='ltr'>patribus,</span> <span class='ocrx_word' id='word_1_43' title='bbox 995 707 1271 750; x_wconf 78' lang='lat' dir='ltr'>imponetis,</span> <span class='ocrx_word' id='word_1_44' title='bbox 1295 718 1397 752; x_wconf 79' lang='lat' dir='ltr'>quam</span> <span class='ocrx_word' id='word_1_45' title='bbox 1412 731 1423 749; x_wconf 88' lang='lat'>,</span> <span class='ocrx_word' id='word_1_46' title='bbox 1447 707 1507 751; x_wconf 74' lang='lat' dir='ltr'>qui</span> <span class='ocrx_word' id='word_1_47' title='bbox 1528 717 1585 739; x_wconf 84' lang='lat' dir='ltr'>rc·—</span> 
     </span>
     <span class='ocr_line' id='line_1_7' title="bbox 189 767 1584 812; baseline -0.003 -9"><span class='ocrx_word' id='word_1_48' title='bbox 189 770 348 803; x_wconf 81' lang='lat' dir='ltr'>sisterent</span> <span class='ocrx_word' id='word_1_49' title='bbox 372 768 622 812; x_wconf 79' lang='lat' dir='ltr'>imperantibus</span> <span class='ocrx_word' id='word_1_50' title='bbox 646 767 955 811; x_wconf 81' lang='lat' dir='ltr'>imposuistis.</span> <span class='ocrx_word' id='word_1_51' title='bbox 984 768 1108 810; x_wconf 56' lang='grc' dir='ltr'>ΚΕΗ,</span> <span class='ocrx_word' id='word_1_52' title='bbox 1133 767 1191 810; x_wconf 74' lang='lat'>41,</span> <span class='ocrx_word' id='word_1_53' title='bbox 1217 767 1273 801; x_wconf 64' lang='lat'>1⁴.</span> <span class='ocrx_word' id='word_1_54' title='bbox 1325 769 1584 812; x_wconf 76' lang='lat' dir='ltr'>Euphranorem</span> 
     </span>
     <span class='ocr_line' id='line_1_8' title="bbox 186 828 1587 874; baseline -0.001 -11"><span class='ocrx_word' id='word_1_55' title='bbox 186 831 409 874; x_wconf 80' lang='lat' dir='ltr'>praefectum</span> <span class='ocrx_word' id='word_1_56' title='bbox 433 839 457 862; x_wconf 85' lang='lat' dir='ltr'><em>a</em></span> <span class='ocrx_word' id='word_1_57' title='bbox 480 840 535 863; x_wconf 85' lang='lat' dir='ltr'>me</span> <span class='ocrx_word' id='word_1_58' title='bbox 571 828 838 873; x_wconf 79' lang='lat' dir='ltr'>impositum</span> <span class='ocrx_word' id='word_1_59' title='bbox 862 828 1071 862; x_wconf 75' lang='lat' dir='ltr'>occiderunt.</span> <span class='ocrx_word' id='word_1_60' title='bbox 1118 830 1174 862; x_wconf 83' lang='lat' dir='ltr'>De</span> <span class='ocrx_word' id='word_1_61' title='bbox 1199 829 1360 863; x_wconf 82' lang='lat' dir='ltr'>absoluto</span> <span class='ocrx_word' id='word_1_62' title='bbox 1384 829 1587 869; x_wconf 71' lang='lat' dir='ltr'>verborum,</span> 
     </span>
     <span class='ocr_line' id='line_1_9' title="bbox 188 888 1585 934; baseline -0.001 -11"><span class='ocrx_word' id='word_1_63' title='bbox 188 901 278 933; x_wconf 85' lang='lat' dir='ltr'>quae</span> <span class='ocrx_word' id='word_1_64' title='bbox 304 890 467 931; x_wconf 72' lang='lat' dir='ltr'>dativum</span> <span class='ocrx_word' id='word_1_65' title='bbox 488 892 634 934; x_wconf 85' lang='lat' dir='ltr'>regunt,</span> <span class='ocrx_word' id='word_1_66' title='bbox 658 900 722 922; x_wconf 85' lang='lat' dir='ltr'>usu</span> <span class='ocrx_word' id='word_1_67' title='bbox 747 899 780 923; x_wconf 77' lang='lat' dir='ltr'>V.</span> <span class='ocrx_word' id='word_1_68' title='bbox 804 888 912 922; x_wconf 82' lang='lat' dir='ltr'>etiam</span> <span class='ocrx_word' id='word_1_69' title='bbox 936 889 980 923; x_wconf 86' lang='lat' dir='ltr'>ad</span> <span class='ocrx_word' id='word_1_70' title='bbox 1005 901 1036 925; x_wconf 85' lang='lat' dir='ltr'>e.</span> <span class='ocrx_word' id='word_1_71' title='bbox 1059 889 1088 933; x_wconf 85' lang='lat'>1,</span> <span class='ocrx_word' id='word_1_72' title='bbox 1117 888 1150 922; x_wconf 85' lang='lat'>3.</span> <span class='ocrx_word' id='word_1_73' title='bbox 1177 893 1212 923; x_wconf 83' lang='lat' dir='ltr'>et</span> <span class='ocrx_word' id='word_1_74' title='bbox 1234 889 1326 930; x_wconf 73' lang='lat' dir='ltr'>xlv,</span> <span class='ocrx_word' id='word_1_75' title='bbox 1349 889 1406 924; x_wconf 83' lang='lat'>19.</span> <span class='ocrx_word' id='word_1_76' title='bbox 1433 909 1473 914; x_wconf 92' lang='lat'>—</span> <span class='ocrx_word' id='word_1_77' title='bbox 1511 890 1585 922; x_wconf 89' lang='lat' dir='ltr'>Me-</span> 
     </span>
     <span class='ocr_line' id='line_1_10' title="bbox 189 947 1587 993; baseline -0.003 -9"><span class='ocrx_word' id='word_1_78' title='bbox 189 951 297 985; x_wconf 82' lang='lat' dir='ltr'>rentis</span> <span class='ocrx_word' id='word_1_79' title='bbox 329 962 399 984; x_wconf 90' lang='lat' dir='ltr'>non</span> <span class='ocrx_word' id='word_1_80' title='bbox 431 953 483 984; x_wconf 86' lang='lat' dir='ltr'>est</span> <span class='ocrx_word' id='word_1_81' title='bbox 511 951 652 991; x_wconf 76' lang='lat' dir='ltr'>noxios,</span> <span class='ocrx_word' id='word_1_82' title='bbox 683 949 743 983; x_wconf 84' lang='lat' dir='ltr'>sed</span> <span class='ocrx_word' id='word_1_83' title='bbox 767 949 813 982; x_wconf 80' lang='lat' dir='ltr'>ad</span> <span class='ocrx_word' id='word_1_84' title='bbox 837 952 1024 993; x_wconf 87' lang='lat' dir='ltr'>utrumque</span> <span class='ocrx_word' id='word_1_85' title='bbox 1059 950 1206 983; x_wconf 77' lang='lat' dir='ltr'>verbum</span> <span class='ocrx_word' id='word_1_86' title='bbox 1229 953 1391 993; x_wconf 76' lang='lat' dir='ltr'>spectans</span> <span class='ocrx_word' id='word_1_87' title='bbox 1410 947 1587 993; x_wconf 76' lang='lat' dir='ltr'>significat</span> 
     </span>
     <span class='ocr_line' id='line_1_11' title="bbox 187 1010 1588 1056; baseline -0.001 -12"><span class='ocrx_word' id='word_1_88' title='bbox 187 1023 268 1056; x_wconf 84' lang='lat' dir='ltr'>pro</span> <span class='ocrx_word' id='word_1_89' title='bbox 302 1011 475 1046; x_wconf 82' lang='lat' dir='ltr'>merito</span> <span class='ocrx_word' id='word_1_90' title='bbox 507 1020 730 1055; x_wconf 77' lang='lat' dir='ltr'>quemque</span> <span class='ocrx_word' id='word_1_91' title='bbox 773 1015 835 1044; x_wconf 83' lang='lat' dir='ltr'>aut</span> <span class='ocrx_word' id='word_1_92' title='bbox 876 1011 1058 1045; x_wconf 82' lang='lat' dir='ltr'>laudatum</span> <span class='ocrx_word' id='word_1_93' title='bbox 1091 1021 1164 1044; x_wconf 83' lang='lat' dir='ltr'>esse</span> <span class='ocrx_word' id='word_1_94' title='bbox 1198 1014 1262 1044; x_wconf 74' lang='lat' dir='ltr'>aut</span> <span class='ocrx_word' id='word_1_95' title='bbox 1292 1010 1516 1054; x_wconf 80' lang='lat' dir='ltr'>increpitum,</span> <span class='ocrx_word' id='word_1_96' title='bbox 1549 1012 1588 1042; x_wconf 84' lang='lat' dir='ltr'>ut</span> 
     </span>
     <span class='ocr_line' id='line_1_12' title="bbox 189 1070 661 1106; baseline 0 0"><span class='ocrx_word' id='word_1_97' title='bbox 189 1072 263 1106; x_wconf 76' lang='lat' dir='ltr'>iam</span> <span class='ocrx_word' id='word_1_98' title='bbox 286 1071 416 1105; x_wconf 82' lang='lat' dir='ltr'>Rivius</span> <span class='ocrx_word' id='word_1_99' title='bbox 440 1076 536 1105; x_wconf 88' lang='lat' dir='ltr'>recte</span> <span class='ocrx_word' id='word_1_100' title='bbox 562 1070 661 1106; x_wconf 76' lang='lat' dir='ltr'>vidit.</span> 
     </span>
    </p>

    <p class='ocr_par' dir='ltr' id='par_1_5' title="bbox 186 1130 1592 2819">
     <span class='ocr_line' id='line_1_13' title="bbox 281 1130 1589 1176; baseline -0.004 -10"><span class='ocrx_word' id='word_1_101' title='bbox 281 1134 312 1175; x_wconf 66' lang='grc' dir='ltr'><strong>ἓ.</strong></span> <span class='ocrx_word' id='word_1_102' title='bbox 336 1132 371 1166; x_wconf 76' lang='lat'>4.</span> <span class='ocrx_word' id='word_1_103' title='bbox 421 1132 503 1166; x_wconf 78' lang='lat' dir='ltr'>item</span> <span class='ocrx_word' id='word_1_104' title='bbox 527 1151 571 1156; x_wconf 92' lang='lat'>—</span> <span class='ocrx_word' id='word_1_105' title='bbox 597 1131 770 1175; x_wconf 79' lang='lat' dir='ltr'>cogebat]</span> <span class='ocrx_word' id='word_1_106' title='bbox 803 1132 856 1165; x_wconf 84' lang='lat' dir='ltr'>De</span> <span class='ocrx_word' id='word_1_107' title='bbox 882 1131 917 1166; x_wconf 84' lang='lat' dir='ltr'>vi</span> <span class='ocrx_word' id='word_1_108' title='bbox 951 1135 985 1166; x_wconf 88' lang='lat' dir='ltr'>et</span> <span class='ocrx_word' id='word_1_109' title='bbox 1011 1143 1077 1166; x_wconf 88' lang='lat' dir='ltr'>usu</span> <span class='ocrx_word' id='word_1_110' title='bbox 1100 1133 1183 1167; x_wconf 85' lang='lat' dir='ltr'>item</span> <span class='ocrx_word' id='word_1_111' title='bbox 1208 1130 1400 1176; x_wconf 72' lang='lat' dir='ltr'>particulae</span> <span class='ocrx_word' id='word_1_112' title='bbox 1421 1140 1456 1163; x_wconf 85' lang='lat' dir='ltr'>v.</span> <span class='ocrx_word' id='word_1_113' title='bbox 1481 1139 1589 1163; x_wconf 80' lang='lat' dir='ltr'>anno-</span> 
     </span>
     <span class='ocr_line' id='line_1_14' title="bbox 188 1187 1587 1234; baseline -0.006 -6"><span class='ocrx_word' id='word_1_114' title='bbox 188 1197 261 1228; x_wconf 85' lang='lat' dir='ltr'>tata</span> <span class='ocrx_word' id='word_1_115' title='bbox 285 1193 330 1227; x_wconf 82' lang='lat' dir='ltr'>ad</span> <span class='ocrx_word' id='word_1_116' title='bbox 354 1192 457 1227; x_wconf 84' lang='lat' dir='ltr'>Catil.</span> <span class='ocrx_word' id='word_1_117' title='bbox 494 1204 524 1227; x_wconf 91' lang='lat' dir='ltr'>c.</span> <span class='ocrx_word' id='word_1_118' title='bbox 549 1192 699 1234; x_wconf 73' lang='lat' dir='ltr'>xxvii,</span> <span class='ocrx_word' id='word_1_119' title='bbox 723 1192 756 1225; x_wconf 80' lang='lat'>2.</span> <span class='ocrx_word' id='word_1_120' title='bbox 805 1192 900 1227; x_wconf 86' lang='lat' dir='ltr'>Miro</span> <span class='ocrx_word' id='word_1_121' title='bbox 933 1196 1052 1227; x_wconf 87' lang='lat' dir='ltr'>autem</span> <span class='ocrx_word' id='word_1_122' title='bbox 1075 1191 1237 1227; x_wconf 84' lang='lat' dir='ltr'>acumine</span> <span class='ocrx_word' id='word_1_123' title='bbox 1269 1187 1480 1225; x_wconf 85' lang='lat' dir='ltr'>Gerlachius</span> <span class='ocrx_word' id='word_1_124' title='bbox 1501 1198 1587 1230; x_wconf 88' lang='lat' dir='ltr'>sup-</span> 
     </span>
     <span class='ocr_line' id='line_1_15' title="bbox 188 1249 1589 1300; baseline -0.004 -13"><span class='ocrx_word' id='word_1_125' title='bbox 188 1254 356 1298; x_wconf 83' lang='lat' dir='ltr'>plendum</span> <span class='ocrx_word' id='word_1_126' title='bbox 380 1257 495 1288; x_wconf 87' lang='lat' dir='ltr'>censet</span> <span class='ocrx_word' id='word_1_127' title='bbox 530 1257 742 1287; x_wconf 81' lang='lat' dir='ltr'>armatum</span> <span class='ocrx_word' id='word_1_128' title='bbox 775 1252 1048 1300; x_wconf 79' lang='lat' dir='ltr'>intentumque.</span> <span class='ocrx_word' id='word_1_129' title='bbox 1095 1253 1194 1287; x_wconf 85' lang='lat' dir='ltr'>Idem</span> <span class='ocrx_word' id='word_1_130' title='bbox 1227 1251 1269 1285; x_wconf 86' lang='lat' dir='ltr'>V.</span> <span class='ocrx_word' id='word_1_131' title='bbox 1291 1252 1338 1286; x_wconf 90' lang='lat' dir='ltr'>D.</span> <span class='ocrx_word' id='word_1_132' title='bbox 1362 1249 1502 1284; x_wconf 79' lang='lat' dir='ltr'>aniliter</span> <span class='ocrx_word' id='word_1_133' title='bbox 1524 1251 1589 1282; x_wconf 78' lang='lat' dir='ltr'>ad-</span> 
     </span>
     <span class='ocr_line' id='line_1_16' title="bbox 187 1302 1591 1360; baseline -0.004 -12"><span class='ocrx_word' id='word_1_134' title='bbox 187 1316 331 1349; x_wconf 83' lang='lat' dir='ltr'>modum</span> <span class='ocrx_word' id='word_1_135' title='bbox 362 1318 516 1360; x_wconf 76' lang='lat' dir='ltr'>nugatur</span> <span class='ocrx_word' id='word_1_136' title='bbox 549 1314 592 1347; x_wconf 89' lang='lat' dir='ltr'>de</span> <span class='ocrx_word' id='word_1_137' title='bbox 615 1313 734 1347; x_wconf 85' lang='lat' dir='ltr'>verbis</span> <span class='ocrx_word' id='word_1_138' title='bbox 773 1318 912 1358; x_wconf 79' lang='lat' dir='ltr'>atque</span> <span class='ocrx_word' id='word_1_139' title='bbox 938 1315 1005 1348; x_wconf 86' lang='lat' dir='ltr'>iter</span> <span class='ocrx_word' id='word_1_140' title='bbox 1021 1302 1213 1359; x_wconf 69' lang='lat' dir='ltr'>faeere,</span> <span class='ocrx_word' id='word_1_141' title='bbox 1238 1324 1329 1357; x_wconf 79' lang='lat' dir='ltr'>quae</span> <span class='ocrx_word' id='word_1_142' title='bbox 1352 1316 1392 1346; x_wconf 87' lang='lat' dir='ltr'>ut</span> <span class='ocrx_word' id='word_1_143' title='bbox 1415 1310 1523 1345; x_wconf 79' lang='lat' dir='ltr'>etiam</span> <span class='ocrx_word' id='word_1_144' title='bbox 1546 1309 1591 1343; x_wconf 87' lang='lat' dir='ltr'>ti-</span> 
     </span>
     <span class='ocr_line' id='line_1_17' title="bbox 187 1371 1592 1420; baseline -0.004 -10"><span class='ocrx_word' id='word_1_145' title='bbox 187 1388 290 1410; x_wconf 81' lang='lat' dir='ltr'>rones</span> <span class='ocrx_word' id='word_1_146' title='bbox 314 1375 513 1420; x_wconf 85' lang='lat' dir='ltr'>intelligere</span> <span class='ocrx_word' id='word_1_147' title='bbox 546 1379 685 1418; x_wconf 82' lang='lat' dir='ltr'>possent</span> <span class='ocrx_word' id='word_1_148' title='bbox 720 1374 795 1408; x_wconf 81' lang='lat' dir='ltr'>iam</span> <span class='ocrx_word' id='word_1_149' title='bbox 826 1375 1010 1419; x_wconf 83' lang='lat' dir='ltr'>provisum</span> <span class='ocrx_word' id='word_1_150' title='bbox 1044 1379 1096 1410; x_wconf 89' lang='lat' dir='ltr'>est</span> <span class='ocrx_word' id='word_1_151' title='bbox 1129 1387 1150 1410; x_wconf 83' lang='lat' dir='ltr'>a</span> <span class='ocrx_word' id='word_1_152' title='bbox 1185 1374 1324 1417; x_wconf 86' lang='lat' dir='ltr'>Cortio,</span> <span class='ocrx_word' id='word_1_153' title='bbox 1360 1371 1592 1417; x_wconf 82' lang='lat' dir='ltr'>explicatione</span> 
     </span>
     <span class='ocr_line' id='line_1_18' title="bbox 188 1431 1591 1482; baseline -0.004 -11"><span class='ocrx_word' id='word_1_154' title='bbox 188 1437 328 1482; x_wconf 84' lang='lat' dir='ltr'>prodita</span> <span class='ocrx_word' id='word_1_155' title='bbox 352 1437 501 1479; x_wconf 83' lang='lat' dir='ltr'>„eadem</span> <span class='ocrx_word' id='word_1_156' title='bbox 525 1447 611 1470; x_wconf 87' lang='lat' dir='ltr'>cura</span> <span class='ocrx_word' id='word_1_157' title='bbox 637 1436 828 1481; x_wconf 81' lang='lat' dir='ltr'>eademque</span> <span class='ocrx_word' id='word_1_158' title='bbox 865 1437 1047 1480; x_wconf 80' lang='lat' dir='ltr'>cautione,</span> <span class='ocrx_word' id='word_1_159' title='bbox 1079 1446 1149 1480; x_wconf 82' lang='lat' dir='ltr'>qua</span> <span class='ocrx_word' id='word_1_160' title='bbox 1180 1435 1247 1470; x_wconf 88' lang='lat' dir='ltr'>iter</span> <span class='ocrx_word' id='word_1_161' title='bbox 1273 1433 1451 1479; x_wconf 80' lang='lat' dir='ltr'>faciebat,</span> <span class='ocrx_word' id='word_1_162' title='bbox 1485 1431 1591 1467; x_wconf 82' lang='lat' dir='ltr'>etiam</span> 
     </span>
     <span class='ocr_line' id='line_1_19' title="bbox 188 1492 1589 1542; baseline -0.006 -9"><span class='ocrx_word' id='word_1_163' title='bbox 188 1504 303 1533; x_wconf 80' lang='lat' dir='ltr'>castra</span> <span class='ocrx_word' id='word_1_164' title='bbox 326 1497 541 1532; x_wconf 78' lang='lat' dir='ltr'>muniebat.“</span> <span class='ocrx_word' id='word_1_165' title='bbox 591 1498 629 1531; x_wconf 82' lang='lat' dir='ltr'>ln</span> <span class='ocrx_word' id='word_1_166' title='bbox 652 1501 725 1531; x_wconf 86' lang='lat' dir='ltr'>tam</span> <span class='ocrx_word' id='word_1_167' title='bbox 758 1497 935 1542; x_wconf 76' lang='lat' dir='ltr'>frequenti</span> <span class='ocrx_word' id='word_1_168' title='bbox 958 1497 1052 1532; x_wconf 84' lang='lat' dir='ltr'>enim</span> <span class='ocrx_word' id='word_1_169' title='bbox 1076 1508 1142 1531; x_wconf 85' lang='lat' dir='ltr'>usu</span> <span class='ocrx_word' id='word_1_170' title='bbox 1172 1496 1337 1540; x_wconf 82' lang='lat' dir='ltr'>infinitivi</span> <span class='ocrx_word' id='word_1_171' title='bbox 1358 1493 1513 1529; x_wconf 78' lang='lat' dir='ltr'>historici</span> <span class='ocrx_word' id='word_1_172' title='bbox 1537 1492 1589 1536; x_wconf 73' lang='lat' dir='ltr'>(V.</span> 
     </span>
     <span class='ocr_line' id='line_1_20' title="bbox 186 1554 1592 1604; baseline -0.005 -11"><span class='ocrx_word' id='word_1_173' title='bbox 186 1559 316 1604; x_wconf 86' lang='lat' dir='ltr'>Indic.)</span> <span class='ocrx_word' id='word_1_174' title='bbox 348 1558 453 1602; x_wconf 51' lang='lat' dir='ltr'>apud¹</span> <span class='ocrx_word' id='word_1_175' title='bbox 480 1557 710 1599; x_wconf 82' lang='lat' dir='ltr'>Sallustium,</span> <span class='ocrx_word' id='word_1_176' title='bbox 741 1569 845 1591; x_wconf 85' lang='lat' dir='ltr'>nemo</span> <span class='ocrx_word' id='word_1_177' title='bbox 881 1570 923 1593; x_wconf 88' lang='lat' dir='ltr'>ex</span> <span class='ocrx_word' id='word_1_178' title='bbox 953 1558 1071 1593; x_wconf 81' lang='lat' dir='ltr'>verbis</span> <span class='ocrx_word' id='word_1_179' title='bbox 1094 1571 1163 1592; x_wconf 80' lang='lat' dir='ltr'>non</span> <span class='ocrx_word' id='word_1_180' title='bbox 1185 1568 1282 1592; x_wconf 82' lang='lat' dir='ltr'>secus</span> <span class='ocrx_word' id='word_1_181' title='bbox 1313 1561 1419 1601; x_wconf 83' lang='lat' dir='ltr'>atque</span> <span class='ocrx_word' id='word_1_182' title='bbox 1442 1554 1592 1599; x_wconf 79' lang='lat' dir='ltr'>pendere</span> 
     </span>
     <span class='ocr_line' id='line_1_21' title="bbox 187 1615 1589 1663; baseline -0.004 -9"><span class='ocrx_word' id='word_1_183' title='bbox 187 1621 280 1654; x_wconf 82' lang='lat' dir='ltr'>hanc</span> <span class='ocrx_word' id='word_1_184' title='bbox 305 1621 456 1654; x_wconf 82' lang='lat' dir='ltr'>formam</span> <span class='ocrx_word' id='word_1_185' title='bbox 481 1618 691 1660; x_wconf 86' lang='lat' dir='ltr'>mirabitur,</span> <span class='ocrx_word' id='word_1_186' title='bbox 715 1619 777 1662; x_wconf 86' lang='lat' dir='ltr'>qui</span> <span class='ocrx_word' id='word_1_187' title='bbox 800 1620 1018 1663; x_wconf 77' lang='lat' dir='ltr'>reputaverit</span> <span class='ocrx_word' id='word_1_188' title='bbox 1042 1624 1223 1654; x_wconf 78' lang='lat' dir='ltr'>auctorem</span> <span class='ocrx_word' id='word_1_189' title='bbox 1247 1618 1404 1663; x_wconf 85' lang='lat' dir='ltr'>priorem</span> <span class='ocrx_word' id='word_1_190' title='bbox 1427 1615 1589 1650; x_wconf 84' lang='lat' dir='ltr'>enuncia-</span> 
     </span>
     <span class='ocr_line' id='line_1_22' title="bbox 187 1679 1592 1724; baseline -0.004 -9"><span class='ocrx_word' id='word_1_191' title='bbox 187 1680 317 1715; x_wconf 85' lang='lat' dir='ltr'>tionem</span> <span class='ocrx_word' id='word_1_192' title='bbox 342 1691 411 1713; x_wconf 86' lang='lat' dir='ltr'>nou</span> <span class='ocrx_word' id='word_1_193' title='bbox 435 1679 599 1714; x_wconf 81' lang='lat' dir='ltr'>extulisse</span> <span class='ocrx_word' id='word_1_194' title='bbox 629 1679 896 1714; x_wconf 72' lang='lat' dir='ltr'>subordinatum</span> <span class='ocrx_word' id='word_1_195' title='bbox 920 1681 1043 1722; x_wconf 79' lang='lat' dir='ltr'>alteri,</span> <span class='ocrx_word' id='word_1_196' title='bbox 1078 1685 1115 1713; x_wconf 90' lang='lat' dir='ltr'>ut</span> <span class='ocrx_word' id='word_1_197' title='bbox 1137 1679 1367 1724; x_wconf 80' lang='lat' dir='ltr'>grammatici</span> <span class='ocrx_word' id='word_1_198' title='bbox 1392 1679 1592 1721; x_wconf 79' lang='lat' dir='ltr'>loquuntur,</span> 
     </span>
     <span class='ocr_line' id='line_1_23' title="bbox 188 1739 1591 1789; baseline -0.004 -13"><span class='ocrx_word' id='word_1_199' title='bbox 188 1743 249 1776; x_wconf 83' lang='lat' dir='ltr'>sed</span> <span class='ocrx_word' id='word_1_200' title='bbox 273 1741 529 1781; x_wconf 68' lang='lat' dir='ltr'>mordinatam,</span> <span class='ocrx_word' id='word_1_201' title='bbox 553 1751 591 1773; x_wconf 84' lang='lat' dir='ltr'>re</span> <span class='ocrx_word' id='word_1_202' title='bbox 616 1739 694 1783; x_wconf 75' lang='lat' dir='ltr'>ipsa</span> <span class='ocrx_word' id='word_1_203' title='bbox 719 1745 900 1781; x_wconf 80' lang='lat' dir='ltr'>monente3</span> <span class='ocrx_word' id='word_1_204' title='bbox 926 1752 1009 1774; x_wconf 84' lang='lat' dir='ltr'>nam</span> <span class='ocrx_word' id='word_1_205' title='bbox 1033 1739 1262 1784; x_wconf 83' lang='lat' dir='ltr'>profectionis</span> <span class='ocrx_word' id='word_1_206' title='bbox 1295 1739 1332 1773; x_wconf 90' lang='lat' dir='ltr'>in</span> <span class='ocrx_word' id='word_1_207' title='bbox 1359 1739 1508 1789; x_wconf 71' lang='lat' dir='ltr'>hiberna</span> <span class='ocrx_word' id='word_1_208' title='bbox 1532 1747 1591 1770; x_wconf 79' lang='lat' dir='ltr'>ae-</span> 
     </span>
     <span class='ocr_line' id='line_1_24' title="bbox 190 1799 1590 1847; baseline -0.004 -11"><span class='ocrx_word' id='word_1_209' title='bbox 190 1814 259 1847; x_wconf 90' lang='lat' dir='ltr'>que</span> <span class='ocrx_word' id='word_1_210' title='bbox 282 1813 364 1846; x_wconf 82' lang='lat' dir='ltr'>pars</span> <span class='ocrx_word' id='word_1_211' title='bbox 389 1802 457 1835; x_wconf 83' lang='lat' dir='ltr'>fuit</span> <span class='ocrx_word' id='word_1_212' title='bbox 484 1803 550 1836; x_wconf 81' lang='lat' dir='ltr'>iter</span> <span class='ocrx_word' id='word_1_213' title='bbox 577 1804 701 1844; x_wconf 81' lang='lat' dir='ltr'>facere</span> <span class='ocrx_word' id='word_1_214' title='bbox 719 1827 728 1843; x_wconf 84' lang='lat'>‚</span> <span class='ocrx_word' id='word_1_215' title='bbox 763 1806 868 1844; x_wconf 76' lang='lat' dir='ltr'>atquc</span> <span class='ocrx_word' id='word_1_216' title='bbox 892 1807 1007 1836; x_wconf 77' lang='lat' dir='ltr'>castra</span> <span class='ocrx_word' id='word_1_217' title='bbox 1046 1800 1208 1844; x_wconf 84' lang='lat' dir='ltr'>(cotidie)</span> <span class='ocrx_word' id='word_1_218' title='bbox 1239 1801 1398 1840; x_wconf 51' lang='lat' dir='ltr'>munirem</span> <span class='ocrx_word' id='word_1_219' title='bbox 1423 1799 1466 1832; x_wconf 78' lang='lat' dir='ltr'>cf.</span> <span class='ocrx_word' id='word_1_220' title='bbox 1493 1799 1535 1847; x_wconf 75' lang='lat' dir='ltr'>nd</span> <span class='ocrx_word' id='word_1_221' title='bbox 1560 1810 1590 1831; x_wconf 89' lang='lat' dir='ltr'>c.</span> 
     </span>
     <span class='ocr_line' id='line_1_25' title="bbox 188 1861 1590 1907; baseline -0.004 -9"><span class='ocrx_word' id='word_1_222' title='bbox 188 1863 315 1907; x_wconf 76' lang='lat' dir='ltr'>xcix,</span> <span class='ocrx_word' id='word_1_223' title='bbox 341 1863 375 1897; x_wconf 89' lang='lat'>1.</span> <span class='ocrx_word' id='word_1_224' title='bbox 413 1863 544 1906; x_wconf 21' lang='lat' dir='ltr'>*Quare</span> <span class='ocrx_word' id='word_1_225' title='bbox 575 1862 604 1896; x_wconf 87' lang='lat' dir='ltr'>si</span> <span class='ocrx_word' id='word_1_226' title='bbox 639 1861 782 1897; x_wconf 73' lang='lat' dir='ltr'>dixisset</span> <span class='ocrx_word' id='word_1_227' title='bbox 812 1863 968 1898; x_wconf 82' lang='lat' dir='ltr'>eodem</span> <span class='ocrx_word' id='word_1_228' title='bbox 1011 1861 1136 1897; x_wconf 79' lang='lat' dir='ltr'>modo</span> <span class='ocrx_word' id='word_1_229' title='bbox 1179 1865 1212 1895; x_wconf 80' lang='lat' dir='ltr'>et</span> <span class='ocrx_word' id='word_1_230' title='bbox 1244 1861 1311 1894; x_wconf 82' lang='lat' dir='ltr'>iter</span> <span class='ocrx_word' id='word_1_231' title='bbox 1337 1862 1523 1904; x_wconf 85' lang='lat' dir='ltr'>facere,</span> <span class='ocrx_word' id='word_1_232' title='bbox 1557 1863 1590 1892; x_wconf 80' lang='lat' dir='ltr'>ct</span> 
     </span>
     <span class='ocr_line' id='line_1_26' title="bbox 190 1919 1591 1968; baseline -0.004 -10"><span class='ocrx_word' id='word_1_233' title='bbox 190 1929 310 1958; x_wconf 85' lang='lat' dir='ltr'>castra</span> <span class='ocrx_word' id='word_1_234' title='bbox 341 1924 543 1964; x_wconf 85' lang='lat' dir='ltr'>munire,</span> <span class='ocrx_word' id='word_1_235' title='bbox 576 1923 654 1968; x_wconf 87' lang='lat' dir='ltr'>quis</span> <span class='ocrx_word' id='word_1_236' title='bbox 687 1923 911 1958; x_wconf 78' lang='lat' dir='ltr'>insolentiam</span> <span class='ocrx_word' id='word_1_237' title='bbox 942 1923 1079 1957; x_wconf 84' lang='lat' dir='ltr'>dicendi</span> <span class='ocrx_word' id='word_1_238' title='bbox 1111 1920 1342 1966; x_wconf 80' lang='lat' dir='ltr'>quereretur?</span> <span class='ocrx_word' id='word_1_239' title='bbox 1376 1920 1447 1955; x_wconf 75' lang='lat' dir='ltr'>Sed</span> <span class='ocrx_word' id='word_1_240' title='bbox 1485 1919 1520 1953; x_wconf 90' lang='lat' dir='ltr'>in</span> <span class='ocrx_word' id='word_1_241' title='bbox 1552 1930 1591 1953; x_wconf 84' lang='lat' dir='ltr'>re</span> 
     </span>
     <span class='ocr_line' id='line_1_27' title="bbox 190 1979 1590 2028; baseline -0.004 -8"><span class='ocrx_word' id='word_1_242' title='bbox 190 1984 386 2020; x_wconf 82' lang='lat' dir='ltr'>clarissima</span> <span class='ocrx_word' id='word_1_243' title='bbox 422 1984 484 2018; x_wconf 78' lang='lat' dir='ltr'>alii</span> <span class='ocrx_word' id='word_1_244' title='bbox 520 1984 624 2021; x_wconf 82' lang='lat' dir='ltr'>aliter</span> <span class='ocrx_word' id='word_1_245' title='bbox 655 1985 774 2018; x_wconf 76' lang='lat' dir='ltr'>locum</span> <span class='ocrx_word' id='word_1_246' title='bbox 806 1990 1051 2028; x_wconf 86' lang='lat' dir='ltr'>corruperunt.</span> <span class='ocrx_word' id='word_1_247' title='bbox 1099 1985 1218 2027; x_wconf 71' lang='lat' dir='ltr'>inepte</span> <span class='ocrx_word' id='word_1_248' title='bbox 1249 1982 1402 2017; x_wconf 87' lang='lat' dir='ltr'>enimin</span> <span class='ocrx_word' id='word_1_249' title='bbox 1427 1981 1533 2016; x_wconf 67' lang='lat' dir='ltr'>Febr.</span> <span class='ocrx_word' id='word_1_250' title='bbox 1558 1979 1590 2015; x_wconf 90' lang='grc'><strong>1.</strong></span> 
     </span>
     <span class='ocr_line' id='line_1_28' title="bbox 190 2041 1590 2090; baseline -0.004 -10"><span class='ocrx_word' id='word_1_251' title='bbox 190 2047 260 2080; x_wconf 76' lang='lat' dir='ltr'>Ine.</span> <span class='ocrx_word' id='word_1_252' title='bbox 285 2045 322 2079; x_wconf 90' lang='lat'>1.</span> <span class='ocrx_word' id='word_1_253' title='bbox 346 2045 465 2079; x_wconf 67' lang='lat' dir='ltr'>Vinar.</span> <span class='ocrx_word' id='word_1_254' title='bbox 493 2046 528 2080; x_wconf 85' lang='lat'>2.</span> <span class='ocrx_word' id='word_1_255' title='bbox 565 2045 714 2090; x_wconf 83' lang='lat' dir='ltr'>Berger.</span> <span class='ocrx_word' id='word_1_256' title='bbox 751 2045 869 2078; x_wconf 87' lang='lat' dir='ltr'>Struv.</span> <span class='ocrx_word' id='word_1_257' title='bbox 905 2045 1045 2079; x_wconf 64' lang='lat' dir='ltr'>vratisl.</span> <span class='ocrx_word' id='word_1_258' title='bbox 1070 2044 1103 2078; x_wconf 90' lang='lat' dir='ltr'>l.</span> <span class='ocrx_word' id='word_1_259' title='bbox 1129 2045 1163 2078; x_wconf 85' lang='lat'>2.</span> <span class='ocrx_word' id='word_1_260' title='bbox 1198 2043 1345 2078; x_wconf 81' lang='lat' dir='ltr'>Eccard.</span> <span class='ocrx_word' id='word_1_261' title='bbox 1381 2042 1499 2078; x_wconf 80' lang='lat' dir='ltr'>Guelf.</span> <span class='ocrx_word' id='word_1_262' title='bbox 1533 2041 1590 2075; x_wconf 80' lang='lat'>10.</span> 
     </span>
     <span class='ocr_line' id='line_1_29' title="bbox 190 2102 1591 2143; baseline -0.003 -3"><span class='ocrx_word' id='word_1_263' title='bbox 190 2105 249 2140; x_wconf 73' lang='lat'>12.</span> <span class='ocrx_word' id='word_1_264' title='bbox 274 2105 362 2143; x_wconf 84' lang='lat' dir='ltr'>Tur.</span> <span class='ocrx_word' id='word_1_265' title='bbox 389 2106 423 2140; x_wconf 92' lang='grc'><strong>1.</strong></span> <span class='ocrx_word' id='word_1_266' title='bbox 447 2105 530 2140; x_wconf 73' lang='lat' dir='ltr'>Bas.</span> <span class='ocrx_word' id='word_1_267' title='bbox 557 2106 590 2143; x_wconf 74' lang='lat'>4.</span> <span class='ocrx_word' id='word_1_268' title='bbox 614 2106 720 2140; x_wconf 85' lang='lat' dir='ltr'>Bcrn.</span> <span class='ocrx_word' id='word_1_269' title='bbox 746 2107 779 2139; x_wconf 89' lang='grc'><strong>1.</strong></span> <span class='ocrx_word' id='word_1_270' title='bbox 804 2105 838 2140; x_wconf 85' lang='lat'>3.</span> <span class='ocrx_word' id='word_1_271' title='bbox 863 2105 958 2140; x_wconf 81' lang='lat' dir='ltr'>Leid.</span> <span class='ocrx_word' id='word_1_272' title='bbox 982 2107 1009 2140; x_wconf 91' lang='lat'>1.</span> <span class='ocrx_word' id='word_1_273' title='bbox 1038 2102 1150 2140; x_wconf 87' lang='lat' dir='ltr'>Paris.</span> <span class='ocrx_word' id='word_1_274' title='bbox 1171 2106 1213 2139; x_wconf 78' lang='grc' dir='ltr'><strong>Β.</strong></span> <span class='ocrx_word' id='word_1_275' title='bbox 1233 2106 1273 2139; x_wconf 86' lang='grc' dir='ltr'><strong>Ε.</strong></span> <span class='ocrx_word' id='word_1_276' title='bbox 1298 2103 1474 2138; x_wconf 87' lang='lat' dir='ltr'>nonnullis</span> <span class='ocrx_word' id='word_1_277' title='bbox 1496 2103 1591 2137; x_wconf 88' lang='lat' dir='ltr'>Gru-</span> 
     </span>
     <span class='ocr_line' id='line_1_30' title="bbox 190 2165 1590 2212; baseline -0.003 -11"><span class='ocrx_word' id='word_1_278' title='bbox 190 2167 257 2201; x_wconf 87' lang='lat' dir='ltr'>teri</span> <span class='ocrx_word' id='word_1_279' title='bbox 281 2171 315 2201; x_wconf 86' lang='lat' dir='ltr'>et</span> <span class='ocrx_word' id='word_1_280' title='bbox 337 2166 492 2208; x_wconf 60' lang='lat' dir='ltr'>Wamii,</span> <span class='ocrx_word' id='word_1_281' title='bbox 525 2166 644 2200; x_wconf 87' lang='lat' dir='ltr'>Berol.</span> <span class='ocrx_word' id='word_1_282' title='bbox 668 2166 704 2200; x_wconf 77' lang='lat'>2,</span> <span class='ocrx_word' id='word_1_283' title='bbox 729 2166 833 2200; x_wconf 77' lang='lat' dir='ltr'>Misn.</span> <span class='ocrx_word' id='word_1_284' title='bbox 862 2171 897 2201; x_wconf 86' lang='lat' dir='ltr'>et</span> <span class='ocrx_word' id='word_1_285' title='bbox 921 2167 1066 2201; x_wconf 78' lang='lat' dir='ltr'>Gom-lit.</span> <span class='ocrx_word' id='word_1_286' title='bbox 1096 2165 1228 2212; x_wconf 82' lang='lat' dir='ltr'>legitur</span> <span class='ocrx_word' id='word_1_287' title='bbox 1252 2171 1356 2211; x_wconf 77' lang='lat' dir='ltr'>atque</span> <span class='ocrx_word' id='word_1_288' title='bbox 1378 2165 1446 2200; x_wconf 76' lang='lat' dir='ltr'>iter</span> <span class='ocrx_word' id='word_1_289' title='bbox 1462 2167 1590 2208; x_wconf 80' lang='lat' dir='ltr'>sace-</span> 
     </span>
     <span class='ocr_line' id='line_1_31' title="bbox 191 2225 1591 2272; baseline -0.002 -11"><span class='ocrx_word' id='word_1_290' title='bbox 191 2233 272 2263; x_wconf 85' lang='lat' dir='ltr'>ret.</span> <span class='ocrx_word' id='word_1_291' title='bbox 329 2227 442 2272; x_wconf 77' lang='lat' dir='ltr'>Quasi</span> <span class='ocrx_word' id='word_1_292' title='bbox 482 2238 567 2262; x_wconf 84' lang='lat' dir='ltr'>vero</span> <span class='ocrx_word' id='word_1_293' title='bbox 609 2231 725 2262; x_wconf 76' lang='lat' dir='ltr'>castra</span> <span class='ocrx_word' id='word_1_294' title='bbox 764 2239 832 2261; x_wconf 82' lang='lat' dir='ltr'>uon</span> <span class='ocrx_word' id='word_1_295' title='bbox 869 2229 905 2261; x_wconf 85' lang='lat' dir='ltr'>in</span> <span class='ocrx_word' id='word_1_296' title='bbox 944 2228 1068 2262; x_wconf 80' lang='lat' dir='ltr'>itinere</span> <span class='ocrx_word' id='word_1_297' title='bbox 1092 2228 1257 2272; x_wconf 78' lang='lat' dir='ltr'>faciendo</span> <span class='ocrx_word' id='word_1_298' title='bbox 1291 2225 1428 2261; x_wconf 75' lang='lat' dir='ltr'>munite</span> <span class='ocrx_word' id='word_1_299' title='bbox 1457 2225 1591 2259; x_wconf 74' lang='lat' dir='ltr'>essent!</span> 
     </span>
     <span class='ocr_line' id='line_1_32' title="bbox 191 2287 1588 2334; baseline -0.002 -12"><span class='ocrx_word' id='word_1_300' title='bbox 191 2288 348 2333; x_wconf 74' lang='lat' dir='ltr'>ineptius</span> <span class='ocrx_word' id='word_1_301' title='bbox 374 2288 554 2333; x_wconf 88' lang='lat' dir='ltr'>Bipontiui</span> <span class='ocrx_word' id='word_1_302' title='bbox 587 2299 630 2323; x_wconf 78' lang='lat' dir='ltr'>cx</span> <span class='ocrx_word' id='word_1_303' title='bbox 661 2287 860 2322; x_wconf 85' lang='lat' dir='ltr'>coniectura</span> <span class='ocrx_word' id='word_1_304' title='bbox 889 2289 1056 2323; x_wconf 86' lang='lat' dir='ltr'>dederunt</span> <span class='ocrx_word' id='word_1_305' title='bbox 1088 2300 1197 2334; x_wconf 79' lang='lat' dir='ltr'>neque</span> <span class='ocrx_word' id='word_1_306' title='bbox 1225 2300 1320 2322; x_wconf 71' lang='lat' dir='ltr'>secus</span> <span class='ocrx_word' id='word_1_307' title='bbox 1344 2292 1448 2333; x_wconf 80' lang='lat' dir='ltr'>atque</span> <span class='ocrx_word' id='word_1_308' title='bbox 1473 2287 1499 2320; x_wconf 70' lang='lat' dir='ltr'>ia·</span> <span class='ocrx_word' id='word_1_309' title='bbox 1523 2287 1588 2330; x_wconf 83' lang='lat' dir='ltr'>(sc.</span> 
     </span>
     <span class='ocr_line' id='line_1_33' title="bbox 192 2336 1588 2394; baseline -0.001 -11"><span class='ocrx_word' id='word_1_310' title='bbox 192 2349 342 2394; x_wconf 81' lang='lat' dir='ltr'>milites)</span> <span class='ocrx_word' id='word_1_311' title='bbox 375 2336 441 2385; x_wconf 73' lang='lat' dir='ltr'>iter</span> <span class='ocrx_word' id='word_1_312' title='bbox 474 2352 626 2394; x_wconf 84' lang='lat' dir='ltr'>facere,</span> <span class='ocrx_word' id='word_1_313' title='bbox 661 2350 727 2393; x_wconf 85' lang='lat' dir='ltr'>(sc.</span> <span class='ocrx_word' id='word_1_314' title='bbox 773 2349 935 2394; x_wconf 80' lang='lat' dir='ltr'>pedibus)</span> <span class='ocrx_word' id='word_1_315' title='bbox 970 2351 1046 2385; x_wconf 90' lang='lat' dir='ltr'>colo</span> <span class='ocrx_word' id='word_1_316' title='bbox 1080 2355 1155 2394; x_wconf 82' lang='lat' dir='ltr'>post</span> <span class='ocrx_word' id='word_1_317' title='bbox 1186 2352 1308 2393; x_wconf 77' lang='lat' dir='ltr'>facere</span> <span class='ocrx_word' id='word_1_318' title='bbox 1344 2348 1470 2393; x_wconf 81' lang='lat' dir='ltr'>posito.</span> <span class='ocrx_word' id='word_1_319' title='bbox 1519 2347 1588 2382; x_wconf 82' lang='lat' dir='ltr'>Sed</span> 
     </span>
     <span class='ocr_line' id='line_1_34' title="bbox 194 2408 1588 2455; baseline -0.001 -12"><span class='ocrx_word' id='word_1_320' title='bbox 194 2412 298 2455; x_wconf 83' lang='lat' dir='ltr'>longe</span> <span class='ocrx_word' id='word_1_321' title='bbox 336 2409 551 2455; x_wconf 81' lang='lat' dir='ltr'>ineptissime</span> <span class='ocrx_word' id='word_1_322' title='bbox 582 2409 735 2444; x_wconf 43' lang='lat' dir='ltr'>&amp;Veisius</span> <span class='ocrx_word' id='word_1_323' title='bbox 768 2415 930 2454; x_wconf 85' lang='lat' dir='ltr'>turpem,</span> <span class='ocrx_word' id='word_1_324' title='bbox 965 2422 1034 2454; x_wconf 84' lang='lat' dir='ltr'>qua</span> <span class='ocrx_word' id='word_1_325' title='bbox 1055 2410 1229 2444; x_wconf 72' lang='lat' dir='ltr'>vilissima</span> <span class='ocrx_word' id='word_1_326' title='bbox 1262 2410 1317 2444; x_wconf 76' lang='lat' dir='ltr'>ed,</span> <span class='ocrx_word' id='word_1_327' title='bbox 1342 2409 1480 2454; x_wconf 71' lang='lat' dir='ltr'>Gryph.</span> <span class='ocrx_word' id='word_1_328' title='bbox 1505 2408 1588 2442; x_wconf 71' lang='lat' dir='ltr'>nnn.</span> 
     </span>
     <span class='ocr_line' id='line_1_35' title="bbox 196 2469 1588 2517; baseline -0.001 -14"><span class='ocrx_word' id='word_1_329' title='bbox 196 2471 338 2505; x_wconf 75' lang='lat' dir='ltr'>foedata</span> <span class='ocrx_word' id='word_1_330' title='bbox 369 2475 439 2512; x_wconf 82' lang='lat' dir='ltr'>est,</span> <span class='ocrx_word' id='word_1_331' title='bbox 472 2472 629 2517; x_wconf 81' lang='lat' dir='ltr'>glossam</span> <span class='ocrx_word' id='word_1_332' title='bbox 667 2469 783 2505; x_wconf 86' lang='lat' dir='ltr'>intulit</span> <span class='ocrx_word' id='word_1_333' title='bbox 811 2482 922 2515; x_wconf 81' lang='lat' dir='ltr'>neque</span> <span class='ocrx_word' id='word_1_334' title='bbox 946 2483 1064 2514; x_wconf 85' lang='lat' dir='ltr'>secus,</span> <span class='ocrx_word' id='word_1_335' title='bbox 1098 2477 1232 2516; x_wconf 78' lang='lat' dir='ltr'>atquc</span> <span class='ocrx_word' id='word_1_336' title='bbox 1263 2472 1303 2505; x_wconf 76' lang='lat' dir='ltr'>si</span> <span class='ocrx_word' id='word_1_337' title='bbox 1333 2471 1488 2505; x_wconf 71' lang='lat' dir='ltr'>hostes</span> <span class='ocrx_word' id='word_1_338' title='bbox 1511 2469 1588 2503; x_wconf 79' lang='lat' dir='ltr'>ad-</span> 
     </span>
     <span class='ocr_line' id='line_1_36' title="bbox 195 2530 1590 2576; baseline -0.001 -12"><span class='ocrx_word' id='word_1_339' title='bbox 195 2537 370 2574; x_wconf 76' lang='lat' dir='ltr'>essent,</span> <span class='ocrx_word' id='word_1_340' title='bbox 402 2533 469 2566; x_wconf 81' lang='lat' dir='ltr'>iter</span> <span class='ocrx_word' id='word_1_341' title='bbox 496 2535 643 2576; x_wconf 86' lang='lat' dir='ltr'>facerc,·</span> <span class='ocrx_word' id='word_1_342' title='bbox 678 2537 797 2566; x_wconf 82' lang='lat' dir='ltr'>castra</span> <span class='ocrx_word' id='word_1_343' title='bbox 829 2533 986 2573; x_wconf 78' lang='lat' dir='ltr'>munire,</span> <span class='ocrx_word' id='word_1_344' title='bbox 1027 2543 1114 2576; x_wconf 77' lang='lat' dir='ltr'>quas</span> <span class='ocrx_word' id='word_1_345' title='bbox 1154 2531 1395 2576; x_wconf 74' lang='lat' dir='ltr'>perversitates</span> <span class='ocrx_word' id='word_1_346' title='bbox 1427 2530 1590 2565; x_wconf 74' lang='lat' dir='ltr'>refellere</span> 
     </span>
     <span class='ocr_line' id='line_1_37' title="bbox 193 2587 1587 2637; baseline -0.001 -12"><span class='ocrx_word' id='word_1_347' title='bbox 193 2602 261 2625; x_wconf 90' lang='lat' dir='ltr'>non</span> <span class='ocrx_word' id='word_1_348' title='bbox 289 2592 424 2626; x_wconf 80' lang='lat' dir='ltr'>attinet.</span> <span class='ocrx_word' id='word_1_349' title='bbox 451 2612 492 2618; x_wconf 97' lang='lat'>—</span> <span class='ocrx_word' id='word_1_350' title='bbox 527 2594 566 2626; x_wconf 83' lang='lat' dir='ltr'>In</span> <span class='ocrx_word' id='word_1_351' title='bbox 589 2598 710 2637; x_wconf 85' lang='lat' dir='ltr'>porta,</span> <span class='ocrx_word' id='word_1_352' title='bbox 750 2593 840 2637; x_wconf 89' lang='lat' dir='ltr'>quod</span> <span class='ocrx_word' id='word_1_353' title='bbox 873 2604 984 2636; x_wconf 79' lang='lat' dir='ltr'>paene</span> <span class='ocrx_word' id='word_1_354' title='bbox 1013 2603 1132 2627; x_wconf 79' lang='lat' dir='ltr'>omncs</span> <span class='ocrx_word' id='word_1_355' title='bbox 1163 2587 1262 2628; x_wconf 57' lang='lat' dir='ltr'>eodm</span> <span class='ocrx_word' id='word_1_356' title='bbox 1292 2594 1428 2633; x_wconf 76' lang='lat' dir='ltr'>tenent,</span> <span class='ocrx_word' id='word_1_357' title='bbox 1463 2591 1587 2624; x_wconf 70' lang='lat' dir='ltr'>Gerra-</span> 
     </span>
     <span class='ocr_line' id='line_1_38' title="bbox 194 2650 1588 2698; baseline -0.001 -14"><span class='ocrx_word' id='word_1_358' title='bbox 194 2650 294 2685; x_wconf 80' lang='lat' dir='ltr'>chius</span> <span class='ocrx_word' id='word_1_359' title='bbox 325 2657 420 2687; x_wconf 61' lang='lat' dir='ltr'>recte</span> <span class='ocrx_word' id='word_1_360' title='bbox 450 2653 640 2687; x_wconf 68' lang='lat' dir='ltr'>revocavit.</span> <span class='ocrx_word' id='word_1_361' title='bbox 689 2652 784 2687; x_wconf 91' lang='lat' dir='ltr'>Olim</span> <span class='ocrx_word' id='word_1_362' title='bbox 809 2653 901 2687; x_wconf 80' lang='lat' dir='ltr'>enim</span> <span class='ocrx_word' id='word_1_363' title='bbox 927 2654 1093 2688; x_wconf 77' lang='lat' dir='ltr'>edebatur</span> <span class='ocrx_word' id='word_1_364' title='bbox 1117 2656 1152 2688; x_wconf 78' lang='lat' dir='ltr'>in</span> <span class='ocrx_word' id='word_1_365' title='bbox 1174 2653 1284 2698; x_wconf 72' lang='lat' dir='ltr'>portis</span> <span class='ocrx_word' id='word_1_366' title='bbox 1300 2679 1309 2694; x_wconf 93' lang='lat'>,</span> <span class='ocrx_word' id='word_1_367' title='bbox 1340 2651 1432 2696; x_wconf 87' lang='lat' dir='ltr'>quod</span> <span class='ocrx_word' id='word_1_368' title='bbox 1460 2650 1495 2684; x_wconf 87' lang='lat' dir='ltr'>in</span> <span class='ocrx_word' id='word_1_369' title='bbox 1520 2662 1588 2684; x_wconf 85' lang='lat' dir='ltr'>uno</span> 
     </span>
     <span class='ocr_line' id='line_1_39' title="bbox 196 2712 1584 2758; baseline -0.001 -12"><span class='ocrx_word' id='word_1_370' title='bbox 196 2712 313 2747; x_wconf 74' lang='lat' dir='ltr'>Guelf.</span> <span class='ocrx_word' id='word_1_371' title='bbox 347 2712 380 2746; x_wconf 76' lang='lat'>7.</span> <span class='ocrx_word' id='word_1_372' title='bbox 415 2718 543 2754; x_wconf 75' lang='lat' dir='ltr'>exstat,</span> <span class='ocrx_word' id='word_1_373' title='bbox 575 2725 686 2756; x_wconf 75' lang='lat' dir='ltr'>nuque</span> <span class='ocrx_word' id='word_1_374' title='bbox 724 2714 831 2748; x_wconf 75' lang='lat' dir='ltr'>uliam</span> <span class='ocrx_word' id='word_1_375' title='bbox 866 2715 910 2747; x_wconf 87' lang='lat' dir='ltr'>ob</span> <span class='ocrx_word' id='word_1_376' title='bbox 941 2726 1098 2748; x_wconf 74' lang='lat' dir='ltr'>emissum</span> <span class='ocrx_word' id='word_1_377' title='bbox 1132 2715 1324 2758; x_wconf 76' lang='lat' dir='ltr'>praelatum</span> <span class='ocrx_word' id='word_1_378' title='bbox 1358 2713 1446 2755; x_wconf 79' lang='lat' dir='ltr'>suit,</span> <span class='ocrx_word' id='word_1_379' title='bbox 1479 2724 1584 2756; x_wconf 77' lang='lat' dir='ltr'>quom</span> 
     </span>
     <span class='ocr_line' id='line_1_40' title="bbox 194 2772 1587 2819; baseline 0 -14"><span class='ocrx_word' id='word_1_380' title='bbox 194 2773 284 2815; x_wconf 88' lang='lat' dir='ltr'>quod</span> <span class='ocrx_word' id='word_1_381' title='bbox 311 2772 378 2808; x_wconf 69' lang='lat' dir='ltr'>W.</span> <span class='ocrx_word' id='word_1_382' title='bbox 407 2774 481 2806; x_wconf 81' lang='lat' dir='ltr'>Du.</span> <span class='ocrx_word' id='word_1_383' title='bbox 507 2774 676 2817; x_wconf 69' lang='lat' dir='ltr'>plui-ulcu)</span> <span class='ocrx_word' id='word_1_384' title='bbox 698 2774 930 2810; x_wconf 73' lang='lat' dir='ltr'>necessarium</span> <span class='ocrx_word' id='word_1_385' title='bbox 959 2780 1132 2819; x_wconf 76' lang='lat' dir='ltr'>putarent.</span> <span class='ocrx_word' id='word_1_386' title='bbox 1181 2774 1248 2807; x_wconf 84' lang='lat' dir='ltr'>Sed</span> <span class='ocrx_word' id='word_1_387' title='bbox 1271 2779 1375 2818; x_wconf 80' lang='lat' dir='ltr'>porta</span> <span class='ocrx_word' id='word_1_388' title='bbox 1402 2773 1587 2808; x_wconf 72' lang='lat' dir='ltr'>collectiva</span> 
     </span>
    </p>
   </div>
  </div>
 </body>
</html>
