1630 3034
455 186 798 229 CATILINA.
874 185 1010 226 GAP.
1041 185 1109 227 LI.
1383 190 1471 230 255

95 306 245 362 modi,
311 304 389 363 qui
442 305 562 348 malo
617 301 895 361 reipublicae
960 307 1210 357 creverant,
1276 303 1472 363 iugulari

92 397 241 452 iussit,
297 395 395 454 quis
444 410 535 438 non
586 393 755 438 factum
809 393 911 437 eius
953 392 1208 436 laudabat?
1266 392 1473 438 homines

95 488 307 532 scelestos
343 492 388 531 et
429 486 661 540 factiosos,
705 483 782 542 qui
815 483 1102 528 seditionibus
1143 485 1473 544 rempublicam

97 580 454 638 exagitaverant,
498 577 659 620 merito
694 572 876 620 necatos
912 576 1099 619 aiebant.
1168 575 1262 619 Sed
1307 592 1361 619 ea
1403 592 1472 621 res
1484 582 1540 622 33

94 660 288 728 magnae
321 668 492 712 initium
525 667 661 711 cladis
694 667 939 719 fuit3'nam
974 666 1038 710 uti
1064 667 1250 724 quisque
1286 667 1474 712 domum

95 765 172 802 aut
205 759 384 815 villam,
428 764 657 817 postremo
706 763 780 801 aut
814 773 890 801 vas
937 763 1012 800 aut
1045 758 1355 802 vestimentum
1390 759 1475 802 ali-

96 851 220 894 cuius
247 850 610 908 concupiverat,
657 848 795 892 dabat
841 864 1052 907 operam,
1099 849 1161 892 uti
1204 849 1240 891 is
1282 850 1327 892 in
1361 864 1476 908 pro-

97 941 366 1000 scriptorum
399 954 585 983 numero
622 945 744 985 esset.
812 940 881 983 lta
913 940 994 995 illi,
1030 939 1190 998 quibus
1213 940 1544 1001 Damasippi34

96 1047 217 1077 mors
259 1031 426 1076 laetitia
471 1031 640 1086 fuerat,
689 1031 844 1090 paullo
887 1038 991 1090 post
1039 1031 1126 1090 ipsi
1168 1031 1475 1091 trahebantur,

97 1153 144 1195 L,
170 1152 204 1187 3.
248 1154 288 1187 ln
317 1153 404 1189 Edd.
437 1152 600 1195 Gruteri,
640 1152 771 1186 VVassii
803 1155 838 1186 et
868 1152 1108 1196 Haverkamp.
1150 1152 1266 1186 editur
1299 1155 1476 1198 eiusmodi,

97 1211 188 1254 quod
212 1211 315 1255 pauci
337 1215 453 1245 tenent
475 1211 574 1244 codd.
596 1229 642 1236 —
686 1210 782 1243 Malo
813 1211 956 1254 reipubl.
990 1211 1160 1245 Miillerus
1197 1221 1382 1254 perperam
1415 1225 1479 1256 pro

98 1267 217 1301 dativo
250 1268 375 1311 habet,
419 1268 595 1312 explicans
630 1265 689 1302 ἐπὶ
720 1269 820 1314 κακῷ
861 1270 926 1313 τῆς
956 1266 1107 1309 πόλεως.
1166 1268 1309 1302 Rectius
1341 1271 1480 1306 Cortius

99 1326 194 1358 malo
218 1336 280 1368 pro
307 1326 463 1360 ablativo
498 1326 625 1366 habet3
660 1325 828 1359 sententia
861 1326 953 1359 enim
994 1326 1107 1359 multo
1138 1325 1282 1370 gravior
1311 1328 1481 1370 redditur,

100 1382 132 1417 εἰ
154 1382 301 1416 istorum
324 1383 476 1426 potentia
506 1382 659 1425 pernicie
691 1382 902 1426 reipublicae
926 1383 1035 1417 allata
1057 1383 1143 1422 niti,
1177 1394 1282 1425 quam
1305 1384 1335 1417 si
1358 1390 1483 1428 parata

100 1439 307 1484 magnitudo
342 1440 386 1473 ad
427 1439 616 1483 pernicicm
657 1439 874 1483 reipublicae
915 1440 1068 1473 valuisse
1105 1439 1245 1473 dicitur.
1302 1440 1484 1486 Exemplis

99 1501 217 1531 tamen
239 1508 262 1530 a
285 1496 401 1531 Curtio
423 1495 540 1529 allatis
562 1507 632 1528 non
656 1501 730 1529 erat
755 1508 862 1540 opus3
893 1497 970 1540 quis
996 1496 1090 1530 enim
1115 1497 1157 1530 de
1179 1497 1361 1533 notissima
1383 1501 1484 1534 abla-
1557 1473 1590 1556 ἔ

93 1554 164 1589 .ῐίνί
185 1553 222 1587 vi
253 1553 487 1588 dubitaverit?
530 1553 646 1596 Quam
680 1552 741 1597 qui
767 1554 802 1587 h.
827 1555 852 1588 l.
888 1558 984 1588 recto
1017 1557 1122 1597 atque
1151 1554 1350 1599 incorrupto
1381 1569 1485 1592 sensu
1516 1558 1575 1591 ὁ»

99 1623 169 1646 non
194 1612 299 1646 fucrit
335 1616 531 1652 assecutus,
563 1623 644 1645 eum
667 1612 826 1655 exempla
855 1613 914 1646 vel
945 1612 1102 1655 plurima
1140 1623 1269 1656 parum
1300 1612 1483 1649 iuvabunt.
1546 1614 1549 1617 ’

100 1671 220 1714 Quare
257 1669 445 1703 insolenter
486 1668 697 1702 Gerlachius
735 1670 826 1702 malo
869 1669 1138 1713 interpretatur:
1178 1681 1225 1703 eo
1266 1675 1485 1715 tempore,

101 1738 168 1772 quo
200 1727 347 1771 respubl.
381 1727 547 1760 servitute
579 1738 742 1771 oppressa
771 1727 964 1761 tenebatur.
985 1745 1031 1752 -—-
1077 1729 1129 1761 De
1160 1727 1375 1771 temporibus
1406 1740 1486 1762 mu-

105 1784 190 1819 tatis
213 1785 314 1818 iussit
335 1804 381 1810 -—
406 1785 598 1826 laudabat,
631 1788 666 1818 et
688 1786 809 1829 paullo
831 1790 911 1829 post
934 1788 967 1828 §.
993 1785 1050 1821 34.
1083 1786 1313 1820 trahebantur
1339 1805 1385 1811 —-
1409 1787 1487 1830 fuit

102 1853 137 1877 v.
162 1842 207 1876 ad
231 1853 262 1875 c.
283 1843 327 1884 X,
344 1842 377 1876 1.
402 1843 446 1875 cf.
474 1842 561 1876 Tac.
583 1843 671 1876 Ann.
692 1843 735 1876 11.
758 1843 811 1877 12.
835 1859 883 1868 --
924 1844 1090 1877 scelestos
1112 1848 1147 1878 et
1163 1844 1353 1886 factiosos‚·
1375 1845 1487 1889 vulgo

103 1899 232 1943 copula
255 1900 373 1941 abest,
398 1911 504 1943 quam
527 1911 607 1934 cum
632 1900 846 1942 Gerlachio,
878 1901 1038 1935 omnibus
1071 1901 1145 1935 eius
1177 1900 1279 1935 libris
1309 1904 1344 1935 et
1375 1901 1488 1936 tribus

103 1957 225 1992 Leidd.
250 1957 508 1999 adiuvantibus,
531 1957 746 1999 addidimus;
773 1957 911 1992 Cottius
934 1962 1049 1992 tamen
1069 1958 1113 1991 de
1135 1959 1206 1992 suis
1228 1958 1317 1992 nihil
1340 1959 1488 1994 monuit.

105 2012 365 2048 Adiectivorum
389 2015 440 2048 ita
460 2014 722 2049 coniunctorum
745 2016 869 2049 eadem
891 2015 981 2050 ratio
1012 2015 1151 2050 videtur
1173 2019 1213 2049 ut
1234 2026 1337 2059 supra
1360 2016 1488 2056 c-L,2.

107 2072 211 2104 lectos
235 2076 268 2105 et
294 2072 495 2105 exercitatos
519 2072 556 2105 in
580 2072 785 2115 audaciam,
809 2073 859 2108 ita
883 2074 1044 2117 quidem,
1065 2078 1106 2106 ut
1127 2072 1301 2116 posterius
1324 2073 1368 2106 ad
1391 2072 1492 2116 prius

107 2127 350 2171 explicandum
382 2129 500 2162 valeat
522 2133 555 2162 et
576 2129 819 2164 definiendum.
834 2150 880 2157 --
925 2131 978 2164 De
1001 2130 1270 2174 exagitaverant
1300 2129 1491 2164 indicativo

108 2184 145 2219 in
168 2185 323 2218 oratione
345 2186 488 2229 obliqua
509 2186 706 2220 monuimus
729 2187 773 2220 ad
798 2198 827 2221 c.
851 2188 944 2228 xlv,
966 2187 1000 2220 7.

203 2244 236 2283 5.
270 2241 410 2275 33-34.
467 2253 622 2287 magnae
659 2244 795 2276 initium
834 2244 963 2287 cladis]
1009 2243 1128 2277 Struv.
1171 2244 1291 2277 Guelf.
1321 2243 1354 2278 7.
1391 2246 1426 2278 et
1455 2243 1503 2278 8.’

109 2309 264 2343 magnae
287 2299 378 2332 clad.
401 2299 478 2333 init.
525 2300 593 2332 Sed
616 2301 749 2334 duobus
770 2300 932 2345 genitivis
960 2301 1234 2343 substantivum,
1257 2312 1279 2336 a
1301 2314 1371 2345 quo
1405 2314 1492 2346 pen-

112 2358 225 2398 deant,
249 2368 352 2401 saepe
369 2356 543 2400 interponi
566 2361 658 2390 recte
681 2367 703 2390 a
722 2357 842 2391 Cortio
864 2362 899 2391 et
922 2359 966 2392 ad
989 2358 1025 2391 h.
1047 2359 1071 2391 l.
1094 2359 1266 2393 monitum
1289 2364 1361 2402 est,
1390 2364 1424 2394 et
1447 2360 1492 2394 ad

112 2414 185 2449 Cic.
228 2414 316 2457 Epp.
356 2414 401 2447 ad
433 2414 571 2447 Famm.
598 2414 652 2457 11,
679 2413 744 2455 17,
778 2414 852 2449 init.
899 2415 1095 2448 Ciceronum
1136 2427 1258 2449 caussa
1295 2427 1491 2461 puerorum.

112 2472 222 2506 Plura
251 2471 356 2505 huius
386 2472 573 2505 verborum
608 2472 845 2506 collocationis
882 2472 1044 2516 exempla
1075 2484 1117 2506 ex
1152 2473 1318 2507 Cicerone
1350 2474 1494 2519 collegit

115 2529 284 2562 Goerenz.
334 2528 379 2562 ad
418 2528 530 2573 Legg.
559 2530 629 2571 111,
658 2529 722 2569 10,
754 2527 810 2562 23.
850 2531 995 2573 periculi
1029 2530 1199 2564 rationem
1239 2533 1304 2566 sui.
1347 2533 1390 2566 de
1431 2533 1493 2567 Or.

112 2587 152 2626 l,
182 2584 247 2626 45,
273 2585 353 2621 199.
396 2597 595 2620 caussarum
636 2597 734 2620 usum
769 2588 972 2630 forensium.
1016 2588 1061 2621 cf.
1093 2588 1239 2622 eundem
1279 2591 1322 2624 nd
1363 2592 1494 2625 Acadd.

115 2643 300 2684 11‚28‚90.
324 2644 369 2677 ad
392 2642 552 2685 Finn.11,
569 2643 626 2684 14,
643 2642 698 2678 45.
724 2644 767 2678 ad
785 2648 872 2678 orat.
898 2644 934 2678 in
951 2645 1199 2687 Catil.11,1,l.
1227 2651 1260 2681 ct
1276 2648 1356 2682 Car.
1379 2648 1495 2682 Beier.

117 2700 164 2735 ad
186 2699 259 2734 off.
279 2700 327 2743 11,
342 2700 377 2742 7,
395 2700 453 2735 23.
477 2719 524 2726 —
575 2701 634 2736 Uti
664 2701 694 2735 is
726 2700 872 2745 plurimi
905 2703 1072 2747 praebent
1105 2703 1228 2746 codd.;
1259 2703 1295 2738 in
1317 2704 1496 2740 nonnullis
