1630 3034
101 171 132 213 2
474 169 522 213 G.
551 169 881 212 SALLUSTI
912 170 1131 215 CRISPI

69 291 297 346 2regatur.
369 286 489 330 Nam
533 292 687 330 contra
725 287 980 347 reputando
1015 302 1164 347 neque
1197 289 1340 333 maius
1375 289 1496 335 aliud

104 397 250 440 neque
285 382 596 442 praestabilius
631 383 849 440 iuvenies,
884 384 1118 446 magisque
1146 391 1330 429 naturae
1360 385 1496 430 indu-

69 478 256 524 3striam
289 477 521 525 hominum
557 493 693 539 quam
727 480 818 525 vim
853 486 928 525 aut
961 486 1141 542 tempus
1175 482 1346 527 deesse.
1399 481 1498 526 Sed

100 633 227 668 merito
246 631 475 677 vituperavit,
499 644 608 678 quum
629 635 697 669 ista
716 628 852 677 forma,
875 633 1065 670 serior-ibus
1082 636 1312 679 concedenda,
1337 637 1498 672 Ciceroni

100 695 244 738 eiusque
267 695 472 739 aequalibus
497 697 599 740 plane
618 696 784 731 inusitata
800 697 919 731 fuerit.
967 697 1064 730 Idem
1094 696 1239 732 eandem
1261 710 1339 732 rem
1354 698 1498 732 uberius

99 758 301 799 persecutus
332 759 385 791 est
414 757 450 792 in
472 757 588 792 Iahnii
617 757 751 792 Annali.
778 757 909 792 Philol.
936 761 971 791 et
998 757 1155 802 Paedag.
1183 769 1216 793 a.
1237 759 1342 794 1826.
1375 759 1452 793 Vol.
1469 759 1496 796 1.

99 817 185 851 fasc.
203 817 236 850 2.
261 828 296 861 p.
319 816 414 857 301„
437 818 568 853 reiecta
586 818 787 852 Gcrnhardi
806 818 986 859 sententia,
1013 818 1074 862 qui
1094 818 1139 852 ad
1156 819 1228 854 cic.
1251 820 1348 854 Lael.
1369 831 1398 854 c.
1418 820 1496 863 vn,

98 877 157 912 23.
181 881 216 912 et
231 878 276 912 ad
295 879 373 913 Cat.
392 879 444 913 M.
461 890 493 913 c.
514 879 576 921 xl,
597 878 656 914 35.
686 883 871 923 utramque
897 880 1051 913 formam
1070 880 1215 923 probat,
1247 880 1388 914 aurium
1405 879 1496 914 iudi-

99 938 153 973 cio
169 942 203 972 et
231 939 488 983 perspicuitatis
508 951 610 974 sensu
637 939 917 981 diiudicandum,
942 940 988 973 ad
1008 939 1121 973 Laelii
1136 951 1220 974 vcro
1240 951 1273 974 c.
1294 939 1411 981 xvn,
1434 939 1494 976 63.

97 998 149 1033 ita
163 999 364 1045 distinguit,
398 1003 438 1034 ut
456 1000 634 1034 imbecillis
648 999 685 1034 vi
704 999 913 1034 substantivi
940 999 1047 1044 poni,
1071 999 1260 1034 imbecillus
1277 1004 1395 1034 autem
1417 1005 1496 1034 tan·

99 1061 281 1094 tummodo
299 1060 509 1095 adiectivum
527 1070 602 1094 esse
619 1064 768 1102 statuat3
794 1072 884 1105 quae
903 1060 1072 1095 sententia
1099 1064 1135 1095 et
1151 1070 1213 1105 per
1234 1072 1271 1094 se
1292 1061 1417 1095 idonea
1437 1073 1495 1095 ra—

98 1123 193 1156 tione
209 1125 326 1163 caret,
366 1125 402 1156 et
421 1121 591 1156 similium
611 1122 866 1156 vocabulorum
884 1121 1085 1165 analogiam
1101 1121 1211 1156 habet
1230 1126 1496 1167 repugnantem.

98 1183 145 1218 ct'.
161 1183 270 1217 etiam
290 1183 371 1217 Car.
391 1182 509 1217 Beier.
531 1182 576 1217 ad
599 1182 671 1217 Cic.
691 1183 734 1217 de
752 1181 825 1218 off.
844 1182 898 1223 11,
921 1180 956 1223 8,
982 1181 1042 1216 29.
1066 1193 1101 1226 p.
1121 1181 1179 1217 61.
1202 1201 1249 1208 -—
1273 1185 1404 1216 Aenum
1421 1183 1444 1217 i.
1462 1194 1494 1218 e.

99 1246 236 1288 tempus
255 1243 300 1278 ad
318 1243 506 1278 vivendum
520 1255 733 1286 concessum,
754 1243 829 1278 sive
847 1248 958 1285 aetas,
983 1253 1052 1286 quo
1068 1254 1170 1277 sensu
1187 1243 1297 1277 etiam
1314 1243 1379 1277 alii
1394 1254 1494 1278 voca-

95 1304 180 1338 bulo
199 1308 355 1347 utuntur,
377 1306 476 1340 velut
491 1306 583 1342 Vell.
605 1306 653 1347 11,
677 1302 735 1345 89,
753 1303 787 1339 5.
813 1303 948 1337 Seneca
967 1303 1032 1347 Ep.
1051 1303 1179 1345 XCIX,
1199 1307 1288 1338 extr.
1311 1302 1400 1339 Hor.
1420 1305 1495 1340 Sat.

96 1365 143 1407 11,
165 1365 200 1406 6,
222 1363 282 1399 97.
327 1365 439 1400 Recte
458 1369 575 1400 tamen
599 1365 720 1400 Faber
748 1364 930 1407 observat,
955 1374 1064 1398 aurea
1083 1368 1198 1399 aetate
1215 1365 1403 1410 scriptores
1427 1378 1496 1400 non

96 1436 299 1469 usurpasse,
335 1424 403 1459 nisi
422 1429 462 1459 ut
481 1425 594 1459 maius
615 1425 794 1470 quoddam
811 1425 905 1459 vitae
926 1425 1080 1470 spatium
1095 1424 1345 1470 significarent.
1391 1427 1497 1471 Quod

97 1485 209 1531 igitur
231 1489 356 1521 natura
374 1485 557 1521 hominum
589 1486 670 1521 aevi
702 1487 721 1519 b
734 1497 809 1520 rev
822 1485 863 1520 is
884 1496 960 1520 esse
987 1485 1135 1530 dicitur,
1172 1485 1209 1520 id
1228 1487 1298 1521 hoc
1321 1487 1391 1522 sibi
1408 1488 1494 1530 vult,

97 1547 204 1582 etiam
222 1547 464 1593 longissimam
481 1548 593 1582 vitam
612 1551 731 1582 tamen
746 1547 889 1581 brevem
911 1557 997 1581 esse.

190 1609 223 1651 S.
246 1609 282 1644 2.
330 1609 426 1643 Nam
450 1614 571 1643 contra
593 1607 787 1652 reputando
810 1625 857 1633 -—
880 1605 1058 1650 invenies]
1088 1605 1217 1640 Contra
1241 1605 1381 1642 Cortius
1400 1609 1496 1642 male

98 1668 144 1705 ad
162 1670 315 1704 invenies
333 1669 476 1704 trahens
491 1668 589 1713 peius
605 1667 713 1703 etiam
725 1692 737 1710 ‚
760 1673 931 1712 tanquam
948 1668 1203 1701 substantivum
1215 1693 1226 1710 ‚
1248 1667 1496 1712 interpretatur

98 1732 379 1766 contrarium
410 1730 583 1772 invenies,
614 1731 784 1774 exemplis
806 1726 1030 1765 alienissimis
1057 1739 1151 1762 usus.
1197 1728 1275 1763 Non
1301 1733 1352 1764 est
1376 1734 1495 1771 autem

98 1802 185 1835 opus
202 1790 440 1826 demonstrare
467 1791 675 1825 adverbium
699 1801 775 1825 esse
794 1789 886 1834 quod
903 1789 1078 1835 significet
1101 1801 1121 1824 e
1138 1789 1331 1830 contrario,
1361 1789 1438 1825 sive
1455 1803 1496 1826 ex

99 1853 214 1888 altera
227 1857 353 1898 parte3
387 1863 422 1887 v.
440 1852 621 1886 nandium
640 1852 684 1886 de
695 1851 844 1887 Particc.
863 1851 954 1885 Lntt.
978 1851 1054 1884 Vol.
1074 1851 1116 1885 11.
1137 1862 1170 1894 p.
1191 1849 1271 1885 111.
1296 1852 1340 1893 ΙΙ,
1361 1851 1393 1887 l.
1413 1853 1495 1887 coll.

98 1925 133 1959 p.
157 1914 237 1948 122.
264 1913 298 1949 3.
324 1933 366 1939 -
391 1913 625 1958 Βερυιαηάο,
656 1913 749 1957 quod
771 1911 917 1956 plurimi
935 1911 1098 1945 viderunt
1121 1909 1402 1957 coniungendam
1421 1925 1497 1948 esse

99 1987 181 2009 cum
212 1975 389 2016 invenies,
422 1974 529 2008 iidem
551 1973 701 2013 mirifice
727 1975 903 2006 commate
922 1973 967 2006 ab
984 1984 1027 2006 eo
1046 1972 1288 2008 distinxerunt.
1334 1975 1497 2009 Ceterum

99 2048 168 2071 non
190 2048 270 2071 cum
298 2035 491 2071 Gerlachio
518 2033 770 2079 explicaverim
803 2044 851 2067 re
876 2033 1074 2067 accuratius
1099 2034 1392 2078 examinata,
1434 2036 1496 2070 sed

97 2098 229 2143 potius,
253 2098 284 2132 εἰ
307 2102 471 2132 accurate
495 2098 650 2141 cogites;
673 2095 760 2129 illud
787 2093 880 2128 enim
907 2105 1121 2138 quamquam
1139 2105 1241 2128 sensu
1268 2106 1336 2128 non
1361 2096 1497 2129 malum

100 2165 172 2202 est,
198 2164 314 2194 tamen
335 2171 356 2194 a
374 2158 535 2203 gerundii
558 2160 732 2202 potestate
749 2155 855 2190 nimis
871 2160 922 2190 est
941 2155 1108 2191 alienum.
1131 2175 1178 2181 —
1205 2155 1383 2199 Invenies,
1405 2156 1498 2200 quod

100 2221 285 2255 minimum
304 2216 451 2265 triginta
465 2218 564 2252 codd.
584 2222 719 2257 tenent,
754 2216 949 2259 recepimus
966 2229 1029 2260 pro
1049 2217 1196 2262 vulgato
1215 2217 1392 2259 invenias,
1417 2218 1498 2251 licet

100 2283 171 2317 hoe
197 2281 314 2316 Cortio
341 2280 555 2325 elegantius,
594 2278 785 2313 Gerlavlnio
816 2277 860 2311 ad
886 2277 955 2312 vim
985 2277 1177 2312 sentcntiae
1202 2277 1498 2313 accommodatius

103 2343 273 2378 videatur.
321 2343 373 2376 De
392 2341 568 2386 elegantia
585 2344 705 2378 turem
730 2338 790 2372 scd
807 2339 994 2372 sentcntiae
1017 2338 1208 2383 gravitati,
1234 2338 1263 2373 si
1282 2338 1364 2382 quid
1382 2338 1496 2380 video,

103 2406 261 2440 futurum
280 2404 379 2437 unice
394 2400 565 2437 com-enit.
612 2399 801 2435 Sallustius
820 2399 931 2439 enim,
967 2399 1087 2433 iudicii
1110 2399 1164 2433 sui
1180 2404 1313 2439 certus,
1344 2409 1412 2433 nou
1428 2399 1496 2432 hoc

104 2466 206 2500 dicit:
233 2464 262 2498 εἰ
286 2465 361 2508 quis
383 2469 540 2506 reputet,
558 2461 682 2505 sieri
703 2472 860 2505 posse,
887 2465 922 2494 ut
947 2458 1120 2499 inveniat,
1146 2460 1206 2493 scd
1227 2458 1387 2504 graviter
1403 2469 1496 2492 asse-

106 2530 206 2561 verat
227 2526 436 2570 profecto
469 2535 546 2558 cum
570 2523 798 2557 inventurum.
847 2519 1062 2566 Legitimum
1089 2524 1207 2553 nutem
1235 2531 1310 2553 csse
1339 2518 1496 2553 futurum

105 2588 140 2622 in
156 2585 398 2621 consecutione
423 2589 456 2619 ot
474 2584 695 2617 ronclnsionc
716 2583 775 2616 nbi
799 2589 893 2616 cert-1
922 2581 1130 2625 proponitur
1154 2579 1346 2621 sententia,
1384 2583 1418 2613 et
1436 2591 1496 2622 per

104 2661 142 2683 w
163 2652 256 2692 putet
274 2647 380 2680 futuri
402 2651 573 2690 potestate
593 2657 672 2678 cum
695 2644 886 2688 prm-scutis
912 2641 1131 2676 coniunctim
1150 2641 1299 2680 collata,
1330 2643 1364 2673 et
1381 2643 1495 2672 oeten-

105 2710 157 2743 dit
183 2709 269 2743 sutis
293 2710 453 2752 frequen<
470 2706 677 2750 scriptorum
698 2715 796 2741 usus:
835 2703 880 2737 cs.
901 2705 1071 2738 Goerenz.
1090 2703 1134 2736 ud
1155 2702 1227 2736 Cic„
1253 2701 1296 2735 do
1314 2700 1415 2733 Finn.
1433 2699 1494 2740 111,

106 2770 141 2812 8,
162 2763 219 2807 28'.
244 2781 275 2815 p.
292 2769 373 2804 3115.
408 2768 488 2803 oar.
519 2766 630 2803 ucicr.
655 2766 700 2802 ωι
721 2765 791 2800 om
815 2765 848 2809 1,
872 2764 931 2806 30,
954 2765 1033 2800 roo.
1057 2776 1092 2808 p.
1110 2761 1193 2798 236.
1215 2762 1246 2797 n·
1275 2760 1495 2795 considerare
