1630 3034
142 198 227 239 366
514 193 559 249 c.
589 191 917 235 sALLusrl
948 156 1171 236 csslsm

143 315 320 371 integra
363 309 483 352 fama
535 309 686 369 potior
740 309 845 367 fuit,
897 310 1129 371 improbus
1184 311 1533 371 intestabilisque

145 409 335 454 videtur.

283 502 491 548 LXVIII.
561 501 774 546 Metellus
821 508 1062 562 postquam
1107 503 1165 547 (le
1209 503 1343 548 rebus
1379 503 1537 563 Vagae

150 603 257 646 actis
296 600 538 660 comperit,
574 599 820 659 paullisper
855 606 1050 645 moestus
1088 616 1113 644 e
1150 584 1538 659 conspectuabit3

149 698 340 756 deinde,
384 697 460 741 ubi
506 697 570 740 ira
615 702 659 739 et
703 697 939 756 aegritudo
984 699 1204 758 permixta
1249 703 1349 742 sunt
1371 729 1384 752 ‚
1439 713 1542 741 cum

111 811 361 853 gmaxuma
398 808 506 838 cura
541 794 681 837 ultum
717 794 781 838 ire
816 795 993 838 iniurias
1029 795 1221 839 festinat.
1275 794 1542 855 Legionem,

149 907 304 952 Turpilii
329 908 455 951 fugam
478 904 574 944 casui
598 904 727 938 deberi.
776 906 908 939 Eodem
941 906 1045 939 modo
1077 917 1181 950 saepe
1205 911 1267 940 aut
1290 906 1466 950 particula
1486 905 1544 940 bi-

149 968 317 1004 membris
340 967 466 1001 effecta
497 966 636 1000 videtur
665 966 893 1010 interrogatio
908 990 916 1006 ,
953 977 1044 1009 quae
1070 967 1217 1010 simplex
1241 971 1375 1001 tantum
1400 972 1470 1009 est,
1495 967 1544 1001 si-

149 1030 291 1074 quidem
315 1028 529 1063 vocabnlum
560 1040 622 1072 per
645 1034 708 1063 aut
734 1027 889 1061 additum
914 1039 982 1061 non
1006 1039 1046 1061 ex
1073 1027 1313 1072 interrogandi
1336 1029 1438 1062 verbo
1461 1040 1545 1072 pen·-

149 1092 227 1131 det,
252 1090 310 1124 sed
337 1090 578 1123 tantummodo
595 1089 632 1122 in
654 1089 729 1123 eius
754 1090 890 1130 locum,
928 1089 971 1122 de
995 1100 1064 1132 quo
1089 1088 1287 1132 quaeritur,
1313 1089 1546 1124 substituitur.

149 1153 197 1186 cf.
222 1151 293 1185 Cic.
326 1151 369 1184 de
394 1150 467 1185 Off.
490 1150 565 1192 ΙΙΙ,
588 1149 654 1192 13,
679 1149 738 1185 54.
788 1151 947 1193 Quaero,
982 1150 1012 1183 si
1038 1150 1124 1183 haec
1157 1150 1366 1193 emptoribus
1388 1150 1547 1184 venditor

149 1225 218 1246 non
252 1212 399 1253 dixerit,
440 1223 537 1245 num
573 1211 752 1245 iniuste
795 1215 874 1244 aut
909 1210 1112 1253 improbe
1138 1209 1351 1254 fecerit?
1384 1209 1454 1244 Hic
1477 1221 1545 1244 non

150 1273 240 1307 duae
271 1276 350 1307 sunt
379 1271 663 1317 interrogationis
687 1274 823 1316 partes,
856 1282 1006 1315 quarum
1031 1272 1142 1305 altera
1168 1271 1210 1305 ad
1238 1270 1468 1313 iniustitiam,
1493 1271 1547 1306 al-

151 1341 227 1382 tera
251 1335 293 1369 ad
318 1334 582 1377 improbitatem
607 1339 763 1377 spectet,
790 1333 848 1366 sed
874 1333 1003 1366 iniuste
1034 1338 1115 1367 aut
1150 1333 1302 1377 improbe
1326 1344 1448 1374 voces,
1473 1333 1547 1367 iam

151 1399 252 1438 ante,
288 1406 393 1439 quam
426 1395 471 1428 ad
502 1407 584 1429 num
620 1395 854 1435 referrentur,
889 1393 1082 1435 discretae,
1108 1398 1272 1436 tanquam
1298 1405 1367 1428 una
1391 1393 1489 1428 notio
1511 1398 1572 1438 et·

154 1455 366 1490 coniunctim
391 1467 434 1489 ex
457 1455 734 1501 interrogatione.
757 1455 917 1499 pendent.
952 1454 1067 1489 Tacit.
1101 1454 1187 1488 Ann.
1207 1455 1266 1496 IV,
1290 1455 1347 1496 17,
1370 1455 1404 1489 2.
1454 1455 1547 1489 Acci-

153 1522 207 1552 tos
229 1517 408 1560 pontifices
429 1522 653 1560 percontatus
680 1522 755 1557 est,
787 1529 868 1551 num
901 1518 939 1551 id
959 1515 1118 1561 precibus
1142 1517 1363 1560 Agrippinae
1396 1522 1459 1551 aut
1483 1516 1550 1550 mi-

154 1578 209 1611 mis
233 1577 461 1611 tribuissent?
492 1577 517 1612 i.
546 1589 577 1611 e.
613 1589 697 1611 num
728 1577 764 1611 id
800 1577 1014 1622 Agrippinae
1047 1576 1264 1619 tribuissent,
1298 1577 1456 1621 precanti
1487 1580 1551 1611 aut

155 1638 316 1673 minanti.
363 1638 465 1672 Patet
496 1636 606 1682 igitur
640 1642 704 1672 aut
736 1637 771 1670 in
802 1636 1103 1671 enunciationibus
1132 1637 1430 1682 interrogantibus
1461 1637 1550 1672 nihil

156 1701 200 1734 ad
223 1699 335 1744 ipsam
364 1698 674 1743 interrogationem
700 1696 882 1741 pertinere,
907 1697 965 1730 sed
991 1697 1113 1730 eadem
1138 1697 1172 1731 vi
1197 1699 1347 1741 positum
1371 1710 1457 1740 esse,
1481 1709 1551 1742 qua

155 1759 192 1794 iu
217 1759 420 1793 universum
445 1758 506 1792 uni
529 1758 661 1793 notioni
686 1758 835 1793 alteram
867 1757 1069 1799 substituit,
1094 1758 1137 1792 de
1159 1770 1228 1802 qua
1252 1770 1284 1793 r.
1309 1759 1353 1793 ad
1377 1770 1406 1793 c.
1431 1759 1491 1803 111,
1515 1759 1549 1794 2.

155 1821 265 1863 Lxll,
290 1821 323 1854 1.
487 1866 490 1867 ⁷

249 1882 318 1916 πίει·
340 1901 385 1907 -
413 1880 575 1925 videtur]
617 1880 696 1915 Nisi
729 1879 941 1914 Gerlachius
975 1879 1233 1914 adversativam
1263 1883 1298 1914 et
1330 1881 1550 1925 exceptivam

157 1942 229 1977 vim
265 1943 397 1977 habere
427 1946 564 1983 censet3
598 1942 659 1976 sed
693 1942 796 1975 istam
829 1940 1039 1984 particulam
1072 1951 1154 1973 cum
1183 1940 1323 1975 videtur
1356 1941 1465 1975 verbo
1489 1952 1551 1985 per

158 2004 299 2048 ellipsin
325 2008 429 2047 atque
452 2004 692 2038 attractionem
716 2002 889 2045 quandam
914 2001 1082 2035 contineri
1105 2012 1212 2045 supra
1235 2001 1305 2036 iam
1331 2001 1483 2036 diximus
1506 2002 1551 2036 ad

157 2077 190 2100 c.
213 2065 340 2106 xxw,
363 2063 396 2100 5.
445 2063 565 2106 Neque
589 2061 682 2096 cuim
707 2064 819 2097 videri
842 2062 1033 2106 excipitur,
1067 2063 1125 2096 sed
1148 2063 1208 2104 id,
1232 2063 1325 2106 quod
1349 2062 1464 2097 minus
1487 2063 1550 2097 du-

158 2126 258 2161 bium
281 2129 391 2167 esset,
415 2124 585 2168 excipitur
604 2136 646 2158 ex
670 2135 731 2166 eo,
767 2125 860 2167 quod
884 2135 1008 2167 parum
1032 2127 1120 2157 esset
1154 2127 1385 2167 compertum.
1432 2124 1554 2168 Quare

158 2199 266 2231 quum
305 2187 408 2230 plena
440 2185 598 2220 oratione
628 2185 679 2219 ita
714 2184 898 2218 dicendum
935 2185 1073 2218 fuisset:
1108 2183 1175 2218 nisi
1207 2185 1269 2218 hoc
1303 2189 1437 2219 constat
1462 2195 1552 2226 eum,

159 2248 244 2292 quia
267 2267 312 2272 —
346 2246 433 2290 ruit,
475 2246 676 2290 improbum
710 2246 1012 2289 intestabilemque
1046 2245 1178 2286 videri,
1210 2245 1396 2280 Sallustius
1424 2245 1553 2280 omisso

160 2309 280 2354 priore
304 2309 413 2342 verbo
438 2308 528 2341 unde
551 2307 730 2351 sequentia
753 2308 902 2351 pendere
924 2307 1114 2347 debebant,
1143 2307 1256 2350 ipsum
1281 2307 1391 2340 videri
1413 2305 1458 2340 ad
1484 2306 1554 2340 nisi

161 2370 282 2404 retulit
313 2373 347 2403 et
382 2368 481 2402 finito
518 2372 674 2411 tempore
706 2368 831 2412 posuit.
890 2368 1005 2402 Simul
1038 2372 1134 2411 patet
1165 2379 1291 2411 parum
1328 2367 1553 2411 comperimus

161 2442 263 2466 sensu
286 2429 485 2464 indefinitae
511 2429 672 2463 dictionis
699 2429 905 2473 capiendum
938 2440 1032 2469 esse,
1065 2429 1165 2472 quasi
1189 2429 1232 2463 sit
1255 2439 1380 2473 parum
1405 2431 1552 2461 constat.

162 2492 216 2524 De
245 2495 413 2535 potestate
444 2491 632 2534 comperire
665 2489 762 2523 verbi
803 2501 835 2524 V.
870 2490 912 2524 ad
944 2502 972 2523 c.
1009 2490 1116 2529 XUl,
1149 2489 1182 2522 2.
1210 2508 1255 2514 —-
1283 2490 1428 2533 Integra
1443 2490 1552 2531 fama

166 2563 286 2586 omncs
311 2552 392 2585 libri
416 2556 552 2595 tenent,
585 2551 735 2595 exceptis
767 2552 835 2585 lnc.
862 2551 891 2584 1.
917 2555 951 2584 et
982 2551 1086 2584 Fabr.
1112 2550 1146 2583 2.
1172 2550 1230 2593 qui
1257 2550 1345 2583 haec
1368 2549 1475 2582 verba
1499 2548 1552 2582 in-

167 2624 268 2646 verso
303 2613 424 2646 ordino
459 2613 635 2647 exhibent.
693 2614 781 2646 Eum
817 2611 977 2653 Curtius,
1020 2616 1183 2655 tunquam
1217 2610 1307 2644 mori
1338 2609 1553 2644 Sallustiano

169 2673 285 2718 magis
308 2685 526 2718 congruum,
559 2679 689 2707 temere
715 2672 750 2706 in
783 2677 915 2705 textum
947 2673 1096 2716 rccepit3
1127 2683 1208 2706 nam
1232 2671 1421 2705 sententiae
1445 2671 1496 2705 vis
1520 2671 1554 2705 in

171 2734 345 2769 adiectivo
369 2734 467 2768 inest.
515 2735 609 2768 ldem
628 2735 717 2777 suit,
741 2734 832 2776 quod
858 2734 1098 2767 tantummodo
1128 2734 1161 2767 in
1186 2732 1329 2766 Eccard.
1359 2738 1392 2765 et
1416 2732 1497 2766 Seu.
1523 2731 1554 2765 l.

171 2793 293 2837 deest,
331 2793 457 2828 omisit.
485 2812 528 2821 -—
562 2795 773 2829 Intestabilis
805 2794 946 2838 proprie
978 2798 1048 2836 est,
1082 2793 1142 2837 qui
1176 2804 1286 2836 neque
1311 2796 1554 2827 testamentum
