1630 3034
453 179 1014 224 PRAEFATIO.
1358 194 1437 222 xxv

40 298 369 360 peditis-simum
411 296 586 343 habere
629 313 788 356 usum,
831 297 967 346 etiam
1006 296 1054 342 in
1091 296 1256 359 prioris
1303 297 1439 342 volu-

41 381 169 425 minis
210 379 342 424 variis
384 379 655 424 lectionibus
709 377 1010 439 congerendis
1055 376 1098 425 ei
1140 378 1329 434 accidit,
1388 384 1441 423 ut

42 461 279 506 nonnullas
336 473 516 515 earum,
576 475 689 518 quas
744 458 922 507 Cottius
975 463 1020 503 et
1080 457 1442 519 Havercampius

45 542 282 601 praebent,
316 539 556 598 omitteret,
590 546 878 601 receptarum
909 545 1059 584 autem
1093 540 1319 584 interdum
1353 555 1443 599 pa-

45 636 146 665 rum
181 627 340 682 aptum
375 625 421 665 et
454 627 714 666 accuratum
750 620 958 665 ordinem
992 621 1252 665 institueret.
1309 618 1442 679 Ope-

45 717 143 746 ram
185 702 325 762 igitur
369 700 601 758 dabimus,
647 707 697 746 ut
742 702 859 746 nihil
892 701 1007 746 desit
1041 700 1241 747 omnium
1276 699 1443 743 lectio-

48 796 180 838 num,
215 796 334 842 quae
369 786 415 826 et
449 786 552 826 ante
587 781 902 837 Gerlachium‚
938 785 983 825 et
1017 780 1076 824 ab
1111 780 1227 840 ipso,
1265 786 1310 824 et
1338 785 1445 839 post

50 877 156 907 eum
193 877 219 906 e
254 860 392 908 codd.
429 863 636 921 prolatae
669 867 794 917 sunt,
823 867 920 905 tum
953 865 1005 907 ut
1038 861 1118 905 tali
1153 861 1313 904 ordine
1348 860 1444 903 dis-

49 948 297 1001 ponantur,
335 955 390 986 ex
434 957 528 1001 quo
565 948 610 985 et
644 943 1003 1002 corruptelarum
1039 955 1245 996 caussae,
1282 946 1327 984 et
1361 953 1444 984 co-

48 1022 201 1067 dicum
236 1021 349 1066 inter
395 1038 442 1067 se
474 1022 784 1067 similitudines
829 1021 969 1066 facile
1003 1026 1275 1080 appareant,
1312 1020 1444 1063 deni-

45 1118 135 1160 que
170 1107 220 1146 ut
253 1103 413 1160 quovis
448 1104 554 1147 loco
590 1107 800 1147 accurate
833 1101 1080 1158 indicetur,
1114 1100 1226 1160 quid
1261 1099 1446 1145 codices

51 1196 208 1226 revera
241 1181 511 1240 praebeant,
548 1188 646 1236 aut,
693 1182 772 1228 ubi
807 1182 1032 1226 editorum
1067 1181 1239 1227 incuria
1272 1180 1446 1224 factum

49 1268 136 1319 est,
173 1268 223 1305 ut
257 1260 352 1305 hoc
386 1261 488 1305 sciri
521 1269 741 1328 nequeat,
787 1268 837 1307 ut
872 1268 996 1308 certe
1028 1261 1122 1306 hoc
1156 1263 1306 1321 ipsum
1340 1274 1446 1303 mo-

53 1348 230 1393 neatur,
276 1356 335 1385 ne
380 1340 416 1383 si
459 1340 575 1384 nihil
611 1342 786 1387 dictum
828 1342 883 1386 sit
915 1347 1087 1385 temere
1122 1356 1226 1387 cum
1261 1341 1449 1399 vulgata

49 1419 299 1465 consentire
333 1418 586 1464 videantur.
656 1422 728 1467 Ac
763 1421 978 1480 quoniam
1012 1427 1110 1466 tum
1146 1421 1206 1466 de
1241 1419 1449 1480 singulo-

49 1516 149 1544 rum
194 1498 405 1545 codicum
456 1506 637 1546 externa
682 1506 728 1544 et
770 1501 943 1545 interna
976 1501 1152 1545 ratione
1198 1499 1448 1546 accuratius

47 1579 281 1640 agendum
316 1579 423 1637 erit,
461 1595 517 1625 eo
551 1579 739 1640 negotio
774 1595 894 1626 nunc
929 1581 1115 1641 quidem
1150 1579 1449 1640 supersedere

46 1674 302 1719 possumus,
336 1660 599 1719 praesertim
635 1675 775 1719 quum
810 1660 871 1705 ad
906 1661 1090 1707 codices
1126 1658 1448 1720 significandos

47 1740 208 1785 iisdem
250 1739 388 1800 signis
433 1745 485 1785 ut
531 1741 706 1800 priores
741 1740 935 1786 editores
971 1742 1038 1786 usi
1073 1742 1231 1796 simus,
1276 1740 1340 1783 ita
1384 1743 1450 1793 ut,

53 1821 90 1864 si
138 1820 212 1865 cui
257 1834 374 1879 opus
417 1819 646 1871 videatur,
682 1820 818 1865 facile
854 1835 909 1866 ex
944 1821 1088 1867 Cottii
1121 1818 1450 1876 Gerlachiique

52 1900 176 1947 editt.
214 1914 373 1945 eorum
407 1900 564 1944 notitia
597 1901 692 1961 peti
726 1901 878 1961 possit.
960 1901 1067 1945 Hoc
1101 1915 1240 1945 unum
1276 1899 1450 1943 addere

51 1981 230 2040 placet,
273 1996 348 2026 me
390 1995 482 2024 non
526 1981 675 2040 magis
719 1997 857 2040 quam
893 1980 1193 2029 Gerlachium
1236 1978 1451 2026 codicum

50 2077 162 2120 quas
199 2061 356 2106 dicunt
390 2061 583 2105 familias
616 2061 885 2121 investigare
923 2062 1139 2122 potuisse,
1174 2074 1450 2120 quamquam

50 2148 100 2186 ut
133 2141 182 2186 id
216 2141 315 2186 fieri
360 2147 514 2199 posset
556 2156 730 2185 summa
772 2156 881 2187 cura
924 2144 1165 2202 scripturas
1199 2139 1450 2201 ponderavi

54 2227 99 2265 et
143 2221 257 2264 inter
301 2236 350 2265 se
402 2221 594 2277 contuli,
636 2237 730 2280 quo
776 2237 934 2266 eorum
981 2228 1104 2268 certe
1148 2222 1451 2266 satisfacerem

55 2300 309 2355 desideriis,
359 2302 459 2358 qui,
505 2302 585 2345 nisi
630 2303 674 2345 in
709 2302 811 2361 ipso
858 2302 1008 2362 operis
1043 2302 1223 2346 introitu
1258 2301 1451 2346 familias

55 2381 157 2423 istas
205 2386 250 2424 et
292 2381 455 2425 classes
502 2382 740 2442 dispositas
783 2382 961 2438 vident,
998 2384 1210 2429 continuo
1256 2383 1453 2428 clamant

59 2461 218 2504 frustra
255 2460 535 2506 elaboratum
572 2478 692 2517 esse,
730 2479 876 2521 neque
912 2463 1052 2507 ullam
1087 2463 1294 2523 scriptori
1329 2461 1454 2505 salu-

59 2551 147 2585 tem
194 2541 276 2585 nisi
319 2542 376 2585 ab
426 2558 481 2586 eo
530 2544 608 2600 qui
654 2544 816 2588 classes
865 2544 1039 2587 noverit
1089 2549 1133 2588 et
1180 2541 1455 2588 constituerit

60 2622 248 2680 sperari
277 2636 424 2680 posse.
508 2622 603 2666 Sed
647 2623 839 2667 viderint
883 2624 980 2681 isti,
1024 2639 1130 2667 num
1175 2624 1234 2668 ad
1283 2630 1454 2668 certam

61 2702 256 2761 aliquam
284 2708 329 2746 et
351 2718 635 2747 communem
668 2704 890 2763 originem
920 2704 1122 2750 revocari
1142 2705 1312 2764 possint
1336 2702 1454 2755 libri,
