1630 3034
178 185 259 225 512
539 178 584 220 C.
613 175 941 220 SALLUSTI
979 174 1205 219 GRISPI

179 297 311 353 dere,
346 294 443 355 ipse
479 294 537 339 ab
574 293 697 338 nullo
731 297 963 352 repetere,
999 292 1144 353 magis
1174 291 1222 336 id
1256 291 1486 347 laborare,
1521 298 1586 336 ut'

179 394 243 439 illi
286 407 422 452 quam
462 389 642 451 plurimi
686 389 924 444 deberent,
973 390 1074 433 ioca
1121 394 1258 446 atque
1305 388 1420 433 seria
1465 402 1568 432 cum

119 488 450 536 '3humillumis
481 502 642 548 agere,
686 486 732 530 in
768 486 1008 545 operibus,
1051 486 1095 529 in
1128 485 1306 546 agmine
1342 491 1476 543 atque
1512 484 1571 528 ad

180 587 354 649 vigilias
400 585 565 629 multus
610 582 796 640 adesse,
841 598 988 641 neque
1020 582 1222 640 interim,
1271 581 1397 640 quod
1432 596 1572 641 prava

180 684 365 729 ambitio
411 682 549 740 solet,
599 679 791 725 consulis
837 685 914 723 aut
957 679 1219 738 cuiusquam
1254 678 1363 723 boni
1405 678 1572 722 famam

181 781 395 839 laedere,
450 776 764 823 tantummodo
811 792 958 835 neque
1014 777 1199 821 consilio
1248 791 1396 835 neque
1438 790 1573 820 manu

180 956 346 997 XLVIII,
372 952 420 996 5.,
444 953 507 987 ubi
539 952 610 986 iam
636 963 669 995 p.
701 949 783 986 223.
813 950 858 984 ab
888 950 955 984 hoc
978 962 1097 984 errore
1119 951 1313 985 cavendum
1337 962 1412 986 esse
1433 951 1582 1000 monui-⁸

178 1030 272 1053 mus.
296 1036 343 1042 —
366 1017 419 1050 De
441 1014 570 1060 plurali
601 1011 862 1057 tempestatibus
886 1022 920 1045 V.
945 1012 988 1046 ad
1013 1012 1172 1054 Lxxm,
1197 1012 1230 1046 7.

275 1079 308 1120 ἓ.
333 1076 368 1111 2.
414 1087 478 1120 per
496 1086 532 1109 se
553 1074 653 1119 ipse]
678 1073 801 1114 Haec,
823 1083 933 1116 quum
958 1073 1122 1117 opposita
1143 1072 1212 1108 sint
1238 1073 1355 1108 verbis
1377 1073 1494 1108 multis
1516 1085 1574 1108 ro·

179 1139 371 1185 gantibus‚
405 1136 604 1182 significant
634 1146 700 1168 sua
731 1138 871 1178 sponte,
909 1145 978 1167 mm
1001 1139 1159 1180 rogatus.
1205 1133 1377 1168 Dictiouis
1399 1134 1494 1169 ratio
1519 1135 1573 1168 fa·

177 1201 249 1235 cile
273 1198 407 1244 patebit
430 1209 473 1231 ex
496 1195 598 1231 dictis
625 1196 670 1230 ad
706 1205 737 1229 c.
762 1194 856 1236 XIV,
880 1193 914 1229 4.
945 1206 979 1238 p.
1002 1193 1073 1238 71„
1105 1195 1135 1228 si
1158 1195 1263 1229 modo
1286 1194 1459 1237 tenueris,
1483 1195 1575 1239 quod

179 1262 231 1296 ibi
255 1262 299 1295 de
321 1261 422 1295 rebus
439 1258 592 1298 valebat,
616 1255 677 1289 hic
702 1255 746 1288 ad
767 1267 952 1300 personam
976 1255 1172 1302 agendique
1196 1267 1338 1290 caussas
1360 1259 1575 1300 spectare.—

180 1325 238 1357 Ea
260 1323 298 1356 h.
324 1322 349 1355 Ι.
375 1317 601 1364 oppositionis
628 1327 752 1351 caussa
783 1316 940 1350 additum
968 1320 1030 1350 est.
1052 1334 1098 1342 —
1121 1317 1291 1361 Repetere
1322 1317 1578 1352 illustravimus
1604 1328 1606 1330 ·

176 1395 286 1428 supra
309 1382 354 1417 ad
388 1394 417 1415 c.
440 1379 623 1419 LXXXV,
645 1378 703 1412 37.
729 1396 774 1402 ——
809 1377 880 1412 Pro
904 1377 956 1411 illi
988 1380 1123 1421 poterat
1146 1377 1338 1412 Sallustius
1359 1379 1425 1413 sibi
1447 1379 1574 1422 dicere,

176 1445 209 1479 si
232 1446 325 1479 hanc
348 1441 627 1477 enunciationem
652 1439 696 1474 ad
720 1438 841 1472 Sullae
864 1442 1016 1472 mentem
1043 1437 1242 1481 retulisset,
1276 1443 1316 1473 ut
1337 1439 1503 1483 poscebat
1526 1440 1577 1473 le-

178 1506 326 1551 gitimus
351 1501 532 1548 cogitandi
555 1501 661 1541 ordo3
695 1500 755 1534 sed
786 1511 894 1543 quum
910 1499 1008 1533 haud
1039 1498 1206 1533 inusitata
1227 1499 1437 1544 scriptorum
1461 1500 1577 1546 negli-

103 1562 115 1573 '
176 1566 300 1612 geutia
337 1565 374 1599 in
398 1563 538 1606 incepta
562 1560 777 1606 cogitatione
806 1571 875 1594 nou
899 1562 1081 1605 pergeret,
1115 1560 1175 1594 sed
1198 1571 1240 1594 ex
1263 1560 1338 1595 eius
1353 1587 1364 1603 ‚
1388 1573 1493 1605 quem
1516 1573 1574 1596 co-

178 1627 354 1673 gitantem
386 1625 570 1659 induxerat
603 1624 719 1655 mente
756 1621 794 1655 in
825 1633 926 1656 suam
958 1621 1070 1665 ipsius
1101 1632 1286 1666 personam
1319 1622 1499 1665 transiret,
1533 1633 1577 1657 eo

176 1689 313 1723 factum
337 1690 412 1729 est,
456 1688 495 1719 ut
529 1694 594 1728 pro
618 1681 784 1717 reflexivo
808 1682 1015 1726 pronomine
1038 1682 1354 1719 demonstrativum
1377 1685 1576 1727 ponendum

175 1751 279 1783 esset.
328 1746 367 1779 ld
399 1744 576 1779 liberioris
598 1746 795 1778 structurae
817 1753 930 1786 genus
963 1741 1000 1775 iu
1030 1742 1231 1776 universum
1255 1743 1508 1787 explicavimus
1530 1744 1575 1778 ad

175 1821 209 1846 c.
234 1809 291 1850 lv,
315 1806 348 1843 6.
373 1819 409 1851 p.
433 1805 492 1840 25.
524 1815 648 1839 veram
684 1803 759 1837 eius
793 1813 953 1837 caussam
984 1804 1161 1847 perspexit
1192 1804 1298 1838 etiam
1332 1803 1515 1848 Zumptius
1539 1804 1574 1838 in
1622 1809 1624 1811 ’

176 1858 340 1904 Granum.
364 1868 440 1901 Lat.
465 1868 498 1909 §.
523 1865 580 1907 78,
604 1865 639 1908 7,
659 1877 690 1900 c.
715 1867 787 1898 not.
808 1863 842 1896 1.
866 1862 995 1907 pstffiss.
1021 1864 1075 1899 ed.
1091 1865 1149 1899 IV.
1172 1865 1387 1899 Ramshorn.
1412 1865 1574 1900 Gramm.

177 1932 256 1966 Lat.
286 1932 320 1973 §.
343 1927 425 1964 158.
448 1927 482 1961 6.
510 1938 544 1962 a.
568 1926 601 1960 2.
634 1938 670 1971 p.
694 1924 776 1959 350.
800 1924 854 1957 ed.
889 1925 917 1958 1.
957 1925 1137 1960 Daehnius
1160 1926 1205 1960 ad
1232 1926 1320 1970 Nep.
1344 1926 1437 1961 Mitt.
1461 1938 1492 1960 c.
1516 1927 1575 1969 lv,

175 1993 211 2028 5.
239 1993 333 2037 Aug.
371 1988 544 2035 Matthia-s
576 1987 620 2021 ad
658 1986 730 2020 Cic.
756 1997 790 2029 p.
826 1985 931 2020 Rosc.
967 1986 1045 2020 Am.
1071 1998 1102 2021 c.
1128 1985 1195 2028 34,
1220 1986 1278 2020 96.
1333 1987 1446 2030 Tene,
1470 1999 1575 2033 quum
1611 2006 1616 2008 ν

177 2054 285 2088 ceteri
307 2051 429 2086 socii
452 2050 506 2084 tui
520 2052 694 2094 sugerent
717 2060 759 2081 ac
783 2058 827 2081 se
849 2048 1082 2089 occultarent,
1107 2051 1147 2081 ut
1170 2047 1232 2081 hoc
1255 2047 1423 2082 iudicium
1445 2060 1513 2082 non
1530 2049 1575 2084 de

176 2115 367 2149 illorum
388 2110 527 2156 praeda
553 2110 637 2154 fieri
659 2109 856 2150 videretur,
889 2109 1103 2154 potissimum
1129 2107 1194 2142 tibi
1214 2113 1335 2152 partes
1358 2110 1445 2144 istus
1469 2110 1575 2155 depo-

174 2174 349 2221 poscisse!
390 2171 552 2206 Mueller.
579 2170 624 2205 ad
647 2181 700 2205 or.
732 2182 768 2214 p.
793 2168 884 2205 sest.
912 2181 941 2203 c.
967 2167 1025 2210 24,
1049 2166 1107 2202 54.
1156 2167 1235 2202 Hac
1264 2173 1368 2204 tanta
1387 2170 1575 2214 perturba-

178 2238 273 2271 tione
306 2233 460 2269 civitatis
490 2244 534 2266 ne
565 2236 700 2266 noctem
734 2230 872 2276 quidem
896 2230 1110 2275 consules
1133 2228 1226 2263 inter
1247 2241 1360 2263 meum
1389 2231 1573 2265 discrimen

177 2302 212 2332 et
245 2306 400 2331 eorum
435 2293 608 2339 praedam
639 2292 804 2326 interesse
824 2292 923 2336 passi
953 2294 1045 2325 sunt.
1077 2290 1246 2324 Goerenz.
1279 2290 1324 2324 ad
1350 2291 1460 2336 Legg.
1485 2291 1512 2333 1,
1537 2291 1572 2333 7,

176 2357 237 2393 23.
276 2357 407 2400 Quibus
430 2359 549 2389 autem
570 2354 657 2388 haec
677 2358 757 2388 sunt
782 2354 874 2388 inter
897 2364 970 2387 cos
995 2352 1200 2386 communia.
1225 2351 1387 2385 Bremius
1413 2352 1458 2386 ud
1485 2351 1572 2396 Nep.

177 2417 334 2452 Hannib.
368 2429 400 2451 c.
429 2415 500 2456 XI,
524 2414 560 2449 3.
609 2416 652 2448 At
689 2415 908 2448 Eumenes
939 2414 1055 2447 soluta
1091 2412 1238 2457 epistola
1262 2413 1351 2447 nihil
1372 2414 1408 2447 in
1433 2424 1475 2447 ea
1506 2424 1572 2447 re-

175 2479 328 2524 perit,
353 2477 421 2510 nisi
443 2476 534 2521 quod
557 2475 606 2509 ad
631 2474 846 2509 irridendum
871 2486 963 2508 eum
986 2475 1189 2518 pertineret.
1238 2474 1336 2508 Haec
1359 2484 1571 2518 quamquam

177 2538 382 2584 planissima
412 2542 516 2579 suut,
553 2540 669 2570 tamen
701 2534 923 2570 acutissimus
955 2534 1165 2569 Gerlachius
1193 2546 1285 2569 nova
1317 2534 1474 2569 doctrina
1495 2545 1571 2567 rem

179 2611 217 2633 se
248 2598 464 2642 expedivisse
496 2598 692 2644 gloriatur,
722 2597 851 2631 docens
881 2594 979 2637 „vim
1013 2595 1142 2630 Gracci
1174 2595 1389 2638 pronominis
1412 2592 1526 2634 αὐτός
1548 2605 1570 2629 a

178 2658 350 2695 Sallustio
385 2671 458 2693 esse
487 2657 738 2703 expressam!“
776 2658 855 2690 Hoc
878 2655 1045 2689 nimirum
1069 2660 1121 2689 est
1142 2654 1250 2697 illud,
1270 2655 1376 2701 ‘quod
1401 2653 1569 2698 Quinctil.

181 2721 243 2762 lx,
269 2718 305 2762 3,
320 2718 376 2752 17.
403 2719 469 2753 ait:
499 2720 682 2753 Graeca
706 2728 787 2752 vero
810 2717 1050 2752 translata
1076 2717 1132 2749 vel
1158 2717 1318 2750 Sallustii
1339 2715 1567 2760 plurima!—

182 2782 261 2815 Ioca
285 2786 391 2824 atque
413 2780 505 2814 seria
538 2777 741 2823 saepissime
763 2781 801 2813 ut
824 2777 984 2821 opposita
1007 2776 1284 2822 coniunguntur-3
1309 2787 1340 2809 v.
1368 2775 1568 2811 Doederlini
