1630 3034
394 201 472 246 CA
486 200 734 243 'r-ILINA.
780 199 918 242 CAP.
947 197 1106 242 XXVI.
1353 204 1437 245 125

57 319 340 378 provinciae·
364 316 651 377 perpulerat,
695 330 750 359 ne
775 320 940 359 'contra
974 315 1299 374 rempublicam
1333 331 1436 360 sen—

54 409 180 460 tirem
214 408 383 453 circum
417 423 471 452 se
505 406 728 466 praesidia
760 406 1006 450 amicorum
1042 413 1176 463 atque
1210 406 1436 450 clientium

57 500 233 550 occulte
267 499 489 550 habebat.>
530 498 792 554 Postquam
841 495 938 539 dies
985 496 1433 552 comitiorum-venit,
1458 507 1483 548 5

58 596 102 634 et
133 590 376 639 2C2atilinae
419 602 597 652 ⁴neque·
642 587 799 646 petitio
863 601 1010 644 neque
1064 587 1271 643 insidiae,
1327 603 1436 647 quas

57 676 243 729 Consuli
289 680 333 722 in
377 694 541 738 campo
585 678 777 731 fecerat,
820 691 1038 736 prospere
1082 691 1277 733 cessere,
1325 693 1437 723 con—

56 770 192 813 stituit
248 771 421 814 bellum
477 769 628 814 iacere
674 775 720 812 et
771 774 987 811 extrema·
1026 769 1175 811 omnia
1234 771 1438 828 experiri,

56 861 266 918 quoniam
288 902 293 907 .
314 875 430 919 quae
483 860 662 909 occulte
713 864 955 904 tentaverat
1011 874 1170 918 aspera
1212 860 1440 919 foedaque

59 958 307 1016 egenerant.

150 1110 182 1151 ἓ.
207 1107 241 1142 3.
288 1109 401 1142 multa
427 1107 618 1152 pollicendo
649 1118 714 1152 per
746 1106 931 1150 Fulviam]
967 1105 1229 1141 Revocavimus
1260 1106 1440 1150 antiquam

56 1165 387 1209 interpunctionem.
419 1177 503 1208 qua,
523 1169 696 1198 commate
727 1170 804 1207 post
833 1166 991 1198 Fulviam
1023 1164 1261 1208 distinguitur.
1309 1166 1441 1198 Parum

59 1224 215 1258 consulto
238 1223 419 1266 Bipontini
451 1223 680 1265 scripserant:
708 1223 820 1255 ‘mzdta
842 1223 1049 1265 pollicendo,
1078 1233 1144 1266 per
1167 1222 1206 1254 F.
1226 1226 1315 1261 ete.‚
1347 1222 1442 1264 quod

59 1285 243 1322 propterea
267 1280 370 1312 valde
394 1279 549 1319 offendit,
572 1279 658 1321 quia
676 1279 830 1322 polliceri
851 1279 956 1311 nimis
974 1280 1069 1312 *nude
1091 1278 1245 1322 positum
1267 1289 1335 1311 non
1359 1278 1443 1312 satis

60 1336 242 1370 commode
266 1336 490 1381 intelligitur,
513 1346 581 1378 quo
605 1335 790 1378 pertineat.·
804 1354 867 1363 ---
886 1337 1053 1369 Pactione
1072 1337 1277 1380 provinciae.
1318 1336 1440 1369 Cicero

59 1393 156 1427 enim
178 1393 442 1434 Macedoniam,
472 1392 656 1426 meliorem
679 1392 919 1435 provinctaum
947 1393 1097 1426 Antonio
1127 1392 1202 1426 sine
1234 1396 1328 1427 sorte
1359 1403 1443 1426 con-

60 1450 291 1493 cessit,xipse
325 1450 479 1483 Galliam
512 1450 579 1483 sibi
611 1450 775 1493 sumpsit,
808 1460 915 1492 quam
946 1448 1249 1483 tamen‘mox·in
1279 1449 1444 1483 concione

61 1506 393 1550 deposuissntipse
416 1512 563 1541 testatur
586 1507 744 1541 oratione
767 1506 804 1539 in
826 1506 897 1541 Pis.
917 1512 945 1539 e.
959 1505 994 1547 2,
1005 1505 1041 1541 5.
1065 1510 1098 1540 et
1120 1507 1212 1550 Epp;
1238 1507 1283 1540 ad
1304 1507 1334 1540 F
1336 1517 1443 1542 amm.

59 1565 101 1606 V,
120 1564 154 1598 2.
177 1567 258 1605 ante
279 1565 370 1597 med.
393 1564 585 1597 Plutarch..
600 1564 672 1597 Cic.
695 1575 724 1598 c.
751 1563 807 1598 12.
833 1564 945 1599 Com·-

153 1624 185 1664 §.
210 1620 244 1655 5.
292 1633 378 1666 quas
402 1621 541 1654 Consuli
555 1622 715 1665 fecerat]
753 1622 791 1654 In
815 1619 996 1663 permultis
1024 1621 1122 1656 codd.
1154 1623 1207 1655 est
1231 1621 1442 1662 Consulibus,

60 1679 154 1723 quod
186 1678 322 1712 Cottius
352 1677 504 1721 recepit,
536 1678 677 1712 relieuis
709 1677 900 1712 editoribus
932 1678 1006 1712 fere
1035 1679 1195 1712 omnibus
1228 1678 1443 1723 singularem

60 1736 247 1771 tuentibus.
294 1735 364 1778 Qui
387 1735 562 1778 pluralem
585 1737 753 1779 probant,
788 1735 998 1768 Sallustium
1027 1740 1151 1778 putant
1182 1736 1374 1779 respexisse
1398 1737 1445 1770 ad

62 1793 238 1827 Ciceronis
261 1793 520 1836 testimonium,
543 1792 603 1837 qui
628 1795 716 1827 orat.
749 1791 786 1825 in
810 1792 912 1827 Catil.
931 1792 1012 1833 1-,5‚
1030 1793 1087 1826 11.
1121 1792 1223 1835 dicit,
1257 1794 1445 1828 Catilinam

64 1849 218 1884 comitiis
238 1850 477 1884 consularibus
500 1861 569 1884 non
590 1850 695 1885 modo
717 1849 851 1896 ipsum,
875 1850 934 1883 sed
957 1850 1065 1884 etiam
1089 1850 1332 1893 competitores
1363 1862 1445 1889 suess

63 1908 258 1942 interficere
288 1907 454 1941 voluisse.
510 1907 600 1948 Sed,
632 1911 672 1941 ut
701 1908 770 1940 hoc
793 1919 916 1940 verum
950 1907 1018 1948 sit,
1046 1907 1232 1941 Sallustius
1248 1912 1347 1945 *certe
1370 1909 1445 1942 eius

63 1965 118 1999 rei
134 1976 208 1999 uon
230 1964 410 2005 meminit,
434 1976 477 1998 ac
502 1965 547 1999 de
567 1964 732 1998 Cicerone
753 1965 827 1998 solo
851 1963 1023 2007 loquitur,
1055 1965 1147 2006 quod
1179 1975 1248 1997 non
1270 1966 1376 1998 modo
1401 1977 1444 1999 ex

64 2022 172 2056 huius
194 2021 318 2064 capitis
343 2025 526 2063 contextu,
558 2023 616 2055 sed
649 2022 756 2056 etiam
790 2033 836 2056 ex
853 2033 932 2065 cap.
952 2022 1094 2062 XXVII,
1119 2021 1153 2054 2.
1186 2024 1221 2056 et
1243 2024 1390 2064 XXXII,
1408 2024 1442 2056 1.

64 2082 170 2123 patet.
215 2078 404 2112 Praeterea
432 2079 674 2122 competitores
691 2091 763 2113 non
786 2080 890 2112 modo
914 2081 1099 2120 Consules,
1118 2079 1191 2116 ‘sed
1214 2089 1256 2111 ne
1279 2079 1445 2124 disignati

55 2136 208 2180 ,quidem
239 2135 309 2169 dici
341 2140 520 2180 poterant,
559 2135 730 2179 siquidem
761 2140 842 2170 ante
870 2137 1013 2170 comitia
1044 2135 1169 2169 habita
1199 2137 1350 2172 nondum
1383 2138 1446 2173 de,-

54 2193 198 2239 ,signati
219 2196 329 2227 erant.
375 2192 572 2237 Quominus
605 2197 723 2226 autem
754 2193 924 2227 Antonius
954 2193 1059 2226 simul
1090 2204 1171 2226 eum
1195 2192 1360 2227 Cicerone
1389 2193 1445 2227 in-

65 2251 269 2296 telligatur,
294 2251 408 2285 obstat
429 2251 523 2294 quod
548 2249 636 2284 Sall.
661 2250 815 2292 dixerat,
849 2251 1037 2286 Catilinam
1059 2261 1216 2294 sperasse
1236 2260 1281 2284 se·
1295 2250 1445 2287 Antonio

68 2319 112 2342 ex
133 2310 312 2343 voluntate
332 2320 489 2343 usurum.

162 2377 288 2410 αψενα
322 2367 501 2410 foedaque
541 2366 747 2409 evenerant]
795 2365 960 2411 Vulgaris
1000 2365 1090 2400 ratio
1130 2376 1250 2410 aspere
1275 2366 1448 2410 foedeque

69 2424 282 2468 postularet,
316 2423 436 2466 itaque
465 2423 620 2466 aliquos,
657 2424 763 2457 etiam
798 2423 921 2457 invitis
948 2423 1068 2464 libris,
1101 2423 1277 2467 scripsisse
1309 2424 1448 2458 Cor-tius

70 2482 166 2516 testis
190 2485 250 2514 est.
298 2480 365 2514 Sed
394 2481 455 2514 ubi
479 2481 627 2514 verbum
649 2481 699 2514 ita
723 2492 801 2513 cum
825 2480 1039 2514 substantivo
1062 2484 1113 2514 est
1136 2481 1375 2522 coniunctum,
1410 2483 1448 2514 ut

72 2542 107 2573 et
129 2537 321 2572 subiectum
343 2538 517 2572 vocabulo
543 2538 720 2582 apposito,
746 2542 779 2570 et
802 2537 1049 2580 praedicatum,
1063 2537 1229 2571 adverbio
1253 2537 1448 2571 accuratius

72 2595 209 2630 definiri
232 2595 360 2640 possit,
383 2594 498 2629 Latini
522 2595 714 2629 subtilitate
737 2596 885 2639 quadam
910 2595 1068 2633 dicendi,
1099 2605 1121 2628 a
1144 2599 1260 2628 nostro
1283 2594 1449 2628 idiomate

74 2653 204 2696 aliena,
228 2652 439 2688 adicetivum
462 2657 602 2695 ponunt,
622 2652 682 2685 ubi
705 2663 746 2685 ex
765 2652 996 2686 recentiorum
1018 2651 1220 2696 linguarum
1246 2663 1310 2686 usu
1334 2651 1449 2696 potius

73 2712 220 2745 verbum
244 2709 410 2745 adverbio
430 2710 549 2746 addito
579 2709 715 2744 definiri
747 2711 845 2745 solet.
891 2707 1111 2746 Adiectivum
1142 2713 1259 2744 autem
1293 2709 1337 2744 ad
1368 2710 1450 2744 sub-
