1630 3034
401 192 762 237 IUGURTHA.
827 195 952 240 CAP.
984 196 1092 240 CIV.
1337 202 1422 242 563

39 311 172 369 docti,
209 325 301 369 quo
337 310 474 354 modo
512 311 634 370 apud
660 311 870 369 Marium,
905 313 1011 356 item
1047 314 1170 373 apud
1207 317 1419 371 senatum,

13 405 175 453 ‘verba
209 408 422 464 facerent,
461 408 633 452 circiter
669 409 763 453 dies
798 409 1092 470 quadraginta
1128 411 1294 455 ibidem
1331 427 1416 472 op-

35 507 277 566 perimitur.

38 587 41 591 Α
175 601 289 647 clv.
348 600 517 644 Marius
553 607 815 661 postquam,
845 602 1050 646 confecto
1088 619 1179 662 quo
1214 605 1417 648 intende—

0 759 4 763 γ
37 706 104 743 rat
147 699 355 759 negotio,
416 697 584 741 Cirtam
628 699 768 754 redit,
825 699 883 742 de
932 700 1125 744 adventu
1168 702 1420 761 legatorum

4 798 197 841 *certior
239 797 405 849 factus,
452 795 641 853 illosque
689 801 733 839 et
778 792 952 840 Sullam
997 797 1054 841 ab
1098 797 1233 842 Utica
1268 798 1420 842 venire

36 964 127 998 troni
163 963 297 998 auxilio
328 973 402 1000 esse
435 972 594 995 caussam
626 961 838 1003 dicentibus,
870 963 937 996 nisi
969 963 1036 1007 ipsi
1059 964 1225 998 adessent.
1250 982 1291 988 -
1323 964 1421 1006 Quae

9 1030 99 1071 ,aut
132 1025 257 1066 utilia,
291 1028 352 1057 aut
385 1018 643 1056 benevolentiae
667 1034 749 1057 *esse
782 1024 988 1065 credebant,
1019 1023 1044 1057 i.
1078 1036 1108 1057 e.
1137 1036 1228 1068 quae
1253 1015 1421 1058 Romanis

36 1088 98 1118 aut
125 1085 313 1118 utilitatem
348 1084 477 1117 afferre
514 1094 612 1127 posse
641 1083 861 1126 viderentur,
897 1089 956 1117 aut
989 1095 1110 1117 eorum
1144 1084 1421 1118 benevolentiam

35 1145 111 1190 regi
144 1149 396 1188 compararent.
458 1145 510 1178 Ab
545 1145 614 1178 hac
648 1154 731 1177 sane
763 1144 925 1187 expedita
957 1146 1124 1179 sententia
1155 1157 1223 1179 non
1256 1146 1422 1180 aberrans

35 1206 175 1240 Cottius
198 1211 315 1239 tamen
340 1205 375 1238 in
399 1208 571 1239 structura
596 1204 801 1247 explicanda
825 1216 948 1247 parum
973 1206 1082 1250 vidit,
1108 1206 1279 1240 eiusmodi
1304 1218 1420 1240 exem-
1474 1204 1482 1212 “

36 1268 103 1311 plis
129 1267 287 1308 collatis,
324 1266 448 1309 quibus
472 1270 566 1308 patet
590 1276 671 1298 eum
697 1266 955 1300 benevolentiae
977 1278 1041 1311 pro
1064 1267 1220 1311 genitivo
1244 1266 1420 1312 habuisse,

35 1329 132 1362 velut
157 1340 187 1362 c.
212 1328 446 1369 LXXXUH,
471 1326 504 1359 4.
553 1326 621 1360 Sed
655 1328 793 1360 consilio
827 1338 868 1360 ac
892 1329 964 1371 fini
998 1328 1228 1373 significando
1262 1313 1421 1361 dativum

35 1390 149 1423 solum
179 1388 368 1430 inservire,
400 1386 460 1421 vi'x
490 1391 542 1420 est
574 1388 665 1430 quod
698 1394 895 1422 moneatur.
936 1389 980 1422 cf.
1014 1389 1417 1423 Ramshorn.,Gramm.

18 1451 114 1501 ‘Lan
137 1452 169 1492 §.
194 1450 275 1491 120,
299 1449 333 1483 1.
356 1460 390 1492 p.
414 1447 495 1482 205.
521 1448 574 1481 ed.
603 1447 630 1481 I.
655 1449 731 1493 lug.
756 1449 880 1492 XLVI,
912 1450 944 1483 6.
969 1451 1105 1492 xcvn,
1131 1450 1164 1485 3.
1189 1451 1288 1490 Caes.
1313 1450 1356 1484 B.
1380 1449 1421 1485 C.

34 1512 95 1553 111,
118 1511 176 1546 72.
222 1511 304 1544 Inde
337 1510 443 1544 simul
474 1508 700 1553 intelligitur,
738 1521 843 1552 quam
878 1510 993 1554 inepte
1026 1510 1062 1544 in
1090 1510 1209 1546 multis
1233 1511 1331 1544 codd.
1355 1521 1422 1554 pro

37 1573 294 1606 benevolentiae
326 1572 494 1614 scriptum
535 1570 579 1603 sit
614 1571 869 1612 benevolentia,
906 1572 998 1614 quod
1031 1572 1241 1605 somniantes
1273 1570 1422 1613 librarii,

33 1637 230 1667 structurae
254 1631 505 1675 aequalitatem
529 1630 771 1673 desiderantes,
796 1632 1006 1673 intulerunt3
1036 1643 1069 1666 v.
1103 1632 1146 1667 ad
1180 1645 1209 1666 c.
1234 1632 1422 1673 Lxxvln,

36 1694 69 1727 1.
102 1694 198 1726 Male
226 1693 333 1726 etiam
365 1692 504 1726 Cottius
536 1703 608 1725 esse
637 1692 782 1733 delevit,
817 1693 909 1736 quod
943 1693 979 1726 in
1012 1704 1082 1727 uno
1113 1694 1220 1728 Acad.
1247 1694 1351 1728 deest.
1376 1712 1419 1719 —

39 1756 205 1789 Ofationc
237 1755 416 1795 extollunt,
448 1763 484 1786 v.
518 1752 564 1786 ad
594 1763 624 1785 c.
656 1752 717 1795 IV,
749 1752 783 1786 2.
815 1765 850 1796 p.
877 1754 934 1787 20.
961 1774 1006 1780 —
1029 1755 1144 1788 Verba
1169 1755 1242 1788 dies
1267 1755 1422 1799 quadra-

36 1817 140 1862 ginta
170 1816 296 1849 ibidem
332 1814 555 1858 opperiuntur
592 1812 746 1856 bangius
784 1824 910 1856 parum
952 1820 1117 1848 accurate
1155 1815 1422 1858 interpretatur:

7 1920 11 1927 ἱ
37 1881 114 1920 post
136 1876 305 1920 quadrag.
331 1875 404 1908 dies
427 1875 553 1908 iterum
576 1865 694 1907 venire
718 1874 891 1910 iubentur.
946 1875 1064 1918 Quum
1089 1875 1181 1908 enim
1205 1886 1246 1908 ex
1273 1886 1422 1918 sequen-

36 1938 129 1971 tibus
158 1941 275 1981 pateat
306 1934 440 1969 Bocchi
470 1934 605 1978 legates
634 1935 756 1967 Uticae
780 1935 873 1977 apud
897 1933 1190 1975 Sullam.fuisse,
1221 1934 1424 1978 priusquam

38 1998 170 2031 Cirtam
202 1997 246 2040 ad
278 1995 434 2029 Marium
467 1999 695 2035 vocarentur,
728 1996 836 2028 verba
868 1995 993 2028 ibidem
1030 1997 1252 2040 o'ppert'untnr
1282 1995 1324 2028 de
1354 1995 1423 2029 ista
1467 2015 1474 2029 ff

37 2057 190 2091 Uticensi
212 2056 488 2090 commoratione
512 2054 740 2099 intelligenda
764 2058 854 2090 sunt.

132 2118 218 2151 Clv.
255 2120 286 2160 §.
310 2118 343 2150 1.
397 2119 549 2159 consecto
582 2127 647 2159 quo
679 2116 876 2149 intenderat
899 2115 1064 2159 negotio]
1119 2115 1280 2159 Confecto
1307 2119 1425 2150 tenent

39 2179 173 2223 aliquot
195 2179 307 2212 Cottii
331 2177 432 2218 libri,
468 2176 565 2210 Leid.
591 2177 627 2210 C.
652 2177 679 2210 Ι.
704 2177 754 2210 Μ.
782 2176 892 2209 Paris.
917 2176 957 2209 A.
987 2176 1025 2209 C.
1050 2177 1092 2209 1),
1119 2177 1202 2208 Ven.
1228 2175 1260 2208 1.
1286 2175 1364 2208 Vat.
1388 2175 1421 2208 l.

40 2239 187 2274 Taurin-
213 2239 327 2273 Ceteri
351 2250 470 2273 omnes
494 2239 626 2272 habent
650 2239 788 2280 infecto,
812 2237 904 2280 quod
929 2236 1078 2278 Cortius,
1104 2235 1310 2269 Gerlachius
1333 2235 1425 2268 mul-

41 2299 137 2343 tique
159 2299 221 2333 alii
245 2299 280 2333 in
305 2305 502 2334 contextum
526 2302 742 2341 receperunt.
780 2297 848 2330 Sed
877 2297 914 2330 hi
938 2308 1005 2331 non
1031 2297 1188 2330 viderunt
1213 2300 1425 2339 quantopere

41 2371 123 2394 cum
153 2360 312 2394 Sallustii
346 2358 515 2406 ἀκριβείᾳ
548 2363 699 2404 pugnet,
733 2357 762 2391 si
792 2356 904 2391 obiter
927 2362 960 2391 et
982 2369 1050 2391 uno
1075 2358 1184 2391 verbo
1209 2356 1426 2401 significetur

41 2421 150 2455 Marii
184 2421 360 2464 inceptum
390 2421 497 2455 turris
527 2419 777 2464 expugnandae
802 2417 910 2451 fuisse
933 2417 1080 2451 irritum.
1130 2417 1195 2451 Cui
1219 2428 1326 2460 quum
1349 2427 1426 2450 om-

14 2492 18 2493 ’
43 2482 102 2516 nia
127 2493 289 2525 prospere
312 2486 414 2515 antea
437 2480 698 2521 successissent,
729 2483 994 2513 consentaneum
1025 2483 1076 2511 est
1101 2489 1168 2512 non
1193 2477 1258 2511 nisi
1282 2476 1427 2511 summis

7 2586 10 2589 Ι
44 2541 308 2576 difficultatibus
337 2553 418 2576 eum
452 2553 474 2575 a
507 2541 652 2575 consilio
685 2539 895 2583 perficiendo
934 2538 1094 2582 impediri
1139 2538 1301 2582 potuisse.
1356 2537 1426 2571 Sed

46 2602 215 2637 eiusmodi
245 2615 301 2637 res
334 2613 475 2646 asperas
509 2613 577 2636 non
600 2600 765 2634 credibile
793 2606 846 2634 est
870 2601 915 2633 ab
939 2605 1078 2633 auctore
1100 2598 1235 2633 sinendo
1260 2598 1428 2642 praeteri-

47 2665 100 2696 tas
134 2663 261 2704 fuisse,
305 2663 366 2705 qui
397 2663 529 2698 similes
565 2662 799 2706 expeditiones
837 2660 974 2695 Metelli
1009 2660 1172 2692 adversus
1204 2659 1358 2692 Thalam
1394 2669 1423 2691 c.

48 2716 184 2759 Lxxv.
208 2724 387 2766 LXXVI„
422 2723 527 2757 Marii
559 2727 678 2757 contra
709 2723 856 2765 Capsam
889 2732 918 2756 c.
952 2719 1141 2753 Lxxxlx.
1165 2720 1238 2754 XC.
1266 2719 1366 2758 XCI„
1392 2720 1427 2752 et

51 2782 169 2818 contra
194 2785 380 2819 cantellum·
400 2784 674 2819 munitissimum
698 2796 727 2820 c.
752 2783 856 2817 xcu.
884 2782 1003 2816 xcul.
1029 2781 1149 2815 xciv.
1181 2792 1243 2824 pro
1267 2779 1318 2813 rei
1341 2788 1426 2822 gra-

1039 2851 1154 2895 36*
