1630 3034
132 178 190 219 44
495 176 539 217 C.
572 175 917 219 SALLUSTI
949 177 1177 221 CRISPI

272 291 392 337 VIII.
465 292 534 336 Ea
578 299 847 354 tempestate
889 293 934 337 in
972 295 1167 338 exercitu
1209 300 1362 339 nostro
1404 297 1529 341 fuere

135 389 388 448 complures
427 390 529 434 novi
571 395 706 448 atque
743 391 943 446 nobiles,
989 391 1150 448 quibus
1195 391 1371 436 divitiae
1408 393 1528 437 bono

133 485 417 544 honestoque
459 487 657 546 potiores
705 493 861 545 erant,
906 487 1078 532 factiosi
1118 488 1273 544 domi,
1322 496 1528 549 potentes

133 582 256 642 apud
286 583 455 640 socios,
493 584 599 628 clari
631 586 774 645 magis
796 600 933 643 quam
961 585 1157 642 honesti,
1195 586 1268 644 qui
1284 586 1529 646 Iugurthae

133 694 223 723 non
256 679 532 724 mediocrem
577 682 773 726 animum
804 682 1098 742 pollicitando
1130 682 1457 740 accendebant,
1494 683 1529 727 si

131 775 328 837 Micipsa
359 793 437 822 rex
470 778 738 837 occidisset,
775 779 894 836 fore,
937 779 1000 822 uti
1030 780 1148 824 solus
1178 781 1337 840 imperi
1367 781 1527 823 Numi-

129 938 313 973 coniuncto
349 951 384 974 v.
417 940 461 974 ad
493 940 569 975 Cat.
595 941 717 984 LVIII,
740 941 776 975 2.
810 953 843 986 p.
875 939 958 975 304.
976 960 1020 965 —
1058 941 1143 983 Quis
1166 941 1267 975 rebus
1297 940 1405 975 estin
1429 941 1529 976 codd.

132 1000 228 1035 Vrat.
259 1002 292 1034 1.
318 999 400 1044 δεμ.
423 1001 456 1035 1.
483 1002 602 1035 Guelf.
626 1004 660 1038 l.
680 1003 714 1039 2.
742 1004 856 1037 Palat.
879 1003 911 1035 l.
940 1002 975 1036 2.
1009 1002 1126 1038 Berol.
1152 1001 1186 1037 2.
1212 1001 1310 1038 Leid.
1329 1002 1372 1036 N.
1404 1002 1529 1036 relicui

129 1064 248 1095 tonent
271 1062 416 1106 quibus,
450 1063 540 1105 quod
575 1063 731 1098 librariis
763 1064 799 1097 in
824 1063 973 1108 proclivi
1005 1063 1074 1096 fuit
1096 1074 1226 1107 ponere
1249 1074 1313 1106 pro
1337 1063 1433 1107 quis,
1467 1063 1529 1097 sed

129 1133 196 1157 non
221 1127 353 1158 contra.
379 1124 426 1158 cf.
451 1123 530 1168 lug.
556 1125 652 1168 XIII,
678 1124 712 1159 6.
731 1125 838 1166 XXV,
864 1125 897 1165 4,
922 1123 1053 1165 XXXI,
1077 1123 1112 1158 3.
1136 1124 1281 1165 LXXX,
1296 1122 1329 1157 5.

221 1185 314 1218 VIII.
363 1187 395 1227 ἓ.
421 1183 455 1219 1.
502 1186 706 1230 complures]
731 1185 848 1220 Struv.
874 1184 993 1219 Guelf.
1020 1184 1076 1217 10.
1096 1185 1191 1218 Vrat.
1216 1183 1248 1218 2.
1275 1196 1378 1229 quam
1400 1185 1527 1228 plures,

128 1255 235 1288 quam
261 1245 413 1279 foi-mam
444 1245 690 1280 damnavimus
721 1247 765 1280 ad
800 1247 875 1279 Cat.
900 1246 1003 1286 XIX,
1027 1245 1060 1279 2.
1095 1258 1127 1289 p.
1151 1244 1212 1279 92.
1246 1246 1294 1279 cf.
1318 1246 1528 1289 Ephemerr.

126 1305 178 1338 rei
214 1306 326 1342 schol.
359 1316 393 1340 a.
416 1307 519 1341 1829.
553 1309 598 1342 11.
633 1308 699 1342 No.
725 1307 806 1344 130.
837 1319 871 1350 p.
899 1306 1002 1340 1070.
1028 1326 1072 1330 ——
1105 1307 1144 1340 In
1168 1305 1392 1349 sequentibus
1422 1304 1530 1339 inter-

126 1367 347 1410 punctionem
372 1378 393 1401 a
422 1368 600 1402 Muellero
635 1368 851 1412 propositam
883 1367 994 1401 secuti
1025 1378 1162 1408 sumus;
1195 1367 1303 1411 vulgo
1335 1366 1450 1400 editur
1466 1368 1529 1409 fa-

125 1428 249 1469 otiosi,
279 1429 371 1462 domi
401 1434 577 1472 potentes,
612 1430 708 1474 apud
736 1430 843 1463 socios
878 1429 966 1462 clari
995 1440 1040 1462 m.
1066 1440 1097 1472 q.
1123 1428 1171 1469 h„
1206 1428 1298 1471 quod
1324 1438 1390 1460 non
1415 1428 1528 1461 solum

126 1488 265 1530 verbis,
304 1489 364 1522 scd
397 1489 503 1523 etiam
537 1491 714 1524 sententiis
747 1491 850 1524 valde
883 1489 1129 1523 inconcinnum
1153 1493 1214 1522 est.
1263 1488 1352 1522 Nam
1377 1493 1527 1531 praeter·

124 1560 230 1593 quam
267 1549 359 1592 quod
394 1551 633 1595 oppositorum
667 1552 760 1585 ratio
792 1552 896 1595 plane
930 1551 1113 1590 turbatur,
1145 1561 1255 1593 paene
1288 1551 1445 1593 ineptum
1477 1553 1531 1584 est

126 1611 210 1644 istos
241 1610 401 1644 homines
433 1612 556 1655 apud
590 1613 741 1646 socios
772 1616 907 1646 tantum
944 1613 1054 1646 claros
1088 1612 1206 1655 magis
1239 1622 1343 1654 quam
1372 1611 1530 1644 honestos

126 1671 217 1711 dici,
255 1683 363 1715 quum
391 1673 470 1705 luce
500 1672 629 1705 clarius
651 1671 713 1714 sit,
745 1672 952 1707 Sallustium
977 1672 1012 1704 in
1037 1671 1238 1705 universum
1263 1672 1306 1704 de
1329 1683 1450 1704 corum
1475 1671 1528 1705 in-

120 1732 225 1777 genio
250 1737 284 1766 et
307 1732 464 1766 moribus
489 1732 658 1766 iudicium
682 1733 814 1767 tulisse.
862 1734 972 1768 Tales
996 1733 1120 1767 iisdem
1145 1734 1220 1766 fere
1254 1732 1371 1766 verbis
1394 1732 1539 1766 notavit

126 1794 202 1828 Liv.
228 1795 318 1836 vlu,
343 1794 402 1836 27,
425 1794 458 1828 6.
509 1795 660 1836 Quidam
683 1795 796 1838 pretio
821 1795 942 1838 asciti,
968 1795 1092 1828 clari
1115 1795 1233 1839 ‘magis
1257 1794 1348 1827 inter
1380 1795 1530 1838 popula-

125 1867 182 1890 res
206 1867 311 1901 quam
336 1855 538 1897 honesti,
565 1859 599 1889 et
623 1855 739 1889 Tacit.
763 1855 856 1890 Hist.
881 1857 932 1897 II,
959 1856 1016 1897 10,
1041 1855 1087 1890 in.
1140 1856 1258 1889 Vibius
1286 1856 1449 1900 Crispus,
1473 1856 1527 1889 ἰη-

125 1923 180 1953 ter
217 1918 373 1951 claros
408 1917 525 1961 magis
559 1928 662 1961 qnam
694 1918 783 1950 inter
810 1918 962 1951 bonos.
997 1917 1114 1951 Cou‘r.
1141 1937 1183 1941 —
1222 1917 1299 1950 Non
1323 1919 1527 1952 mediocrem

126 1980 280 2013 animum
313 1978 489 2022 quomodo
525 1977 795 2021 intelligendum
826 1978 870 2012 sit
902 1978 1037 2022 patebit
1069 1990 1110 2012 ex
1143 1978 1244 2012 dictis
1273 1980 1317 2012 ad
1352 1991 1380 2012 c.
1411 1980 1467 2020 w,
1492 1979 1528 2014 ὃ.

125 2041 205 2075 coll.
231 2051 312 2073 cum
336 2039 463 2073 notatis
489 2040 593 2075 Catil.
620 2040 682 2083 lll,
710 2040 742 2073 I.
766 2059 813 2064 —
838 2040 908 2073 I'ro
929 2040 1155 2083 pollicitando
1178 2039 1280 2083 pauci
1313 2044 1427 2073 tenent
1448 2041 1528 2084 pol-

125 2102 282 2142 licendo,
308 2101 401 2144 quod
419 2112 482 2133 cur
505 2100 619 2134 minus
643 2099 837 2134 sentcntiae
871 2101 1054 2134 conveniat
1077 2101 1333 2134 declaravimus
1357 2101 1400 2134 ud
1424 2101 1528 2135 Catil.

129 2164 317 2205 XXXVIII,
342 2163 376 2199 1.
409 2174 443 2206 p.
469 2161 549 2195 177.
574 2162 619 2195 cf.
646 2162 722 2206 lug.
750 2162 840 2203 XVI,
865 2161 898 2195 3.
923 2181 970 2186 —
1000 2163 1053 2195 De
1078 2162 1247 2196 orationis
1280 2162 1446 2205 obliquae
1469 2174 1526 2201 ru,-

124 2226 240 2266 tionc‚
266 2236 367 2258 sensu
391 2235 433 2257 ex
458 2224 566 2257 vcrbo
593 2224 828 2258 accendebant
850 2223 1048 2268 pendentis,
1082 2224 1127 2256 cf.
1153 2235 1242 2267 qnae
1273 2223 1528 2266 ‹lisputavinms

127 2288 170 2320 ud
198 2286 302 2322 Cutil.
327 2285 422 2327 XXI,
448 2285 482 2319 3.
508 2297 540 2328 p.
559 2284 639 2320 106.
664 2286 708 2318 cf.
735 2285 801 2327 lug
833 2297 862 2319 c.
890 2285 1053 2325 XII‚20.
1079 2285 1190 2326 xx'n,
1213 2286 1246 2319 3.
1275 2284 1467 2328 xxxvm,
1492 2285 1527 2318 2.

126 2349 309 2388 moun,
331 2348 363 2380 l.
397 2346 571 2384 LXXXII,
597 2346 631 2379 3.
666 2346 897 2385 Lxxxxlll,
932 2345 965 2380 5.
994 2366 1038 2370 —
1079 2347 1219 2391 Imperii
1249 2346 1356 2379 Imbct
1387 2346 1466 2379 Scn.
1492 2346 1524 2380 2.

126 2410 230 2443 Fabr.
255 2409 289 2442 2.
316 2410 422 2441 Ilcns.
449 2408 519 2440 Inc.
543 2407 576 2440 2.
605 2407 714 2440 l'alat.
735 2406 768 2440 2.
803 2408 884 2440 Rus.
911 2408 942 2440 1.
970 2407 1057 2441 Τυικ
1078 2409 1132 2442 1.;
1167 2409 1201 2441 ἰιι
1226 2407 1368 2441 rclicuis
1392 2408 1525 2441 litu-urii

125 2471 168 2503 ml
195 2470 366 2503 no'iorcm
391 2469 537 2502 ablativi
563 2473 774 2501 structurum
812 2468 965 2511 prolapsi
990 2473 1079 2502 sunt.
1129 2469 1330 2502 Gvninisum
1358 2470 1527 2513 exemplis

125 2531 345 2564 ‹ivn-,nannius
369 2531 411 2563 ad
438 2531 514 2563 Cat.
547 2531 682 2573 xum,
709 2528 742 2561 2.
778 2540 808 2571 p.
834 2529 914 2562 215.
941 2530 1144 2564 (li-ationem
1171 2529 1395 2570 ἀσύνδετον,
1420 2531 1509 2574 parti

127 2593 205 2625 nula
229 2592 379 2625 mussnli
417 2594 452 2624 et
486 2594 566 2624 autc
592 2591 698 2623 vei-lm
725 2591 758 2623 in
788 2591 860 2633 ipso
893 2594 956 2624 etc.
994 2594 1029 2624 ct
1056 2594 1088 2633 §ss
1122 2592 1154 2625 2.
1188 2595 1268 2624 autc
1290 2592 1478 2635 periculose
1501 2603 1525 2625 a

125 2654 246 2697 paucis
271 2657 337 2685 otc.
363 2651 512 2693 omissa,
546 2651 726 2694 tetigimus
758 2652 800 2684 ud
835 2651 936 2685 Cutil.
978 2653 1147 2694 XXXIX,
1173 2652 1205 2685 4.
1242 2664 1276 2695 p.
1305 2651 1382 2684 18⁴.
1409 2672 1441 2676 —
1474 2653 1525 2685 Dc

128 2713 162 2747 vi
188 2713 392 2754 locutionis,
423 2724 492 2756 qua
515 2712 648 2755 aliquid
675 2713 708 2747 in
735 2713 851 2758 utiquo
876 2724 947 2748 cssc
974 2714 1029 2747 vel
1057 2713 1165 2748 alicui
1188 2714 1298 2748 inesse
1320 2712 1465 2755 dicitur,
1491 2725 1519 2746 v.

127 2775 169 2810 «ul
196 2774 297 2810 (tulit.
328 2775 432 2816 XVII7
458 2775 491 2809 2.
518 2785 549 2818 p.
576 2774 632 2808 82.
