1630 3034
463 176 829 220 IUGURTHA.
890 178 1011 220 CAP.
1038 177 1142 220 CVI.
1401 182 1485 222 573

105 296 347 355 cognitum,
383 294 644 353 Iugurtham
679 293 801 337 haud
835 295 993 354 procul
1030 295 1211 347 abesse3
1258 295 1386 338 simul
1425 297 1483 338 uti

102 399 236 436 noctu
274 393 388 435 clam
435 406 586 434 secum
631 391 894 450 profugeret
928 390 1060 451 rogat
1098 398 1231 450 atque
1266 391 1480 435 hortatur.

100 490 180 533 llle
223 489 369 533 animo
415 488 556 531 feroci
600 493 736 546 negat
781 503 828 531 se
863 488 1020 531 totiens
1057 488 1202 532 fusum
1236 489 1515 552 Numidamg

98 587 441 646 pertimescere3
491 584 637 627 virtuti
683 598 862 627 suorum
909 585 1011 628 satis
1060 585 1268 639 credere3
1312 587 1480 630 etiamsi

98 707 197 750 quasi
221 708 317 741 aiens
337 705 505 741 sententia
529 704 780 749 praecessisset,
817 704 873 738 cui
896 705 1006 739 altera
1032 707 1128 740 velut
1156 706 1309 741 eiusdem
1343 709 1481 753 generis

97 769 330 813 adiungatur3
364 767 454 811 quod
487 770 526 800 ut
549 765 617 799 sibi
640 765 876 808 permitterent
900 766 1013 800 Latini
1039 768 1184 801 obscuro
1207 768 1356 811 quodam
1379 779 1480 802 sensu

96 830 244 874 permoti
275 833 372 870 sunt,
404 831 551 870 utraque
585 825 825 860 enunciatione
855 828 1060 861 sententiam
1094 828 1281 871 contineri,
1313 840 1404 871 quae
1438 840 1480 862 ex

26 891 38 898 χ
96 891 217 923 ecdem
242 890 422 923 notionum
453 899 494 921 ac
526 887 778 932 cogitationum
808 887 901 920 fonte
934 893 1160 931 repeteretur.
1207 890 1304 923 Idem
1329 894 1480 924 statuens

96 951 180 986 Otto
204 952 246 985 ad
270 951 341 984 Cic.
367 949 409 982 de
437 949 538 982 Finn.
562 949 590 989 I,
616 947 672 989 18,
704 948 760 981 (51.
794 948 885 980 hanc
912 948 1049 983 dicendi
1073 950 1245 984 rationem
1269 951 1363 984 haud
1387 952 1480 985 male

97 1013 141 1047 ad
166 1012 201 1046 id
223 1023 333 1057 genus
352 1010 471 1052 refert,
497 1009 588 1053 quod
613 1013 785 1042 structura
809 1006 883 1044 α’πὸ
909 1011 1040 1044 κοινοῦ
1065 1016 1218 1054 vocatur,
1243 1012 1370 1046 reiecta
1389 1013 1479 1047 Goe-

94 1072 203 1106 renzii
228 1072 272 1106 ad
295 1073 318 1106 l.
343 1072 365 1105 l.
391 1082 423 1114 p.
450 1070 506 1103 87.
531 1069 712 1111 sententia,
736 1069 796 1112 qui
819 1069 905 1103 tatia
929 1071 1172 1105 anacoluthiae
1195 1072 1344 1115 speciem
1369 1084 1479 1116 quan-

40 1150 43 1152 >
94 1132 175 1166 dam
215 1133 347 1166 habere
387 1131 531 1166 censuit.
589 1131 710 1174 Aeque
752 1130 995 1173 improbabilis
1031 1132 1135 1176 longe
1164 1133 1396 1176 plurimorum
1428 1138 1479 1169 cst

94 1193 222 1237 opinio,
248 1194 307 1236 qui
330 1193 399 1226 hoc
423 1191 685 1226 constructionis
708 1202 818 1235 genus
842 1191 954 1235 ellipsi
978 1199 1255 1238 annumerantw,
1282 1195 1375 1228 aiens
1401 1206 1478 1229 ver-

92 1254 177 1288 bum
210 1254 363 1298 suppleri
393 1254 524 1287 volunt.
585 1253 747 1286 Ceterum
783 1253 946 1296 permulti
979 1254 1050 1286 iam
1077 1254 1169 1287 hunc
1194 1266 1294 1288 usum
1317 1256 1478 1290 observa·

92 1319 184 1356 runt,
220 1316 315 1349 velut
348 1315 546 1349 Gronovius
579 1314 679 1348 obss.
713 1314 772 1355 1V,
804 1314 837 1347 2.
870 1326 902 1357 p.
936 1313 1005 1347 535
1037 1326 1086 1358 sq.
1122 1315 1174 1349 ed.
1198 1315 1291 1360 Lips.
1316 1317 1477 1350 Draken-

91 1376 215 1409 borch.
242 1376 284 1409 ad
309 1375 525 1416 Livsxxn,
551 1374 608 1416 53,
632 1375 665 1410 7.
693 1374 878 1407 Ruhnken.
903 1375 946 1408 ad
980 1375 1090 1409 Rutil.
1116 1376 1202 1419 Lup.
1227 1377 1255 1418 Ι,
1280 1377 1334 1411 13.
1361 1390 1393 1421 p.
1419 1378 1473 1412 47.

91 1435 206 1471 Beier.
231 1437 276 1470 ad
302 1436 372 1470 Cic.
399 1437 440 1469 de
466 1436 536 1470 off.
562 1436 623 1476 111,
647 1436 681 1477 2,
708 1435 740 1469 9.
767 1439 801 1469 ct
824 1436 866 1469 ad
892 1436 988 1471 Lael.
1012 1447 1041 1470 c,
1061 1435 1118 1477 16,
1136 1435 1191 1470 59.
1208 1449 1240 1481 p.
1258 1437 1314 1471 9⁴.
1334 1439 1474 1473 W'alch.

91 1497 260 1531 Emendd.
286 1498 362 1531 Liv.
389 1510 421 1542 p.
447 1497 539 1539 227„
565 1497 636 1530 alii.
664 1496 768 1530 Verbi
792 1508 924 1541 negare
948 1496 984 1529 in
1007 1496 1183 1530 notionem
1208 1499 1345 1533 dicendi
1367 1503 1475 1534 trans-

91 1558 203 1592 euntis
229 1557 367 1592 Cortius
399 1559 443 1592 ad
473 1562 628 1591 nostrum
659 1558 774 1590 Iocum
798 1558 888 1591 haec
912 1557 1070 1591 laudavit
1090 1558 1264 1602 exempla:
1291 1559 1362 1594 Cic.
1386 1561 1475 1604 Epp.

91 1619 135 1652 ad
159 1618 263 1652 Attio.
288 1618 362 1660 vu,
387 1619 445 1653 15.
490 1619 646 1663 Plerique
670 1623 848 1664 negant
875 1618 1058 1652 Caesarem
1082 1619 1118 1652 in
1143 1619 1335 1654 conditione
1359 1632 1476 1654 man—

91 1691 259 1720 surum3
289 1682 621 1724 postulataque
656 1679 766 1712 haec
798 1679 851 1712 ab
878 1690 924 1712 eo
952 1679 1240 1723 interposita
1266 1692 1385 1722 esse,
1409 1693 1474 1725 quo

89 1740 202 1774 minus
227 1741 318 1785 quod
340 1752 424 1785 opus
451 1742 538 1776 esset
563 1742 610 1774 ad
634 1741 759 1774 bellum
785 1752 808 1774 a
831 1741 928 1774 nobis
948 1745 1148 1784 pararetur.
1184 1741 1260 1775 Liv.
1294 1742 1322 1785 1,
1354 1741 1412 1783 57,
1440 1741 1475 1778 7.

91 1801 282 1835 Collatinus
305 1807 446 1847 negat
471 1803 582 1836 verbis
606 1813 715 1846 opus
739 1813 859 1842 esse3
881 1802 1003 1846 paucis
1023 1802 1059 1835 id
1078 1802 1214 1845 quidem
1234 1802 1327 1835 horis
1349 1812 1477 1845 posse

89 1862 216 1898 sciri.
239 1862 285 1896 id.
310 1863 474 1906 XXXIII,
498 1863 565 1903 12,
588 1861 622 1896 5.
674 1862 851 1903 Quinctius
874 1873 1045 1907 negare
1070 1863 1212 1897 Aetolos
1234 1881 1279 1887 —-
1304 1863 1369 1896 sibi
1390 1863 1476 1907 ipsis
1498 1864 1501 1869 ’

90 1924 347 1957 convenientem
370 1924 579 1957 sententiam
604 1923 799 1962 dixisse‚·
824 1927 863 1956 et
886 1923 994 1956 illos
1022 1923 1194 1967 prioribus
1218 1923 1372 1956 omnibus
1396 1934 1475 1956 con-

89 1984 178 2017 ciliis
202 1984 244 2017 de
269 1985 519 2018 condicionibus
547 1984 645 2027 pacis
669 1995 800 2028 semper
828 2003 873 2007 —
898 1983 1188 2017 disseruisse.
1220 1983 1306 2027 Nep.
1330 1983 1418 2019 Cim.
1442 1994 1474 2016 c.

89 2045 117 2085 Ι,
150 2043 183 2078 4.
232 2045 389 2089 Elpinice
421 2045 618 2089 negavit
648 2056 690 2078 se
720 2055 968 2088 passuram
1003 2044 1175 2078 Miltiadis
1204 2044 1405 2089 progeniem
1428 2062 1474 2068 —

89 2105 256 2146 interire‚·
288 2117 422 2150 seque
456 2106 591 2140 Calliae
624 2110 881 2149 nupturam.
940 2104 1124 2139 Latissime
1147 2109 1264 2139 autem
1288 2107 1382 2148 patet
1404 2104 1473 2138 hoc

89 2176 199 2210 genus
221 2166 406 2211 negativae
429 2166 616 2200 sententiae
640 2177 719 2199 cum
745 2165 1056 2207 aiente,confusae‚
1080 2164 1178 2199 cuius
1202 2165 1474 2199 variasrformas

90 2227 161 2260 VV.
199 2228 275 2262 DD.
310 2227 396 2261 Iocis
429 2227 580 2261 laudatis
610 2227 739 2270 passim
770 2227 998 2261 illustrarunt.
1034 2246 1077 2251 —
1119 2227 1171 2260 De
1203 2226 1349 2260 ducebat
1383 2224 1472 2259 indi-

89 2285 205 2320 cativo
230 2286 265 2320 in
289 2287 447 2321 oratione
470 2287 613 2330 obliqua
638 2298 671 2320 v·
696 2287 741 2320 ad
767 2298 795 2321 c.
819 2288 941 2329 LXIII,
965 2288 999 2322 1.
1023 2306 1069 2312 --
1099 2287 1292 2321 Verborum
1316 2283 1472 2319 ordinem

87 2352 165 2391 post
184 2348 315 2391 ,paullo
348 2348 451 2382 multi
483 2351 597 2382 tenent
630 2347 710 2381 libri
719 2360 729 2389 3
763 2359 797 2381 v,
824 2348 869 2382 ad
894 2348 998 2383 Catil.
1022 2348 1183 2389 XXXIII,
1207 2346 1241 2381 5.
1267 2350 1301 2380 et
1323 2346 1367 2380 ad
1393 2346 1472 2389 lug.

89 2408 177 2450 lm,
203 2409 237 2442 3.
266 2429 300 2434 —
341 2410 410 2442 Pro
434 2420 692 2442 mansuram
718 2410 833 2453 potius
857 2428 902 2435 —-
933 2419 1036 2453 quam
1060 2409 1155 2442 vitae
1176 2411 1386 2452 parceret
1409 2417 1471 2450 po-

90 2470 180 2501 terat
199 2467 307 2501 etiam
331 2467 400 2501 dici
426 2480 530 2512 quam
554 2469 650 2502 vitae
671 2480 932 2513 parsurum‚·
964 2479 1046 2502 nam
1069 2468 1130 2502 ubi
1155 2468 1305 2502 eiusdem
1329 2467 1473 2501 subiecti

91 2529 158 2562 duo
188 2528 397 2572 praedicata
431 2528 507 2562 sive
540 2530 690 2563 actiones
726 2540 788 2572 per
816 2529 931 2573 potius
961 2541 1065 2573 quam
1097 2528 1284 2573 particulas
1307 2527 1359 2562 ita
1382 2527 1473 2561 inter

90 2600 128 2623 se
151 2592 418 2632 comparantur,
441 2592 479 2622 ut
502 2588 598 2632 prius
622 2589 841 2634 praeferatur
862 2589 1068 2633 posteriori,
1092 2589 1149 2623 vel
1169 2588 1246 2633 pari
1269 2591 1305 2622 et
1328 2598 1472 2632 prorsus

23 2658 29 2660 “
67 2650 229 2693 aequali
260 2649 393 2683 ratione
425 2653 612 2693 utrumqne
641 2649 839 2683 membrum
871 2649 1034 2691 effertur,
1063 2649 1112 2684 ita
1136 2654 1174 2684 ut
1196 2647 1366 2693 posterius
1390 2658 1468 2680 ver-

92 2709 176 2742 bum
199 2721 274 2744 rem
298 2714 540 2754 comparatam
563 2710 770 2754 simpliciter
799 2713 838 2762 οἱ
855 2721 919 2754 per
942 2722 979 2744 se
1002 2714 1191 2754 spectatam
1215 2708 1391 2753 designet,
1415 2707 1470 2739 vel

92 2770 228 2804 mutata
249 2773 422 2805 structura
446 2771 596 2806 alterum
619 2771 831 2806 coniunctiuo
858 2771 1078 2812 enunciatur,
1109 2769 1169 2813 qui
1192 2769 1314 2803 modus
1337 2778 1405 2801 non
1428 2777 1469 2800 ex
