1630 3034
391 163 752 207 IUGURTHA.
814 163 946 205 CAP.
981 163 1118 206 XVII.
1390 170 1465 209 1⁰1

84 282 224 325 tiones
265 281 324 325 ob
371 281 565 324 calorem
611 286 688 323 aut
739 279 1026 337 asperitatem
1071 281 1179 323 item
1216 281 1469 325 solitudines

81 378 223 422 minus
270 378 550 435 frequentata
594 381 716 431 sunt,
778 374 835 418 (le
886 376 923 418 is
977 374 1101 418 haud
1154 376 1285 420 facile
1341 392 1468 420 com·-

81 481 262 534 pertum
309 473 603 525 narraverim3
657 476 806 515 cetera
853 485 989 529 quam
1041 472 1332 530 paucissumis
1383 474 1467 516 ab-

81 571 262 614 solvam.

213 666 264 709 ln
300 665 509 709 divisione
543 663 662 707 orbis
698 668 842 706 terrae
869 662 1074 722 plerique
1096 662 1142 706 in
1167 670 1342 723 partem
1370 668 1498 708 ter-3

78 764 184 806 tiam
218 762 419 806 Africam
453 775 672 820 posuere3
718 759 852 818 pauci
887 759 1196 803 tantummodo
1233 761 1383 804 Asiam
1420 766 1464 804 et

75 925 205 970 legitur
221 927 494 969 frequentatae,
518 925 558 956 ut
580 933 691 966 genus
715 919 875 965 proximo
899 920 1032 954 nomini
1056 921 1294 965 responderet,
1328 933 1396 965 qno
1420 922 1462 955 de

74 990 139 1019 usu
164 997 197 1019 v,
222 989 341 1018 notata
367 983 410 1017 ad
436 983 511 1016 Cat.
537 983 593 1022 X,
619 982 652 1016 2.
690 982 760 1016 Sed
782 982 812 1015 si
844 981 1042 1015 subiectum
1073 982 1232 1025 pluribus
1264 983 1462 1016 nominibus

73 1045 166 1079 varii
197 1045 335 1090 generis
366 1048 520 1084 constat,
554 1042 747 1086 praedicati
779 1053 889 1086 genus
920 1047 953 1075 et
987 1054 1152 1075 numerus
1176 1042 1334 1086 legitime
1358 1043 1401 1075 ad
1427 1042 1462 1075 id

72 1107 242 1148 refertur,
267 1105 365 1138 cuius
388 1104 483 1137 notio
507 1102 543 1136 in
567 1103 736 1137 sententia
761 1103 956 1146 praeminet
974 1107 1006 1136 et
1029 1102 1197 1146 primaria
1221 1107 1281 1135 est.
1327 1103 1375 1136 Ut
1392 1102 1462 1146 igi-

72 1171 129 1200 tur
154 1166 189 1199 in
213 1164 381 1209 exemplis
406 1164 429 1196 1.
454 1164 476 1196 1.
503 1163 618 1196 allatis
642 1165 731 1197 haec
755 1175 878 1198 caussa
913 1163 1027 1197 valuit
1058 1163 1101 1197 ad
1135 1163 1373 1206 praedicatum
1399 1173 1454 1206 po-

72 1230 202 1261 stremo
226 1224 358 1258 nomini
387 1224 599 1267 aptandum,
638 1225 686 1258 ita
716 1225 752 1257 h.
781 1225 829 1266 l.,
863 1224 924 1257 ubi
962 1228 1083 1258 auctor
1117 1225 1159 1257 de
1182 1225 1251 1257 situ
1275 1223 1459 1266 regionum

71 1285 230 1326 disserit,
260 1285 450 1328 praedicati
481 1297 590 1329 genus
622 1296 702 1318 cum
726 1296 813 1318 voce
837 1285 911 1318 loca
936 1285 1108 1329 congruit.
1135 1286 1180 1319 cf.
1207 1296 1236 1318 c.
1263 1283 1398 1324 XLIX,
1423 1282 1458 1318 5.

70 1347 166 1390 ipsi
189 1352 294 1390 atque
313 1347 419 1391 signa
439 1347 608 1379 militaria
627 1345 884 1378 obscurati.
910 1345 1037 1388 quippe
1061 1346 1208 1379 militum
1236 1344 1330 1377 notio
1354 1355 1457 1387 prae-

70 1407 176 1440 valet.
211 1406 256 1439 cf.
291 1407 445 1450 Herzog.
476 1406 520 1439 ad
554 1406 650 1439 Caes.
683 1406 725 1438 B.
752 1405 795 1438 G.
826 1405 870 1438 ΙΙ.
896 1405 931 1438 7.
957 1406 1120 1438 Ceterum
1137 1408 1368 1449 frequentata
1389 1415 1457 1437 non

67 1466 242 1511 significat
259 1467 354 1500 culta
377 1471 410 1501 et
439 1467 601 1500 habitata
625 1466 667 1499 ab
685 1465 897 1507 hominibus,
918 1467 956 1499 ut
973 1466 1066 1500 Cort.
1089 1465 1356 1510 interpretatum
1374 1476 1455 1498 nam

67 1528 237 1570 quaedam
271 1527 350 1560 loca.
382 1528 422 1560 ob
451 1527 654 1561 solitudines
678 1525 810 1558 inculta
832 1537 907 1559 esse
930 1526 1086 1569 ineptum
1110 1529 1172 1559 est.
1223 1526 1343 1569 Quare
1367 1535 1456 1569 quae

59 1589 291 1631 frequentata
317 1592 395 1620 sunt
425 1587 602 1632 significat
627 1597 716 1630 quae
745 1586 918 1620 adeuntur
946 1587 1001 1619 vel
1025 1587 1119 1620 adiri
1140 1587 1261 1620 solent.
1284 1605 1325 1610 —
1357 1586 1410 1618 De
1426 1585 1456 1618 is

67 1647 306 1681 tantummodo
331 1650 443 1681 exstat
465 1647 501 1681 in
527 1648 644 1681 Guelf.
669 1645 702 1679 4.
728 1650 761 1680 et
787 1646 820 1680 6.
845 1650 879 1681 et
902 1646 1014 1683 Paris.
1036 1659 1067 1682 c.
1093 1648 1203 1680 Recte
1233 1646 1282 1680 ita
1315 1645 1455 1688 scripsit

67 1708 162 1742 Cort.
186 1712 220 1742 et
245 1708 411 1742 Gerlach.
437 1720 500 1751 pro
523 1708 668 1753 vulgato
692 1707 753 1749 iis,
779 1707 871 1749 quod
895 1708 1007 1751 ipsum
1024 1719 1092 1741 non
1116 1711 1167 1741 est
1190 1707 1225 1740 in
1249 1705 1369 1747 codd.‚
1395 1705 1453 1738 sed

65 1767 145 1808 his,·
166 1779 199 1801 v.
225 1768 269 1802 ad
294 1769 370 1813 lug.
393 1768 493 1808 xlv,
516 1768 573 1801 11.
601 1786 640 1792 —
672 1767 889 1811 Compertum
912 1768 1050 1802 Cor-tius
1073 1771 1167 1801 recte
1189 1766 1388 1801 observavit
1410 1766 1453 1798 de

64 1839 106 1861 eo
130 1827 219 1870 dici,
245 1829 337 1871 quod
361 1828 440 1861 aliis
465 1829 662 1862 auctoribus
678 1828 941 1872 cognoscimus,
964 1834 1003 1863 ut
1026 1840 1109 1863 vere
1130 1829 1257 1868 habet3
1285 1838 1393 1870 quare
1414 1826 1451 1860 h.

64 1888 89 1921 l.
112 1891 163 1921 est
194 1893 341 1929 certum,
373 1889 517 1922 veritati
544 1894 818 1923 consentaneum.
844 1889 888 1922 cf.
915 1890 1069 1933 Herzog.
1094 1888 1139 1922 ad
1163 1887 1266 1922 Catil.
1290 1886 1451 1926 xxxvl,

63 1947 98 1982 2.
116 1948 214 1982 Caes.
239 1949 280 1982 B.
301 1949 345 1982 G.
370 1949 452 1991 VII,
476 1949 533 1984 42.
582 1949 731 1992 Impellit
752 1949 840 1982 alios
858 1950 1056 1990 temeritas,
1082 1960 1171 1992 quae
1191 1949 1243 1981 illi
1259 1947 1381 1992 generi
1400 1951 1451 1979 est

63 2009 208 2051 innata,
231 2014 271 2043 ut
291 2010 430 2043 lencm
455 2010 747 2044 auditionem
767 2009 897 2042 habeat
915 2021 978 2053 pro
1000 2021 1046 2042 re
1073 2012 1332 2051 comperta.
1359 2005 1450 2039 Sall.

65 2068 141 2101 Cat.
167 2069 286 2110 xxu,
309 2069 343 2103 4.
374 2071 451 2115 lug.
475 2070 648 2110 XXXIX,
684 2069 718 2101 1.
743 2069 892 2109 vall,
922 2069 956 2101 2.
982 2068 1129 2109 Lxxv,
1164 2068 1197 2101 1.
1221 2065 1336 2098 Tacit.
1360 2064 1448 2098 Anu.

64 2127 118 2168 11,
163 2128 230 2169 12,
269 2128 304 2164 2.
336 2130 490 2163 tribunos
526 2130 623 2162 laeta
660 2129 800 2171 saepius
846 2140 950 2171 quam
993 2131 1230 2171 comperta
1273 2126 1448 2159 nunciare.

64 2188 184 2231 Quare
206 2193 396 2232 compertus
420 2190 568 2223 alicuius
598 2189 649 2222 rei
678 2188 808 2221 dicitur
829 2188 877 2230 is,
911 2188 971 2232 qui
1003 2185 1202 2222 certissimis
1234 2185 1450 2230 argumentis

64 2248 242 2281 convictus
266 2252 319 2282 est
342 2248 475 2292 aliquid
498 2248 647 2289 secisse3
671 2260 705 2284 v,
729 2249 991 2282 Drakenborch.
1016 2248 1060 2282 ad
1085 2247 1160 2281 Liv.
1185 2246 1269 2288 ΥΠ,
1291 2246 1332 2286 4,
1358 2245 1391 2279 4.

156 2310 188 2350 §-
214 2307 248 2341 3.
271 2309 307 2341 in
323 2315 461 2351 partem
482 2309 636 2352 tertiam]
663 2310 762 2342 {lanc
787 2309 1000 2352 scripturam
1024 2312 1163 2341 tuentur
1187 2306 1447 2350 antiquissimus

64 2368 141 2403 cod.
164 2368 368 2402 Commelin.
395 2373 430 2403 et
450 2369 634 2414 Augustin.
657 2369 700 2401 de
723 2369 799 2402 Civ.
824 2369 867 2403 D.
892 2369 991 2410 ΧΠ,
1015 2369 1091 2410 17.,
1114 2371 1296 2411 praeterea
1316 2367 1386 2401 Ine.
1411 2367 1446 2401 2.

63 2430 189 2463 Franc.
223 2429 341 2463 Guelt'.
373 2427 407 2460 4.
439 2427 473 2461 6.
504 2428 561 2461 12.
594 2429 691 2463 Leid.
729 2430 777 2463 11.
810 2429 914 2463 Bern.
952 2429 985 2465 l.
1009 2429 1102 2462 Med.
1130 2428 1164 2462 2.
1194 2428 1228 2462 4.
1253 2428 1330 2463 Vat.
1353 2427 1387 2462 3.
1411 2427 1446 2461 4.

63 2494 99 2523 et
120 2489 189 2523 duo
212 2489 324 2523 Paris.
349 2487 521 2521 Burnufii.
556 2489 857 2533 praepositionem
889 2489 1007 2524 omisit
1036 2490 1121 2522 ven.
1153 2489 1185 2523 4.
1217 2487 1358 2522 Relicui
1379 2487 1446 2522 ha-

62 2550 145 2584 bent
160 2551 196 2583 in
209 2555 311 2594 parte
330 2550 456 2591 tertia,
479 2550 632 2594 exceptis
656 2550 738 2583 Ven.
763 2550 796 2583 1.
825 2553 859 2583 et
882 2550 979 2583 Flor.
1004 2549 1037 2583 1.
1062 2549 1098 2583 in
1122 2548 1248 2592 quibus
1271 2548 1447 2582 ablativus

63 2610 157 2644 solus
184 2609 258 2643 sine
290 2610 328 2644 in
360 2609 500 2654 legitur.
548 2610 641 2654 Quid
672 2611 709 2644 h.
736 2610 761 2644 1.
791 2609 927 2644 intersit
954 2609 1044 2643 inter
1066 2613 1229 2653 quartum
1253 2613 1288 2642 et
1311 2613 1446 2642 sextum

63 2680 184 2703 casnm
210 2681 253 2704 ex
279 2680 408 2714 ponere
435 2670 544 2704 verbo
575 2674 610 2705 et
639 2671 677 2704 in
700 2671 957 2715 praepositione
982 2670 1188 2714 pendentem
1212 2680 1314 2702 nemo
1340 2669 1447 2702 inter—

65 2734 201 2773 pretum
217 2735 392 2766 assecutus
415 2735 488 2773 est3
512 2731 595 2776 qu‘m
620 2730 848 2773 Gerlachius,
872 2730 931 2774 qui
954 2731 988 2764 in
1013 2731 1066 2766 ed.
1100 2730 1186 2765 mai.
1208 2729 1445 2765 accusativum
