1630 3034
416 98 587 137 RERUM
616 97 679 138 Ac
710 97 977 139 vssnssonnn
1206 77 1209 79 ’
1325 97 1376 139 41

11 208 159 249 Imperata
174 210 274 248 faeere
285 208 462 241 deditionis
480 209 631 247 formula,
656 208 681 245 Ι,
700 208 755 248 62,
773 209 805 242 3.

10 263 203 305 Imperatiras
218 264 275 296 ubi
292 265 502 296 coniunctivo
519 269 676 307 praestet,
703 263 738 297 C.
759 264 812 304 58,
829 265 880 297 12.

9 319 202 361 Imperativns
215 320 401 362 praesentis
419 324 454 352 et
471 319 586 359 futuri,
611 319 636 353 Ι.
654 319 710 359 85,
727 321 783 353 45.

8 374 173 416 Imperator
188 375 308 407 latiore
325 385 426 408 sensu
444 376 576 415 dicitur,
595 376 648 418 qui
666 376 858 409 civitatibus
876 381 1019 419 praeest,
1039 378 1074 410 C.
1093 378 1127 412 2.
1146 378 1177 410 3.
1228 378 1251 410 l.
1274 378 1330 416 24,
1346 377 1376 409 7.

8 431 238 472 Imperatoribus
255 432 329 471 ipsis
343 431 511 471 tribuitur,
527 433 610 474 quod
628 442 686 474 per
701 432 823 464 milites
841 437 1078 474 exsequuntur,
1098 432 1121 465 l.
1141 433 1195 472 54,
1211 432 1242 465 6.

0 486 211 528 Imperfectum
228 487 350 530 excipit
365 489 523 527 infinitivus
540 488 730 527 historicus,
759 489 794 520 C.
814 487 867 528 16,
885 488 917 522 2.
967 489 1022 528 54,
1038 489 1071 521 4.
1122 487 1176 523 56,
1195 489 1226 520 4.
1276 489 1298 521 1.
1324 489 1377 525 15,

0 529 8 538 ’
97 543 130 577 2.
181 542 235 582 30,
255 543 287 576 3.
336 543 391 581 32,
410 542 442 575 3.
490 543 547 583 43,
566 544 600 576 4.

1 594 210 640 'Imperljeclum
227 599 277 630 rei
294 600 444 639 agendae
465 604 601 631 conatum
614 600 777 642 exprimit,
802 599 827 632 Ι.
846 600 903 637 27,
923 601 952 633 1.

7 653 211 695 Imperfectum
226 655 321 687 verbi
338 666 402 687 esse
419 666 482 688 non
499 656 599 689 facile
613 657 785 695 omittitur,
814 656 849 688 C.
869 656 924 694 31.
946 656 974 689 1.

6 709 209 750 Imperfectum.
227 715 261 743 et
273 721 417 752 praesens
434 712 532 745 simul
543 713 577 744 in
594 713 826 745 enunciatione
843 713 1011 745 bimembri
1021 713 1151 754 aequali
1164 713 1242 745 ferri
1254 713 1379 754 nequit,

98 764 123 798 I.
143 765 197 805 33,
212 766 244 798 4.

6 821 210 862 Imperfectum
232 822 267 854 in
286 823 518 856 enunciatione
535 823 754 856 condicionali
772 834 835 856 non
852 834 909 867 pro
923 825 1216 865 plusquamperfecto
1237 825 1379 867 ponitur,

96 877 121 910 I.
151 877 274 917 14,16.
323 878 378 917 59,
397 879 428 912 3.
476 878 533 917 82,
552 879 584 911 3.

7 933 209 974 Imperfectum
225 944 297 966 cnm
310 937 440 975 perfecto
458 935 678 974 coniunctum,
693 933 729 966 C.
751 935 803 971 10,
824 935 854 967 l.
903 935 957 974 59,
976 935 1038 975 32;
1057 935 1111 967 37.
1160 936 1184 968 Ι.
1217 935 1270 973 70,
1290 935 1322 967 3.

6 989 171 1030 Imperfecti
188 990 389 1022 indicativus
407 991 443 1026 in
459 991 594 1033 apodosi
612 991 855 1022 enunciationis
874 991 1125 1029 condicionalis,
1142 990 1166 1023 Ι.
1185 990 1241 1024 85.
1262 989 1315 1022 48.

5 1045 169 1087 Imperfeeti
185 1046 415 1078 coniunctivus
433 1056 474 1078 ex
494 1046 662 1089 praesenti
687 1046 844 1078 historico
869 1051 984 1089 aptus,
1012 1046 1047 1079 C.
1075 1045 1129 1086 34,
1149 1046 1178 1079 1.
1228 1045 1252 1078 Ι.
1272 1044 1327 1082 97,
1350 1045 1378 1077 1.

99 1099 224 1140 107,1.
275 1100 351 1135 109.
371 1101 402 1133 ’1.

5 1157 168 1198 Imperfecti
184 1161 210 1188 et
223 1158 391 1198 praesentis
409 1157 639 1190 coniunctivus
657 1157 756 1191 simul
780 1168 821 1190 ex
845 1158 1012 1201 praesenti
1038 1158 1195 1190 historico
1221 1157 1378 1200 pendens,

97 1211 134 1245 C.
153 1212 207 1251 34,
228 1212 258 1245 1.
307 1212 330 1245 Ι.
349 1213 405 1251 23,
424 1213 455 1244 2.

4 1269 167 1309 Imperfecti
178 1278 259 1300 usus
273 1269 306 1300 in
320 1269 420 1301 rebus
434 1269 637 1311 explicandis
650 1269 870 1312 proficiscitur
882 1280 902 1302 a
916 1270 1030 1302 vivida
1042 1269 1212 1312 praeteriti
1226 1267 1380 1309 temporis

95 1325 308 1365 cogitatione,
327 1325 351 1357 Ι.
371 1325 426 1365 89,
445 1326 486 1365 4;
505 1325 537 1357 8.
1198 1335 1200 1337 ·

3 1378 163 1421 Imperium
175 1381 297 1423 duplex
313 1381 387 1420 suit,
402 1382 486 1413 civile
502 1391 542 1414 ac
556 1366 697 1421 militare,
723 1381 747 1414 I.
767 1382 800 1421 3,
819 1381 849 1414 1.

5 1435 133 1477 Imperia
150 1437 306 1479 quomodo
324 1437 479 1469 differant
491 1448 509 1470 a
525 1439 734 1478 potestatibus,
752 1437 776 1470 Ι.
797 1437 851 1477 63,
871 1438 900 1469 5.

4 1491 178 1533 Imperitare
194 1497 228 1525 et
245 1495 392 1534 imperare
409 1493 558 1533 confusa,
584 1492 608 1525 I.
630 1492 683 1533 19,
699 1492 731 1526 7.

5 1547 178 1589 Imperitare
193 1548 344 1581 absolute
361 1550 502 1591 positum
518 1549 540 1581 i.
558 1560 589 1593 q.
605 1550 773 1593 imperium
790 1559 960 1587 exercere.
979 1549 1003 1581 I.
1023 1547 1077 1586 79,
1099 1548 1128 1580 1.

3 1603 234 1646 Impersormha,
251 1615 283 1637 v.
303 1607 396 1638 Verba
408 1608 569 1648 imperson.

3 1661 156 1702 Implicari
168 1662 260 1694 alicui
273 1663 318 1694 rei
333 1667 368 1694 et
384 1663 488 1702 aliqua
503 1673 547 1701 re,
567 1660 602 1694 C.
620 1662 654 1701 2,
669 1661 700 1694 9.

3 1716 157 1758 Imponere
173 1718 326 1751 absolute
339 1719 491 1761 positmn,
523 1717 557 1750 C.
579 1717 633 1757 51,
650 1718 706 1752 28.
756 1717 779 1750 Ι.
801 1716 855 1756 47,
874 1718 906 1750 2.
958 1716 1035 1752 100,
1054 1717 1084 1749 3.

3 1772 157 1815 Imponere
174 1775 291 1815 aliquid
304 1776 334 1805 in
352 1775 457 1815 aliqua
473 1784 518 1813 re,
537 1774 560 1806 l.
576 1774 631 1814 61,
651 1774 681 1807 1.

3 1828 213 1871 Importunitas
230 1830 264 1862 in
281 1830 478 1869 hominibus,
496 1830 517 1861 i.
538 1840 568 1872 q.
589 1831 676 1863 mala
689 1830 840 1868 audacia,
866 1829 889 1862 Ι.
905 1828 961 1867 31,
975 1828 1029 1861 22.

4 1884 207 1927 Impar-tanum
222 1886 244 1918 i.
264 1895 294 1928 q.
314 1887 535 1929 periculosum
548 1890 582 1917 et
597 1886 782 1924 molestum,
807 1885 832 1917 Ι.
849 1885 881 1924 3,
895 1885 928 1919 2.

5 1941 152 1982 Imprimis
170 1951 340 1984 perperam
357 1942 510 1981 inprimis
528 1941 584 1973 vel
600 1942 738 1982 inprImis
755 1941 923 1979 scribitur,
952 1939 986 1973 C.
1003 1940 1057 1979 60,
1077 1941 1108 1972 6.

3 1997 151 2039 Imprimis
168 1997 372 2040 superlativo
390 1997 540 2038 augendo
555 2007 617 2028 non
643 1997 796 2036 inservit,
821 1997 846 2030 Ι.
863 1997 894 2035 7,
914 1998 944 2029 5.

3 2053 219 2094 Improvismn:
236 2064 272 2085 ea:
285 2053 457 2094 improviso,
483 2054 520 2084 de
536 2053 709 2094 improviso,
735 2052 759 2086 Ι.
780 2053 834 2091 14,
854 2050 907 2085 11.

3 2109 177 2151 Imprudens
194 2113 229 2141 et
245 2111 456 2150 imprudentia,
475 2109 514 2141 de
527 2109 657 2141 homine
676 2118 738 2140 non
756 2109 839 2141 satis
854 2113 951 2141 cauto
970 2109 1104 2146 dictum,
1130 2107 1154 2140 Ι.
1174 2106 1229 2146 53,
1248 2106 1278 2139 7.

4 2165 173 2207 Impudieus
191 2166 214 2198 i.
235 2175 264 2207 q.
280 2166 445 2208 pathicus,
465 2164 500 2198 C.
521 2165 575 2203 14,
594 2163 625 2197 7.

3 2221 36 2252 In
53 2231 124 2253 cum
137 2221 284 2253 ablativo
301 2222 367 2253 vim
381 2221 507 2253 obtinet
524 2221 765 2253 enunciationis
790 2221 1028 2259 secundariae,
1054 2218 1090 2253 C.
1113 2219 1146 2258 2,
1178 2219 1229 2252 10.
1268 2218 1292 2251 1.
1323 2219 1377 2256 14.

95 2276 188 2317 531.
239 2276 293 2315 31,
308 2277 364 2310 24.
413 2277 516 2316 55,1.
566 2278 621 2317 85,
640 2277 694 2309 26.

5 2332 39 2363 In
57 2343 86 2364 c.
105 2332 207 2365 ablat.
227 2333 396 2373 significat
413 2334 492 2373 quod
510 2334 623 2372 attinet,
651 2333 685 2365 C.
708 2331 761 2371 51,
777 2332 831 2365 35.
880 2331 905 2365 Ι.
926 2331 980 2371 73,
998 2332 1030 2364 4.

5 2388 36 2419 In
53 2398 81 2420 c.
99 2388 202 2420 ablat.
221 2390 349 2430 quando
367 2389 464 2421 etiam
481 2400 537 2432 pro
554 2389 746 2421 accusativo
759 2388 833 2431 poni
847 2388 963 2431 possit,
982 2386 1017 2420 C.
1038 2386 1070 2425 9,
1090 2387 1122 2419 2.

6 2444 37 2475 In
53 2454 82 2476 c.
102 2443 204 2476 ablat.
225 2444 246 2476 i.
266 2454 296 2486 q.
317 2446 406 2483 intra,
427 2445 462 2477 C.
482 2445 536 2481 48,
556 2446 587 2477 5.
636 2444 659 2476 l.
680 2443 735 2482 28,
753 2444 785 2475 2.
834 2443 889 2483 96,
911 2443 940 2476 1.

5 2499 84 2531 tae.
100 2499 202 2531 ablat.
222 2501 352 2541 quando
377 2501 549 2532 vocabulis
575 2502 648 2539 dies,
676 2505 801 2541 tempus,
831 2509 938 2535 annox,
969 2503 1063 2539 aetas,
1091 2504 1262 2542 tempestas,
1287 2500 1376 2534 aliis.

96 2554 195 2586 adiici
212 2555 328 2597 possit,
355 2555 390 2588 C.
422 2556 477 2594 48,
496 2558 526 2588 5.
577 2557 601 2588 1.
621 2555 675 2594 66,
695 2555 726 2588 3.

7 2611 39 2642 In
57 2619 129 2642 cum
147 2611 339 2644 accusativo
353 2612 524 2644 consilium
542 2615 575 2643 et
591 2611 686 2643 finem
705 2611 882 2652 significat,
917 2611 953 2644 C.
974 2610 1027 2645 50„
1047 2611 1076 2644 2.
