1630 3034
432 245 772 289 CATILINA.
832 246 967 287 CAP.
996 247 1084 287 LII.
1360 251 1449 293 277

62 360 352 416 cunctamini,
398 362 607 407 videlicet
654 361 721 405 dis
773 361 1098 423 immortalibus
1140 361 1322 418 confisi,
1367 364 1445 421 qui

60 450 180 497 hanc
213 453 540 512 rempublicam
585 454 631 495 in
673 453 888 496 maxumis
933 467 1070 511 saepe
1102 453 1312 517 periculis
1348 470 1443 498 ser-

60 558 235 587 vavere.
325 545 428 589 Non
484 545 599 587 votis
661 559 808 602 neque
864 543 1093 602 suppliciis
1148 545 1439 589 muliebribus
1453 553 1507 592 29

62 634 221 678 auxilia
257 634 445 678 deorum
484 641 720 695 parantum
766 634 1023 695 vigilando,
1072 635 1280 696 agendo,
1325 636 1441 680 bene

62 809 183 833 eorum
207 797 383 833 erroribus
406 804 519 844 patet,
555 801 755 836 affirmandi
779 801 988 846 particulam
1010 813 1082 844 ne,
1105 813 1174 835 non
1196 813 1264 835 nae
1288 801 1441 835 scriben-
1489 822 1494 833 1

59 855 142 889 «lum
167 868 252 897 esso,
277 856 311 889 id
335 859 426 900 qnod
450 859 557 892 etiam
581 870 624 893 ex
648 857 826 894 Prisciano
847 859 1076 904 intelligitur,
1091 856 1162 903 ¹qui
1184 860 1207 892 l.
1233 859 1306 900 XV,
1326 858 1361 900 5,
1381 859 1437 892 32.

56 923 91 956 p.
111 912 206 948 631..
237 913 301 949 Ed.
326 915 389 950 ΚΥ.
424 915 676 959 prohibitivum
710 929 754 951 ne
785 928 865 951 eum
896 918 965 950 hoc
994 916 1207 965 affirmativo
1239 915 1442 954 contundit3

59 970 106 1003 cf.
130 969 234 1004 etiam
260 971 363 1005 conr.
388 972 495 1015 Leop.
522 973 726 1007 Sclineideri
751 975 910 1009 Gramm.
935 975 1010 1008 Lat.
1036 975 1064 1017 1,
1096 974 1129 1008 l.
1162 985 1197 1018 p.
1220 971 1276 1006 55.
1303 991 1344 997 -
1387 973 1440 1006 Dc

58 1025 224 1060 reflexis-o
248 1027 346 1061 verbi
370 1034 504 1062 vertere
528 1042 592 1064 usn
616 1031 696 1064 vide
719 1032 764 1065 ad
785 1044 816 1066 c.
834 1033 892 1072 vl,
909 1031 943 1065 7.

150 1087 183 1127 §-
208 1084 265 1121 28.
313 1097 368 1119 res
391 1087 490 1131 ipsa]
522 1088 748 1131 Pronomen‚
771 1090 864 1132 quod
891 1087 1032 1122 Fabric.
1051 1088 1085 1123 2.
1111 1098 1179 1121 non
1201 1087 1330 1129 habet,
1354 1087 1441 1120 Cor-

57 1140 127 1174 tius
156 1141 231 1174 eius
265 1143 473 1177 auctoritate
506 1145 643 1186 omisit,
685 1146 776 1188 quod
812 1147 945 1180 factum
977 1146 1186 1180 Gerlachius
1213 1145 1338 1179 merito
1371 1154 1440 1177 non

57 1200 110 1230 cst
148 1197 317 1232 imitatus.
385 1201 549 1238 Consulto
593 1203 685 1236 enim
717 1203 906 1238 Sallustius
944 1214 1137 1248 pronomen
1177 1201 1312 1246 posuit,
1356 1199 1441 1244 quia

57 1255 206 1288 Senatus
234 1255 402 1290 iudicium
435 1258 485 1291 rei
510 1260 672 1303 opponit,
702 1262 770 1295 hoc
802 1271 920 1295 sensu:
954 1272 1010 1294 res
1039 1272 1103 1304 per
1125 1271 1162 1293 se
1194 1259 1332 1304 quidem
1363 1268 1438 1300 spe-

58 1318 156 1346 ctata
197 1324 321 1357 aspera
353 1319 422 1356 est,
472 1315 521 1349 ita
556 1319 596 1349 ut
637 1318 725 1353 alios
760 1319 887 1352 merito
919 1322 1066 1359 terreat,
1101 1318 1161 1350 sed
1195 1327 1274 1356 vos,
1311 1314 1439 1357 quippe

57 1370 242 1412 fortiores,
274 1382 340 1404 non
372 1372 505 1406 timetis
527 1384 617 1408 eam.
665 1376 779 1419 Igitur
809 1375 965 1420 Langius
994 1386 1131 1408 sensum
1163 1383 1232 1407 non
1262 1373 1442 1405 assecutus

58 1432 130 1470 est,
163 1439 272 1472 quum
302 1440 367 1471 pro
399 1431 475 1473 ipsa
509 1442 551 1463 ex
584 1432 702 1465 Guelf.
733 1433 789 1468 10.
828 1435 899 1466 ista
931 1433 1037 1466 scribi
1068 1432 1153 1466 vult.
1182 1448 1229 1455 —-
1274 1428 1441 1462 Videlicet

59 1486 198 1520 Cottius
229 1486 378 1529 pessime
418 1487 519 1520 eiecit
531 1490 547 1528 ‚'
584 1491 659 1521 tum
691 1489 772 1522 aliis
815 1494 891 1523 tum
933 1489 1121 1524 Gerlachio
1164 1485 1440 1530 obsequentibus.

58 1542 165 1578 Codd.
197 1542 409 1586 particulam
436 1547 550 1578 tenent
574 1556 712 1586 omneS,
738 1552 876 1589 praeter
898 1547 975 1581 Vin.
1004 1548 1051 1589 2.,
1085 1547 1122 1580 in
1152 1556 1222 1588 quo
1244 1545 1337 1578 velut
1366 1546 1440 1582 θείς

57 1612 176 1634 sensus
198 1605 316 1634 autem
340 1612 418 1635 eam
442 1602 602 1646 flagitat,
636 1603 718 1646 quin
754 1605 841 1638 Cato
873 1605 965 1638 hanc
995 1616 1063 1637 non
1102 1614 1224 1636 veram
1256 1599 1441 1634 cunctandi

57 1670 217 1693 caussam
244 1659 372 1699 habet,
406 1659 465 1692 sed
495 1659 628 1693 ironice
659 1660 816 1702 patribus
848 1660 1000 1694 subiicit.
1047 1659 1168 1702 Neque
1198 1659 1316 1700 obest,
1347 1656 1449 1701 quod*

57 1718 186 1750 scilicet
207 1714 394 1759 praecessit
416 1720 450 1749 et
473 1718 504 1758 ἓ.
526 1716 582 1750 31.
607 1718 769 1753 videlicet
796 1717 970 1762 sequitur,
1005 1728 1040 1751 v.
1073 1717 1118 1752 ad
1140 1728 1170 1751 c.
1199 1716 1263 1758 lx,
1291 1714 1325 1749 4.
1357 1714 1439 1748 coll.

57 1774 208 1812 XLVIII,
231 1773 266 1807 7.
293 1778 328 1807 et
351 1774 407 1816 Ll,
426 1773 483 1808 40.

148 1835 180 1874 §.
212 1831 270 1865 29.
334 1831 415 1864 Mn
457 1831 545 1864 votis
576 1843 686 1876 neque
726 1834 929 1878 suppliciis]
970 1833 1086 1867 senat.
1114 1831 1149 1865 2.
1186 1833 1221 1864 et
1255 1828 1372 1863 Guelf.
1403 1828 1439 1862 3.

56 1902 125 1924 non
147 1891 235 1923 votis
259 1895 363 1933 atque
386 1890 518 1932 suppl.‚
551 1890 609 1922 sed
633 1902 666 1924 v.
693 1892 737 1924 ml
759 1882 844 1933 §.st
870 1911 915 1916 —
950 1891 1003 1924 Dc
1026 1890 1087 1924 sed
1108 1887 1303 1932 particulae
1325 1884 1441 1928 ellipsi.

57 1948 163 1982 v..a‹l
186 1959 216 1981 c.
234 1947 356 1988 LVIII,
377 1946 433 1980 Η.
451 1966 495 1971 -—
526 1947 693 1991 Prospera
727 1949 853 1981 cedunt
882 1948 1043 1991 plurimis
1073 1948 1285 1980 sustentatur
1315 1941 1439 1981 libris;

57 2004 144 2038 olim
175 2005 389 2048 vulgabatur
423 2015 583 2048 prospere
619 2006 690 2039 ced.
741 2005 962 2039 Adiectivum
996 2016 1059 2048 pro
1091 2001 1258 2036 adverbio
1290 1999 1442 2043 positum

57 2063 310 2097 illustravimus
334 2062 379 2094 ad
401 2073 430 2096 e.
449 2063 576 2105 XXVI,
599 2062 632 2096 5.
682 2063 781 2097 Adde
815 2063 968 2096 GronoV.
1006 2062 1051 2094 ad
1077 2059 1192 2095 Tacit.
1225 2059 1312 2092 Ann.
1338 2057 1382 2095 ΙΙ,
1405 2053 1440 2096 5,

58 2119 135 2154 init.
170 2119 393 2153 Germanicus
417 2123 571 2153 tractare
599 2131 689 2163 quae
711 2121 778 2154 sibi
809 2121 948 2154 tertium
971 2119 1044 2152 iam
1066 2127 1196 2150 annum
1219 2112 1441 2158 belligeranti

59 2187 164 2210 saeva
184 2177 242 2208 vel
258 2186 426 2218 prospera
448 2177 650 2211 evenissent.
670 2196 716 2201 —
749 2178 790 2210 T.
816 2177 969 2209 Manlius
995 2176 1210 2219 Torquatus,·
1232 2180 1441 2215 praenomen

60 2232 186 2273 Manlii
213 2231 251 2264 in
281 2242 352 2264 uno
386 2232 504 2266 Guelf.
536 2233 592 2267 11.
641 2235 741 2267 Titus
773 2233 954 2273 scribitur,
984 2231 1109 2266 relicui
1132 2241 1251 2265 omnes
1285 2230 1328 2263 A.
1353 2228 1377 2262 i.
1403 2239 1434 2260 e.

61 2292 170 2325 Aulus
191 2289 366 2323 exhibent.
401 2287 471 2321 Sed
494 2300 601 2332 quum
622 2290 760 2324 librarii
783 2290 983 2333 saepissime
1005 2289 1042 2322 in
1064 2287 1264 2322 nominibus
1286 2288 1437 2330 peccent,

61 2348 212 2382 aliorum
241 2345 359 2390 potius
388 2345 618 2389 scriptorum,
649 2347 710 2390 qui
741 2350 934 2380 constanter
970 2347 1085 2380 Titum
1114 2349 1260 2385 vocant,
1285 2342 1439 2391 auctori-

61 2410 169 2440 tatem
190 2403 561 2447 sequendam'putavi3
587 2404 633 2437 cf.
658 2403 733 2437 Cic.
757 2404 801 2436 (le
823 2403 894 2438 Ofl'.
914 2405 976 2445 111,
995 2404 1052 2442 31,
1074 2402 1142 2436 112
1164 2413 1239 2445 sqq.
1273 2401 1315 2434 L.
1334 2401 1439 2434 Mau·

62 2463 145 2496 lium
180 2462 229 2494 M.
255 2459 458 2503 Pomponius
488 2461 755 2503 criminabatur,
788 2462 878 2506 quod
912 2461 1066 2495 Titum
1098 2462 1123 2503 s
1130 2460 1183 2493 ili
1194 2470 1261 2492 um
1299 2458 1343 2491 ab
1376 2457 1438 2490 ho·-

61 2520 209 2554 minibus
230 2520 442 2563 relegasset,
473 2521 508 2551 et
534 2518 657 2561 paullo
686 2522 764 2561 post
797 2524 902 2562 atque
934 2518 989 2552 hie
1023 2519 1064 2551 T.
1089 2516 1292 2551 Manlius
1322 2515 1352 2548 is
1377 2518 1440 2554 est,

62 2579 158 2612 euius
186 2577 289 2610 tertio
321 2576 501 2610 consulatu
531 2575 654 2608 Latini
684 2575 732 2607 ad
768 2575 917 2608 Veserim
942 2576 1019 2618 fusi
1052 2579 1085 2609 et
1109 2574 1256 2619 fugati,
1289 2582 1442 2616 magnus

62 2636 117 2669 vir
139 2635 176 2668 in
196 2634 339 2677 primis,
363 2639 396 2668 et
420 2634 479 2678 qui
497 2633 745 2677 perindulgens
766 2633 804 2666 in
821 2639 962 2696 patrem
984 2634 1077 2667 idem
1100 2633 1221 2666 acerbe
1244 2641 1380 2664 severus
1403 2630 1441 2661 in

55 2692 190 2736 filium,
214 2691 259 2726 ad
282 2702 386 2735 quem
407 2691 523 2726 locum
545 2701 580 2724 v.
604 2690 684 2724 Car.
707 2690 825 2725 Beier.
860 2690 907 2725 cf.
931 2690 974 2724 de
995 2690 1095 2724 Finn.
1126 2690 1155 2731 1,
1179 2689 1216 2731 7,
1242 2688 1299 2722 23.
1348 2686 1441 2719 Gell-

64 2749 124 2792 IX,
141 2748 202 2791 13,
223 2751 308 2783 extr.
351 2748 428 2783 Liv.
460 2747 550 2791 vul,
577 2746 601 2781 ⁷
635 2759 708 2792 sqq.
751 2748 804 2783 Ex
836 2746 961 2792 quibus
998 2747 1208 2792 scriptorum
1237 2742 1444 2780 testimoniis
