1630 3034
405 113 578 154 RERUM
601 111 664 153 Ac
692 111 965 153 VERBORUM
1321 110 1375 153 63

2 225 326 266 Plusquampersectnm
343 225 425 258 vitio
440 235 482 258 ex
507 224 697 268 imperfecto
714 228 830 263 ortum,
850 221 891 258 G.
911 223 965 263 56,
991 223 1024 258 2.

2 281 290 323 Plusquamperfecti
306 281 506 314 indicativus
531 291 594 314 non
621 281 696 324 poni
724 284 832 324 potest
854 291 911 324 pro
935 279 1073 322 perfecti
1095 279 1325 320 coniunctim,
1350 279 1373 312 Ι.

93 336 148 376 31,
167 336 219 370 19.

2 392 288 434 Plusquampersecti
305 392 506 425 indicativus
524 401 568 425 ex
581 393 661 433 quod
677 392 825 436 pendens
844 392 876 424 in
894 388 1138 424 co'niunctivum
1160 390 1299 434 perfecti
1317 392 1375 424 de-

92 453 263 492 pravatus,
291 445 330 481 C.
353 448 406 488 18,
426 448 457 481 3.
505 448 530 481 Ι.
552 447 606 487 39,
627 448 658 482 1.

0 503 285 546 Plusquampersecli
302 505 532 538 coniunctivus
545 505 612 537 vim
629 504 730 537 habet
753 504 961 537 coniunctivi·
980 502 1084 537 futuri
1101 504 1229 542 exacti,
1266 503 1291 536 Ι.
1321 503 1376 542 64,

135 559 169 594 2.
222 560 298 601 112,
317 561 348 593 3.

0 614 286 657 Plus-quamperfesli
301 616 482 658 singularis
500 616 631 658 quidam
646 625 740 655 usus,
766 615 803 649 C.
821 615 878 654 33,
896 615 928 648 6.

1 671 177 703 Plutarchus
195 681 238 704 ex
254 671 412 705 Sallustio
432 673 591 715 quaedam
607 673 784 716 expressit,
808 671 832 705 Ι.
853 671 909 712 85,
929 670 984 704 16.
1031 670 1087 710 85,
1105 670 1160 704 33.

1 727 118 760 Poenae
135 738 198 760 esse
214 738 271 771 pro
287 730 401 771 puniri,
419 729 565 761 insolens
585 729 697 769 dictio,
716 738 778 771 quo
795 732 985 767 excusetur,
1003 726 1028 760 Ι.
1048 726 1103 765 69,
1121 726 1154 760 3.

2 782 117 815 Poenas
132 788 232 824 petere
250 786 279 815 in
297 786 429 825 aliquem
446 785 510 817 dici
529 795 591 816 non
608 789 727 827 potest,
755 784 780 817 Ι.
799 784 855 824 65,
873 783 904 817 3.

2 838 154 871 Poenilere
171 841 307 881 aliquam
324 851 398 879 rem,
415 839 440 872 Ι.
461 839 515 879 85,
533 839 589 873 28.

2 893 137 927 Poenileo
154 906 211 938 pro
228 898 359 937 poenitet
374 907 432 935 me,
451 906 513 928 non
528 895 659 935 falsum,
684 894 709 928 Ι.
726 894 802 935 104,
818 896 851 927 5.

2 949 117 982 Poenus
135 952 156 983 i.
176 961 207 993 q.
227 952 294 986 dux
310 953 452 991 Poenus,
477 951 502 984 Ι.
521 951 576 991 81,
596 951 628 984 3.

2 1005 119 1038 Pollens
141 1011 306 1048 potensque
319 1017 419 1040 voces
436 1017 536 1050 saepe
554 1007 750 1039 coniunctae
767 1006 923 1049 quomodo
938 1016 1042 1039 sensu
1059 1006 1223 1046 differant,
1249 1006 1272 1040 1.
1295 1008 1324 1046 1.
1345 1008 1377 1043 3.

1 1061 141 1094 Polliceri
158 1064 235 1105 quid
255 1063 388 1096 diflerat
403 1073 422 1095 a
439 1064 622 1105 promittere,
640 1063 665 1096 I.
684 1061 741 1103 47,
761 1064 793 1096 4.
843 1062 920 1103 113,
940 1062 970 1095 1.

2 1117 141 1150 Polliceri
157 1120 234 1161 quid
252 1119 382 1152 differat
399 1130 417 1152 a
433 1119 611 1161 pollicitari,
638 1117 674 1152 C.
693 1118 747 1159 38,
767 1118 798 1152 1.
847 1118 871 1151 Ι.
891 1118 924 1157 8,
943 1117 974 1151 1.
1023 1117 1077 1157 16,
1097 1117 1129 1150 3.
1179 1119 1234 1156 23,
1253 1119 1285 1150 2.

3 1173 136 1206 Pouutus
153 1176 245 1207 vocis
264 1176 395 1219 propria
410 1176 476 1215 vis,
499 1174 525 1208 Ι.
546 1175 600 1215 15,
619 1175 651 1208 5.
717 1213 724 1221 ·

2 1229 173 1271 Pomptinus
191 1229 276 1273 (ss),
296 1231 330 1264 C.
351 1232 405 1270 45,
426 1231 455 1263 1.

2 1286 113 1318 Ponere
130 1287 170 1319 de
185 1288 330 1328 praemiis
349 1288 483 1325 dictum,
512 1285 547 1319 C.
566 1285 622 1321 20.
650 1285 702 1319 14.

5 1342 117 1374 Ponere
135 1343 261 1386 aliquid
278 1345 308 1374 in
326 1344 440 1375 tertiam
456 1347 575 1384 partem
589 1347 623 1375 et
639 1343 668 1373 in
685 1345 771 1383 parte
788 1343 886 1381 tertia,
904 1341 928 1374 Ι.
944 1341 998 1381 17,
1017 1341 1049 1374 3.

3 1398 114 1430 Ponere
127 1399 259 1439 aliquem
275 1401 497 1441 imperatorem,
514 1398 539 1431 Ι.
559 1398 616 1439 24,
634 1397 665 1430 7.

4 1455 115 1486 Ponere
133 1465 192 1486 rem
209 1455 230 1487 i.
251 1465 281 1497 q.
301 1456 396 1495 finire,
414 1455 439 1487 Ι.
469 1454 544 1493 112,
563 1454 595 1488 2.

3 1510 192 1551 Pontificatus
209 1512 404 1554 simpliciter
423 1511 544 1542 dictum
562 1520 618 1552 pro
637 1509 829 1553 pontificatu
842 1510 993 1549 maximo,
1007 1506 1048 1542 C.
1069 1509 1124 1548 49,
1143 1510 1175 1541 2.

3 1566 162 1607 Popularis
180 1568 202 1599 i.
218 1577 249 1609 q.
269 1567 391 1606 socius,
419 1565 453 1598 C.
469 1566 524 1605 22,
545 1565 575 1597 1.

4 1621 135 1664 Populus
153 1623 295 1655 arctiore
314 1632 415 1654 sensu
431 1623 460 1653 i:
475 1631 504 1663 q.
521 1622 620 1663 plebs,
647 1619 687 1654 C.
708 1620 763 1661 85,
784 1620 837 1653 10.

3 1678 133 1719 Populus
151 1679 307 1720 quomodo
324 1678 456 1710 differat
471 1688 491 1710 a
508 1681 591 1717 (lente
608 1681 642 1709 et
658 1678 789 1715 natione,
809 1675 843 1708 C.
865 1676 918 1715 10,
939 1676 968 1709 1.
1018 1676 1043 1710 l.
1062 1676 1116 1715 81,
1144 1676 1175 1709 3.

3 1734 134 1775 Populus
152 1734 235 1766 Rom.
256 1735 288 1766 in
304 1734 396 1766 codd.
417 1733 572 1765 confusus
591 1743 662 1765 cum
674 1734 762 1773 plebe
778 1733 874 1772 Rom„
894 1732 930 1764 C.
957 1731 1012 1771 31,
1032 1731 1063 1765 7.

3 1789 133 1831 Populus
150 1790 272 1822 dicitur
287 1801 344 1832 pro
361 1794 439 1821 terra
464 1794 523 1821 aut
539 1799 612 1830 affro
630 1788 752 1832 populi,
777 1787 801 1820 Ι.
820 1787 876 1827 88,
895 1788 928 1821 3.

3 1845 110 1887 Populi
126 1847 254 1878 nomine
273 1846 339 1877 dux
357 1850 415 1878 aut
427 1855 487 1877 rex
503 1845 613 1888 populi
631 1844 851 1884 significatur,
877 1843 902 1877 Ι.
921 1843 977 1883 81,
991 1843 1023 1875 3.

3 1900 109 1933 Porcia
126 1902 186 1940 lex,
204 1897 243 1932 C.
265 1901 319 1939 51,
338 1901 393 1932 22.

4 1957 96 1988 Porro
114 1956 285 1988 continuat
302 1956 482 1988 orationem
499 1954 540 1987 ad
557 1955 735 1995 contr-aria,
753 1955 779 1988 Ι.
798 1955 854 1995 25,
873 1954 903 1987 7.

6 2013 94 2044 Porta
111 2011 289 2044 collective
307 2021 408 2044 sensu
425 2021 481 2054 pro
505 2011 601 2051 portis
618 2011 752 2050 dictum,
777 2010 803 2043 Ι.
826 2009 901 2050 100,
920 2012 951 2043 4.

5 2068 111 2100 Portae
128 2072 294 2099 castrorum
311 2077 383 2099 cum
402 2076 482 2098 cura
498 2066 769 2106 instituebantur,
817 2066 842 2099 Ι.
861 2066 916 2105 99,
936 2066 964 2099 1.

4 2124 127 2156 Portare
144 2124 301 2167 quomodo
315 2123 447 2155 differat
464 2132 482 2154 a
498 2125 587 2162 serre,
606 2121 641 2155 C.
655 2122 690 2161 6,
706 2123 740 2155 5.
788 2122 813 2155 I.
834 2122 888 2161 36,
907 2121 938 2154 1.

4 2179 181 2212 Portenderc
197 2184 232 2212 et
246 2184 414 2220 portentum
431 2179 520 2221 quid,
539 2178 563 2211 Ι.
584 2177 617 2216 3,
635 2177 668 2211 2.
716 2177 772 2217 63,
792 2178 821 2211 1.

5 2234 166 2267 Possid5re
182 2236 204 2268 i.
225 2245 255 2278 q.
275 2245 449 2278 occupare.
476 2234 500 2265 l.
522 2234 554 2273 6,
573 2234 603 2265 5.

5 2291 128 2323 Possum
145 2295 241 2324 extra
259 2291 481 2323 condicionem
498 2289 650 2332 positum,
667 2289 725 2321 ubi
743 2289 930 2331 germanice
947 2289 1097 2322 condicio
1110 2290 1248 2330 obtinet,
1268 2290 1302 2323 C.
1323 2291 1376 2330 51,

95 2347 128 2379 4.
175 2346 201 2379 Ι.
219 2346 274 2385 95,
293 2346 325 2379 3.

4 2396 182 2434 Posse‘cum
200 2411 291 2442 quam
305 2401 468 2444 particula
487 2402 695 2433 coniunctum
713 2402 778 2433 vim
795 2401 990 2444 superlativi
1008 2406 1120 2443 aug-et,
1139 2401 1163 2434 1.
1187 2402 1238 2442 13,
1252 2403 1285 2436 2.

10 2457 78 2489 Post
98 2462 132 2489 et
144 2468 199 2498 per
216 2457 364 2495 confusa,
393 2456 427 2488 C.
447 2456 502 2495 38,
520 2456 552 2488 3.

6 2512 73 2544 Post
91 2522 162 2544 cum
180 2513 306 2544 nomine
325 2512 532 2544 coniunctum
557 2513 621 2544 vim
647 2512 746 2545 habet
770 2513 920 2555 integrae
946 2514 1206 2552 enunciationis,
1241 2514 1264 2547 1.
1285 2515 1316 2553 5,
1343 2516 1374 2548 4.

98 2568 152 2606 55,
171 2567 204 2599 3.

8 2623 154 2655 postesse
170 2622 390 2657 scribendum,
410 2632 472 2653 non
490 2627 633 2662 postesse,
653 2622 688 2656 C.
707 2623 762 2663 23,
781 2624 811 2655 6.
