1630 3034
217 109 273 153 40
576 112 586 120 ”
718 124 721 125 ’
828 109 986 149 INDEX

219 223 366 255 Ianuariis
384 221 528 252 Kalendis
546 220 699 252 consules
717 221 946 261 magistratum
964 219 1104 258 inibant,
1123 218 1159 251 C.
1180 219 1234 257 18,
1252 220 1283 252 4.

217 279 304 309 Ianus
321 277 413 310 vocis
431 276 534 308 forma
548 275 706 318 quomodo
725 275 833 314 facta,
857 275 882 308 Ι.
901 275 956 313 89,
976 275 1007 308 6.

216 334 259 365 1ὺί
275 335 297 366 i.
317 343 347 375 q.
368 332 453 376 apud
470 342 556 371 eum,
576 330 610 364 C.
632 332 664 364 5.
681 331 712 364 2.

217 391 260 422 Ibi
278 390 300 422 i.
321 399 350 431 q.
368 393 448 428 tum,
466 387 490 420 Ι.
513 387 588 427 114,
606 388 639 421 2.

218 447 261 478 Ibi
278 445 449 478 confusum
467 454 538 477 cum
555 445 613 483 illi,
640 444 663 477 Ι.
685 442 762 483 114,
781 444 813 475 2).

217 503 250 535 Id
268 506 322 541 est,
341 501 529 544 explicandi
542 500 694 540 formula.
712 499 736 532 Ι.
758 499 812 540 31,
830 500 887 533 20.

217 559 249 590 Id
268 559 348 598 quod
363 567 420 600 pro
439 557 519 597 qnod
530 557 672 599 positum
688 556 953 600 interpunctione
970 566 1034 590 non
1051 561 1106 589 est
1121 556 1384 599 disiungefflum,
1413 557 1449 590 C.
1469 557 1524 596 51,
1542 547 1597 589 20⁷.

308 613 333 647 Ι.
354 612 458 652 56,1.
507 611 562 651 85,
581 612 636 645 24.

217 672 298 703 Idem
314 680 385 702 eum
404 669 515 701 dativo
532 678 651 710 graeco
667 678 755 701 more
773 669 994 709 coniunctum,
1021 669 1055 702 C.
1077 669 1132 710 20,
1151 669 1182 703 3.

217 727 299 759 Idem
316 736 382 758 cum.
399 726 514 765 aliquo,
532 724 556 757 Ι.
578 724 632 764 14,
652 725 704 758 19.

217 784 298 815 Idem
315 792 387 814 cum
405 782 523 824 copula
542 782 751 814 coniunctum
769 792 865 824 quam
883 783 948 815 vim
965 783 1098 822 habeat,
1123 783 1147 815 Ι.
1169 783 1222 823 14,
1243 783 1295 817 11.

218 840 298 872 Idem
315 849 415 882 saepe
434 848 505 870 cum
523 838 784 871 demonstrativo
801 839 1025 879 coniungitur,
1051 838 1075 871 Ι.
1097 839 1152 878 14,
1169 838 1224 873 21.

217 896 298 928 Idem
315 896 435 927 etitem
451 894 601 933 confusa,
623 894 656 926 C.
677 893 731 934 51,
750 893 781 927 7.

219 953 360 991 Idoneus,
379 950 472 983 vocis
489 950 620 993 propria
637 955 797 993 potestas,
818 950 853 983 C.
874 951 928 989 51,
946 949 1002 983 27.
1053 950 1077 983 Ι.
1094 950 1150 990 73,
1166 950 1200 985 2.
1250 950 1304 990 75,
1323 952 1354 984 3.
1406 952 1461 990 95,
1474 952 1506 986 2.

218 1009 309 1049 19itur
326 1007 448 1039 dicitur
464 1006 521 1038 ubi
546 1006 652 1038 oratio
665 1006 754 1038 redit
769 1006 811 1038 ad
828 1006 1042 1049 propositum,
1059 1006 1084 1039 I.
1113 1006 1167 1046 19,
1188 1006 1218 1039 7.

217 1064 296 1105 Ignis
308 1063 433 1095 missilis
451 1063 607 1104 quomodo
626 1067 832 1105 comparatus
850 1062 963 1098 fuerit.
994 1062 1018 1095 l.
1039 1061 1092 1102 57,
1111 1064 1142 1095 5.

219 1121 338 1160 Ifynotus
356 1125 389 1152 et
406 1121 528 1159 iynarus
547 1118 656 1150 activo
674 1123 709 1150 et
720 1118 855 1161 passivo
872 1128 974 1151 sensu
987 1119 1087 1159 dicta,
1108 1118 1144 1152 C.
1166 1118 1219 1158 10,
1233 1120 1264 1152 5.
1315 1119 1338 1153 Ι.
1359 1116 1414 1160 18,
1431 1121 1462 1154 6.

217 1177 270 1208 me
285 1186 366 1215 rem,
386 1177 425 1208 de
444 1186 507 1218 qua
524 1175 647 1216 agitur,
668 1174 876 1216 conspicuam
889 1174 982 1214 facit,
1008 1175 1032 1208 Ι.
1053 1175 1107 1215 95,
1122 1176 1154 1208 4.

217 1233 271 1265 Ille
288 1234 417 1275 quando
434 1243 492 1275 pro
509 1232 668 1264 reflexim
685 1232 874 1274 pronomine
888 1236 1041 1275 ponatur,
1060 1232 1084 1265 1.
1104 1232 1159 1270 96,
1177 1233 1209 1265 ,2.

218 1290 270 1321 Ille
285 1300 343 1333 pro
356 1291 382 1320 is
396 1289 529 1327 dictum,
554 1287 579 1320 Ι.
599 1287 632 1326 8,
650 1288 683 1322 2.

219 1346 271 1378 Ille
289 1347 365 1377 alter
382 1355 444 1388 quo
462 1354 564 1377 sensu
582 1344 723 1384 dicatur,
749 1343 773 1376 I.
796 1343 850 1383 16,
869 1346 900 1376 5.

217 1402 270 1434 Ille
286 1412 358 1433 eum
376 1403 455 1433 idem
475 1401 696 1439 coniunctum,
723 1400 747 1433 I.
766 1400 822 1439 25,
839 1401 871 1434 2.

217 1458 269 1490 Ille
285 1459 317 1490 in
336 1458 485 1490 oratione
503 1457 637 1499 obliqua
655 1457 797 1496 ponitur,
814 1457 871 1488 ubi
890 1461 982 1489 recta
999 1458 1046 1489 hic
1070 1458 1237 1500 postulat,
1264 1458 1288 1492 1.
1315 1457 1372 1498 49,
1402 1459 1433 1492 3.
1491 1459 1545 1499 51,
1564 1460 1595 1492 4.

307 1514 363 1553 56,
381 1515 413 1546 4.
466 1513 541 1552 106,
562 1513 591 1546 1.

217 1571 268 1601 Ille
285 1570 380 1602 initio
404 1570 555 1613 ponitur,
582 1570 712 1612 quando
737 1579 957 1612 praegressae
971 1569 1216 1603 enunciatiouis
1240 1569 1404 1604 obiectum
1428 1568 1598 1614 seqilentis

307 1626 492 1658 subiectum
510 1625 560 1667 fit,
579 1624 613 1657 C.
634 1626 688 1664 45,
707 1625 738 1657 2.
789 1625 843 1666 59,
863 1627 894 1658 5.
944 1625 970 1658 I.
994 1625 1048 1665 59,
1067 1625 1099 1658 3.
1149 1626 1204 1666 65,
1227 1628 1258 1660 5.
1307 1627 1363 1662 83.
1383 1627 1414 1662 3.
1465 1627 1543 1668 102,
1563 1627 1595 1662 3.

215 1683 293 1714 Illud
310 1680 480 1714 indefinito
498 1690 599 1713 sensu
616 1682 756 1723 positum
775 1687 935 1723 sequente
953 1682 1186 1716 enunciatione
1205 1683 1406 1725 illustratur,
1433 1683 1468 1719 C.
1490 1684 1544 1724 51,
1563 1683 1595 1718 7.

305 1737 329 1770 I.
349 1737 404 1777 85,
425 1738 456 1769 5.

215 1794 263 1825 Illi
280 1793 451 1826 confusum
467 1802 537 1824 cum
557 1794 609 1831 ibi,
642 1793 665 1825 Ι.
689 1792 766 1831 114,
786 1794 815 1824 2³.

215 1850 373 1891 lmayines,
392 1859 505 1882 earum
522 1859 615 1888 usus,
635 1848 660 1884 Ι,
680 1849 712 1887 4,
734 1850 763 1881 5.

213 1905 371 1937 ΙηιὺυοὶΙΙῘε
389 1910 423 1938 et
438 1906 617 1944 imbecillus,
633 1904 655 1937 Ι.
679 1905 708 1943 1,
729 1905 757 1937 1.

216 1962 355 1993 Immanis
373 1962 466 1994 vocis
485 1961 579 2002 origo
597 1965 630 1994 et
646 1961 711 2000 vis,
741 1960 764 1993 1.
786 1961 841 2001 31,
862 1962 914 1995 12.

212 2018 386 2051 Imminnere
402 2019 423 2050 i.
444 2027 475 2059 q.
495 2027 716 2059 corrumpere,
731 2017 878 2058 turbare,
904 2019 927 2052 1.
947 2019 1004 2057 81,
1021 2021 1053 2052 4.
1106 2019 1180 2059 110,
1192 2021 1222 2052 2.

212 2074 369 2108 Imminuta
385 2084 490 2113 mons,
508 2074 530 2106 i.
551 2083 581 2115 q.
602 2073 747 2112 turbata,
766 2073 789 2106 l.
810 2074 866 2112 65,
886 2074 915 2107 1.

212 2131 369 2162 Imminere
387 2131 516 2170 aliclnem
536 2130 557 2161 i.
578 2140 608 2171 q.
628 2129 824 2169 subornare,
844 2131 878 2162 C.
900 2131 953 2164 48.
974 2132 1005 2164 8.

210 2186 351 2218 Immanis
369 2186 492 2217 dicitur
509 2186 563 2228 qui
583 2185 740 2218 tributum
758 2196 820 2217 non
839 2188 963 2229 pendit.
984 2187 1006 2220 1.
1027 2188 1082 2221 89.
1102 2190 1132 2222 4.

214 2243 359 2283 Impedire
376 2242 518 2284 aliquem
538 2244 575 2279 ob
594 2243 699 2282 aliqua
718 2252 761 2279 re,
780 2242 803 2274 Ι.
824 2243 879 2281 30,
899 2243 929 2275 3.

209 2298 388 2340 Impendffre
405 2303 439 2330 et
454 2296 630 2339 impendere
648 2297 798 2336 confusa,
829 2299 863 2331 C.
885 2299 940 2338 28,
959 2299 991 2333 2.

212 2354 375 2395 Impensius
389 2356 478 2386 modo
497 2355 517 2386 i.
539 2364 569 2396 q.
590 2363 689 2396 supra
709 2355 848 2394 modum,
881 2355 904 2387 1.
925 2354 980 2394 47,
999 2356 1029 2388 3.
1082 2355 1135 2393 75,
1157 2355 1185 2388 1.

208 2409 360 2451 Imperare
377 2411 468 2441 alicui
485 2411 614 2451 aliquid,
641 2409 666 2442 I.
687 2409 741 2443 62.
763 2411 792 2442 5.

209 2466 360 2506 Imperare
377 2467 468 2497 alicui
485 2467 603 2506 aliquid
621 2466 713 2497 alicui
729 2468 784 2505 rei,
804 2465 839 2499 C.
860 2467 914 2505 32,
935 2467 964 2500 1.

209 2521 358 2562 Imperare
376 2522 406 2554 in
426 2522 539 2555 eadem
555 2522 787 2554 cnunciatione
806 2533 878 2557 cum
892 2527 921 2554 ut
938 2524 1101 2566 particulo
1124 2529 1158 2559 ot
1184 2534 1257 2559 oum
1274 2527 1444 2559 αοειιωιοῖυυ
1460 2537 1487 2559 c.
1506 2528 1588 2567 infin.

298 2576 457 2617 iunctum,
476 2578 499 2610 Ι.
525 2577 554 2617 1,
572 2577 604 2609 2.
655 2577 710 2614 25,
732 2577 761 2610 1.

206 2633 358 2675 Imperare
376 2644 448 2666 cum
467 2634 630 2667 infinitivo
648 2635 749 2668 activi
768 2636 914 2670 iunctum
928 2636 983 2670 ubi
1002 2646 1143 2679 persona
1153 2646 1216 2671 non
1229 2638 1426 2677 nominatur,
1444 2638 1468 2671 1.
1487 2637 1586 2677 ⁴⁷2.
