1630 3034
130 195 217 236 364
501 189 548 231 G.
577 187 899 231 SALLUSTI
929 187 1151 232 CRISPI

132 307 265 361 bant3
298 303 358 349 ad
392 303 483 349 hoc
519 303 727 349 mulieres
754 304 975 365 puerique
1004 319 1093 366 pro
1128 305 1253 350 tectis
1289 304 1520 351 aedificio—

132 418 232 448 rum
275 417 378 446 saxa
424 407 469 446 et
516 401 626 459 alia,
673 416 790 461 quae
832 402 960 447 locus
999 402 1273 463 praebebat,
1319 404 1519 448 certati-m

97 500 324 547 2mittere.
394 498 462 543 lta
504 514 653 558 neque
689 499 837 544 caveri
884 515 1050 560 anceps
1089 500 1282 559 malum,
1311 515 1462 560 neque
1495 517 1522 545 a

129 597 393 644 fortissumis
430 595 743 641 infirmissumo
792 596 950 658 generi
992 597 1136 642 resisti
1185 612 1348 658 posse3
1399 598 1521 642 iuxta

129 695 237 741 boni
278 694 497 754 malique,
548 694 714 738 strenui
758 700 802 738 et
843 695 1047 740 imbelles
1094 695 1221 740 inulti
1251 695 1520 740 obtruncari.

130 848 224 880 cem,
258 838 379 881 portae
407 834 566 876 clausae,
599 832 791 868 munerum
826 834 981 877 ferocia,
1015 836 1053 870 in
1086 839 1250 881 promptu
1273 834 1382 869 estin
1405 833 1520 877 primo

128 896 295 932 orationis
317 897 493 937 membro¹
513 907 583 929 nou
607 895 722 929 solum
745 907 828 929 nam
852 895 1084 940 particulam,
1120 897 1179 931 sed
1205 894 1317 932 etiam
1338 899 1417 930 erat
1440 905 1520 928 ver-

128 959 212 994 bum
237 958 407 993 omissum
430 968 528 998 csse3
561 957 604 990 de
627 959 777 999 utroque
799 966 834 990 v.
859 956 904 990 ad
927 968 957 990 c.
981 958 1152 1000 xxvm,
1176 957 1210 993 5.
1235 975 1278 983 --
1313 956 1379 990 Aa
1403 965 1519 989 arcem

127 1031 229 1055 sensu
252 1018 344 1054 idem
376 1023 428 1052 est
459 1023 563 1062 atque
586 1019 624 1052 in
642 1028 743 1058 arce3
774 1017 870 1050 haud
901 1027 985 1052 raro
1009 1018 1103 1052 enim
1130 1018 1200 1052 ista
1230 1016 1443 1062 praepositio
1466 1015 1520 1050 iu·

126 1081 236 1117 servit
259 1081 339 1115 loco
370 1079 605 1125 designando,
637 1078 697 1113 ubi
720 1077 854 1121 aliquid
888 1081 963 1120 θεῖς
993 1079 1041 1114 cl'.
1059 1079 1259 1122 exemplum
1283 1077 1377 1114 Livii
1400 1077 1520 1121 paullo

125 1148 206 1179 ante
229 1143 377 1177 allatum
400 1141 539 1181 xxm,
563 1139 609 1174 16
623 1167 634 1182 ,
658 1139 716 1173 12.
749 1144 784 1174 et
816 1151 852 1174 V.
874 1140 1059 1175 Handium
1081 1141 1125 1175 de
1148 1140 1296 1175 Particc.
1320 1140 1412 1174 Latt.
1441 1137 1519 1174 vol.

127 1206 153 1240 Ι.
177 1217 213 1249 p.
235 1203 294 1238 91.
317 1214 351 1237 n.
375 1200 410 1236 5.
456 1202 560 1236 Hanc
584 1199 679 1234 vocis
703 1200 777 1235 vim
804 1201 1015 1245 omninoque
1037 1200 1289 1237 enunciationis
1309 1202 1520 1234 structuram

125 1278 193 1300 non
217 1263 367 1299 assecuti
390 1262 528 1297 librarii
553 1262 588 1296 in
611 1262 732 1296 multis
755 1263 868 1307 codd.‚
893 1263 993 1297 velut
1016 1262 1051 1297 in
1083 1263 1167 1297 Bas.
1192 1263 1227 1297 1.
1251 1262 1358 1297 Fabr.
1379 1260 1415 1296 2.
1438 1259 1519 1293 Vin.

124 1329 159 1362 1.
184 1327 220 1364 2,
245 1326 326 1360 Son.
355 1326 385 1359 Ι.
410 1325 445 1359 2.
469 1326 597 1360 Heuss.
621 1324 717 1358 Vrat.
741 1323 774 1358 2.
800 1324 835 1358 3.
863 1323 983 1358 Struv.
1004 1324 1074 1358 luc.
1102 1324 1138 1359 2.
1165 1323 1312 1358 Eccard.
1336 1321 1459 1356 Guelf.
1483 1319 1516 1354 1.

124 1390 159 1424 2.
184 1389 219 1424 3.
243 1388 277 1422 9.
302 1387 359 1421 11.
383 1387 522 1421 Pembr.
548 1386 662 1420 Mark.
697 1388 739 1420 Γ.
764 1386 859 1430 Reg.
882 1385 991 1422 Laud.
1018 1385 1052 1419 3.
1078 1385 1183 1420 Mart.
1211 1385 1331 1426 Bodl.,
1355 1383 1404 1418 ad
1427 1381 1517 1416 omi·

123 1454 269 1491 serunt,
302 1460 416 1482 arcem
449 1447 581 1492 pariter
617 1451 656 1482 ut
679 1448 816 1492 sugam
841 1447 886 1481 ad
907 1446 1136 1492 prohibebant
1159 1446 1370 1487 referentes,
1406 1453 1517 1488 quam

124 1510 318 1554 scripturae
341 1513 376 1542 et
399 1508 640 1553 explicationis
663 1507 834 1542 rationem
849 1533 859 1550 ,
896 1512 935 1542 ut
964 1508 1077 1542 multa
1100 1507 1173 1542 alia
1195 1507 1333 1552 inepta,
1368 1503 1519 1539 Weisius

122 1584 234 1617 nuper
263 1583 304 1606 ex
344 1571 509 1604 obsoletis
540 1571 616 1604 edd.
656 1569 808 1613 repetiit.
840 1588 887 1594 —
921 1569 1005 1604 Pro
1037 1570 1137 1605 tectis
1167 1568 1330 1603 Tellerus
1368 1565 1518 1601 mirifice

123 1635 240 1678 lapsus
262 1632 297 1666 in
320 1631 437 1666 Indice
462 1632 537 1665 Lat.
573 1643 607 1675 p.
631 1630 712 1665 ⁴153.
737 1630 1004 1675 iuterpretatur:
1036 1630 1206 1664 uachdem
1239 1641 1274 1664 es
1298 1629 1356 1663 dic
1382 1627 1517 1661 Ddcher

120 1693 374 1730 verstattetcn!
406 1691 551 1727 Rectius
583 1690 689 1726 ceteri
726 1690 875 1725 editores
909 1691 1088 1735 explicant
1110 1691 1155 1726 de
1178 1691 1300 1731 tecti-⁴1,-
1331 1689 1391 1724 sed
1414 1698 1514 1722 caus—

119 1768 216 1797 sam,
245 1766 308 1788 cur
330 1754 394 1788 liat
409 1778 420 1795 ,
449 1757 490 1787 ut
512 1763 576 1797 pro
601 1751 693 1785 idem
718 1752 922 1797 significare
945 1752 1052 1796 possit
1075 1757 1179 1796 atque
1202 1752 1246 1786 de
1270 1751 1327 1785 vel
1351 1750 1510 1792 desuper,

120 1819 256 1864 primus
281 1814 460 1860 expedivit
495 1813 730 1847 Hoffmannus
754 1812 789 1846 in
819 1812 935 1847 lahuii
960 1813 1103 1847 Annali.
1131 1812 1261 1847 Philol.
1297 1815 1333 1845 ct
1357 1810 1510 1854 Paedag.

118 1891 153 1915 a.
180 1878 281 1913 1828.
317 1878 393 1913 Vol.
418 1876 462 1910 11.
495 1875 594 1909 Fasc.
619 1873 652 1907 1.
687 1886 720 1919 p.
749 1874 795 1909 29
817 1886 867 1918 sq.
925 1873 1070 1908 Scilicet
1101 1873 1162 1907 hic
1194 1883 1334 1916 quoque
1369 1869 1512 1916 propria

117 1945 253 1976 constat
275 1936 541 1983 praepositionis
564 1935 616 1970 vis
631 1960 642 1977 ‚
675 1935 718 1968 de
742 1945 814 1978 qua
841 1946 874 1968 v.
903 1935 946 1968 ad
969 1947 999 1969 c.
1025 1935 1163 1977 xxix,
1184 1934 1220 1971 6.
1267 1934 1358 1968 Nam
1382 1931 1442 1976 qui
1467 1931 1511 1965 de

117 2003 217 2039 tectis
240 2001 374 2045 lapides
397 1997 585 2038 deficiunt,
609 1995 658 2030 ita
681 1999 760 2029 sunt
786 1995 969 2037 collocati,
992 2000 1032 2030 ut
1054 1996 1120 2040 ipsi
1143 1995 1179 2029 in
1200 1994 1317 2040 prima
1340 1997 1510 2027 tectorum

119 2069 218 2108 parte
252 2064 428 2096 versantes
454 2059 560 2102 longe
593 2056 785 2091 maximam
825 2067 948 2090 corum
981 2061 1115 2101 partem
1146 2067 1237 2101 pone
1273 2067 1310 2089 se
1340 2054 1509 2096 habeant,

115 2136 228 2171 coque
257 2135 334 2168 pro
365 2120 464 2157 tectis
495 2130 567 2154 esse
602 2117 754 2163 cogitari
788 2117 945 2162 possint3
974 2119 1021 2154 cl'.
1056 2117 1132 2152 Liv-
1159 2117 1255 2159 XXI,
1281 2116 1317 2153 ⁷.
1340 2114 1373 2149 8.
1424 2114 1507 2147 Pro

114 2185 358 2221 moenibus
389 2188 494 2227 atque
532 2180 660 2215 turri
692 2181 765 2214 tela
795 2180 938 2215 micare.
972 2178 1089 2214 Tacit.
1113 2179 1252 2213 Annali.
1279 2177 1371 2218 xlv,
1390 2175 1449 2217 3⁰,
1473 2174 1506 2209 1.

113 2249 238 2282 Stabat
268 2258 348 2291 pro
382 2244 500 2278 littore
532 2242 553 2286 s
565 2242 691 2276 Monac
718 2241 880 2284 insulae)
918 2241 1057 2275 diversa
1080 2241 1183 2275 acies.
1215 2239 1263 2274 ib.
1287 2238 1367 2279 xli,
1390 2235 1448 2278 33,
1471 2235 1505 2272 3.

118 2309 291 2343 catervae
313 2306 492 2340 meliorum
525 2315 606 2348 pro
630 2303 850 2337 munimentis
874 2304 1121 2345 constiterant,
1145 2302 1170 2336 i.
1194 2313 1226 2337 e.
1249 2301 1286 2334 in
1308 2297 1505 2333 munimen·

112 2369 165 2403 tis.
191 2381 225 2405 v,
253 2367 442 2411 Kiessling.
475 2365 519 2399 ad
543 2365 588 2408 ΙΙ,
614 2363 673 2406 81,
700 2365 733 2398 1.
770 2364 921 2399 Histoi-r.
944 2364 1015 2407 ΙΙΙ,
1047 2363 1106 2398 31.
1161 2363 1367 2397 Velamenta
1392 2363 1427 2394 ct
1450 2358 1504 2392 in-

106 2431 206 2473 sulas
225 2441 289 2474 pro
312 2428 421 2462 muris
442 2430 629 2462 ostentant.

206 2493 238 2532 §.
263 2490 299 2523 2.
348 2489 454 2523 inulti
482 2486 704 2530 obtruncari]
735 2485 807 2519 Pro
828 2485 931 2519 inulto·
953 2485 1088 2529 aliquot
1111 2485 1209 2519 codd.
1235 2482 1366 2516 habent
1389 2479 1500 2520 multi,

112 2550 283 2594 frequenti
308 2550 434 2584 harum
461 2561 588 2584 vocum
613 2547 837 2588 confusion03
874 2559 908 2582 v-
933 2547 1028 2581 cort.
1055 2548 1098 2580 ad
1132 2558 1162 2580 c.
1189 2542 1329 2584 xxm,
1353 2541 1388 2576 2.
1412 2541 1499 2574 Dra-

113 2611 301 2645 kenborch.
333 2611 377 2644 ad
405 2611 481 2645 biv.
507 2611 577 2651 ΙΙΙ,
601 2610 660 2650 38,
683 2607 718 2642 3.
769 2607 876 2642 Ιιιιιὶιί
898 2612 1014 2642 autem
1039 2607 1122 2641 huic
1147 2608 1224 2640 loco
1249 2603 1351 2637 unice
1372 2612 1500 2635 convc-

113 2673 189 2707 nire
225 2684 290 2705 non
323 2673 437 2705 solum
471 2671 634 2705 evincunt
665 2679 870 2713 praegressa
903 2670 1011 2703 vcrlm
1044 2680 1151 2713 neque
1185 2666 1300 2701 rosisti
1319 2675 1441 2709 posse.
1465 2667 1499 2696 ct

112 2733 205 2778 quod
228 2733 412 2776 Turpilius
443 2742 532 2765 unus
561 2731 760 2777 profugisse
784 2731 935 2764 intactus
962 2729 1089 2763 dicitur
1104 2755 1113 2771 ‚
1147 2728 1204 2762 sed
1227 2739 1268 2762 cx
1294 2738 1336 2760 co
1360 2736 1498 2770 quoquo

112 2800 225 2839 patet,
259 2792 354 2838 quod
378 2793 640 2828 coniuncturum
665 2803 789 2827 vocum
823 2792 900 2825 boni
925 2792 1076 2836 malique
1098 2802 1140 2825 ac
1163 2790 1294 2825 strenui
1319 2794 1350 2823 et
1375 2786 1496 2821 imbel-
