1630 3034
200 187 259 229 20
557 185 604 227 G.
634 185 984 229 SALLUSTI
1014 185 1240 229 CRISPI

164 307 191 350 5
211 305 332 345 aetas
369 300 614 345 ambitione
659 307 874 361 corrupta
914 303 1171 356 tenebatur3
1217 318 1272 351 ac
1315 319 1414 361 me,
1451 313 1591 364 quum

199 393 258 437 ab
293 392 471 437 relicuis
508 393 636 437 malis
670 395 873 438 moribus
918 393 1220 454 dissentirem,
1255 395 1399 441 nihilo
1444 391 1590 443 niinus

199 526 357 572 equidem
380 528 563 570 efferor
586 527 699 560 studio
716 532 836 571 patres
858 531 991 561 vestros
1013 527 1164 561 videndi.
1191 527 1234 561 de
1257 527 1360 562 Finn.
1373 529 1415 573 V,
1425 529 1461 571 2,
1471 529 1505 565 5.
1528 542 1590 565 suo

198 585 289 618 em‘m
313 585 454 629 quisque
478 584 592 618 studio
618 586 768 618 maxime
793 586 942 619 ducitur.
988 585 1140 619 Meliora
1163 585 1341 629 praecepit
1359 587 1525 622 Bremius
1545 589 1590 622 ad

197 641 283 685 Nep.
309 643 389 675 Dat.
408 641 466 683 IV,
485 639 531 683 5.,
558 640 685 684 quibus
709 643 798 676 adde
822 654 911 686 quae
933 642 1077 687 collegit
1101 642 1271 676 scheller.
1304 643 1340 677 in
1363 645 1446 679 Lex.
1468 637 1588 690 'Amph

195 711 232 743 Ρ.
248 698 353 733 3793.
384 698 456 735 Cic.
479 709 515 742 Ρ.
538 699 673 733 Cluent.
697 699 755 734 70.
780 700 858 734 odio
879 701 983 742 ferri.
1013 694 1119 733 Tusc.
1131 700 1190 739 111,
1208 699 1242 733 5.
1268 701 1408 734 libidine
1432 699 1496 736 izut
1514 700 1590 736 iru-

196 757 324 790 cundia
340 756 444 799 serri-
479 767 513 799 p.
540 756 658 800 Quint.
679 757 733 791 11.
758 753 921 791 avaritia
936 758 1041 800 ferri.
1090 757 1249 790 Studium
1273 757 1392 791 autem
1415 750 1590 803 iniquiore

195 825 299 848 sensu
321 825 385 857 pro
417 813 523 846 nimio
547 815 662 847 studio
695 815 804 848 habet
828 813 913 847 Ter.
940 815 1071 858 Hecyr.
1098 814 1198 850 Prol
1221 815 1250 855 1,
1270 813 1303 847 4.
1324 816 1474 858 populus
1497 814 1589 849 st'u-

196 871 270 905 dio
295 870 453 914 stupidus
481 870 517 903 in
534 872 742 914 funambulo
769 873 925 905 animum
961 877 1160 915 occuparat.
1196 876 1231 905 et
1263 876 1382 924 noster
1404 873 1465 906 Fr.
1492 873 1587 908 nist.

193 919 257 969 ΙΙΙ,
276 928 334 969 11,
354 927 388 962 4.
422 927 577 972 equidem
603 930 744 971 fateor,
777 941 831 963 me
856 930 904 963 ad
935 929 998 963 hoc
1025 930 1149 962 bellum
1181 929 1312 962 maiore
1343 925 1486 963 studio'
1483 943 1590 975 quam

195 985 335 1018 consilio
355 987 561 1029 profectum.
607 986 677 1019 Per
701 997 737 1019 se
760 986 871 1032 igitur
894 990 1002 1030 patet,
1026 987 1140 1030 ibique
1164 996 1232 1019 non
1257 986 1302 1019 ad
1326 986 1440 1021 studio
1462 988 1589 1023 referri

193 1052 316 1085 posse,
349 1045 388 1075 ut
411 1041 574 1076 Tellerus
607 1038 836 1086 opinabatur,
857 1044 930 1076 sed
963 1043 1007 1076 ad
1039 1042 1291 1086 rempublicam
1315 1032 1523 1100 pertinere³‚
1547 1057 1589 1081 eo

194 1099 311 1138 modo,
336 1109 440 1142 quem
464 1096 721 1134 illustravimus
745 1101 792 1133 ad
816 1112 846 1134 c.
860 1101 901 1140 V,
910 1100 942 1133 2.
977 1101 1056 1133 Hac
1080 1096 1323 1143 explicatione
1335 1101 1422 1153 inita
1446 1071 1589 1137 denium

193 1155 426 1201 intelligitur,
459 1156 541 1199 quid
573 1157 642 1190 sibi
674 1157 783 1190 velint
818 1157 937 1191 addita
966 1157 1075 1190 verba
1119 1158 1242 1199 initio,
1273 1144 1378 1192 sicuti
1408 1144 1588 1204 plerique,-

192 1218 287 1247 recte
323 1213 416 1246 enim
440 1213 576 1247 monuit
598 1214 849 1256 Frotscherus,
888 1213 1122 1248 temeritatem
1155 1226 1207 1247 ess
1211 1226 1230 1247 e
1262 1213 1418 1250 florentis
1440 1211 1588 1259 aetatis,

192 1271 415 1315 prudentiam
439 1269 656 1306 senescentis.
680 1290 724 1297 —
761 1273 919 1306 Adversa
943 1283 985 1306 ex
1008 1272 1134 1306 Incert.
1170 1276 1318 1316 utroque
1349 1284 1414 1316 pro
1438 1269 1588 1309 adversa

194 1339 277 1362 cum
300 1327 421 1362 Cortio
446 1331 482 1361 et
507 1327 696 1361 Gerlachio
721 1328 905 1364 edidimus.
925 1349 972 1356 -—
1003 1329 1291 1364 Adulescentulus
1313 1327 1422 1364 habe't
1443 1324 1574 1367 Bas.'⁹
1551 1350 1586 1368 ....

191 1385 228 1420 4.
254 1385 346 1430 Teg.
380 1388 416 1419 et
439 1386 543 1420 Bern.
576 1384 702 1418 relicui
727 1387 872 1421 adolesc.
899 1387 946 1420 cf.
973 1376 1195 1420 Schneider-i
1204 1388 1363 1421 Gratum.
1387 1382 1527 1434 LdtS'·’1,⁴
1551 1389 1587 1424 1-

191 1453 226 1488 p.
257 1442 315 1476 28.
362 1443 416 1476 De
439 1453 505 1476 usu
527 1443 626 1476 vocis
649 1454 683 1476 v.
709 1444 753 1477 ad
777 1456 807 1478 c.
831 1444 1022 1483 xxxvffl,
1045 1443 1078 1476 1.
1104 1442 1230 1496 XLIX,
1249 1441 1282 1476 2.
1354 1440 1393 1453 ’“”

287 1503 320 1543 5.
345 1498 379 1533 5.
428 1501 472 1533 ab
502 1501 639 1534 relicuis
663 1501 765 1535 malis
788 1501 957 1545 moribus]
995 1501 1097 1534 Bona
1130 1509 1212 1543 pars
1236 1499 1415 1535 codicum.
1440 1501 1497 1535 ab
1520 1511 1586 1536 re—

193 1557 418 1592 licuorum
453 1559 557 1591 malis
580 1558 749 1599 moribus,
786 1568 876 1601 quae
907 1556 1058 1590 varietas
1089 1556 1227 1601 Langio
1260 1556 1433 1601 quidem',¹
1458 1558 1520 1602 qui
1549 1551 1587 1593 id

192 1613 336 1660 propter
357 1625 502 1658 sequens
526 1619 654 1648 ceteros
676 1615 850 1658 praefert,
881 1625 1019 1649 sensum
1042 1624 1111 1647 non
1135 1614 1276 1648 variare
1299 1615 1587 1659 videtursprae-

193 1672 315 1708 sertim
340 1683 447 1716 quum
473 1670 631 1715 Cottius,
657 1672 905 1713 Kunhardtus,
930 1671 1012 1712 alii,
1046 1672 1106 1715 (ac
1130 1684 1240 1715 nuper
1264 1669 1475 1707 Gerlachius
1499 1672 1586 1717 quo-

192 1741 260 1774 que
297 1733 331 1763 et
363 1729 584 1774 Herzogius)
617 1728 812 1774 genitivum
846 1728 1051 1772 receperint.
1117 1728 1321 1763 Ablatirum
1354 1729 1587 1763 exhibuerunt

191 1788 362 1832 Bipontt.‚
385 1787 678 1835 postpMiiller-un
703 1787 763 1821 sed
787 1797 956 1827 caussam,
982 1797 1044 1819 cur
1068 1785 1118 1820 ita
1135 1786 1358 1820 scribendum
1376 1786 1433 1829 sit,
1451 1786 1586 1830 primus

192 1845 353 1889 exposuit
385 1845 614 1878 Frotscherus
647 1845 671 1879 l.
695 1845 719 1878 l.
752 1856 785 1887 p.
810 1843 867 1876 24.
922 1842 1097 1877 Nimirum
1132 1843 1353 1887 Sallustius,
1386 1856 1493 1888 quum
1529 1843 1585 1879 eui

191 1903 271 1938 aevi
294 1902 383 1936 vitia
411 1905 665 1944 enumerasset,
689 1899 894 1940 audaciam,
915 1899 1157 1945 largitionem,
1183 1901 1389 1943 avaritiam,
1412 1912 1480 1935 non
1504 1904 1584 1945 pot-

191 1964 290 2003 erat,
321 1959 392 1993 suis
415 1959 571 1992 moribus
594 1958 833 1993 defensionem
856 1962 1062 2001 paraturus,
1088 1957 1224 1999 dicere,
1249 1969 1286 1991 se
1309 1959 1355 1992 ab
1378 1959 1584 1992 relicuorum

190 2018 296 2053 malis
321 2016 456 2051 artibus
473 2016 640 2057 alienum,
663 2015 854 2050 ambitione
878 2019 1013 2049 tantum
1035 2022 1237 2059 corruptum
1262 2015 1389 2056 fuisse3
1413 2015 1465 2049 ita
1489 2016 1584 2050 enim

191 2075 340 2112 ambitio
363 2085 431 2108 non
456 2085 639 2108 commune
663 2073 842 2114 omnium,
887 2073 947 2106 sed
979 2072 1046 2116 ipsi
1071 2072 1252 2115 proprium
1284 2073 1410 2107 vitium
1448 2073 1581 2108 fuisset.

190 2132 354 2174 Accedit,
379 2131 533 2175 quodin
554 2129 620 2164 tali
644 2130 836 2171 sententia,
861 2130 943 2163 licet
966 2131 1011 2164 ab
1037 2130 1188 2163 auctoris
1213 2137 1327 2164 mente
1351 2127 1581 2173 alienissima,

191 2203 262 2225 non
291 2190 456 2224 relicuom
470 2200 498 2222 n
530 2187 591 2221 sed
624 2187 738 2231 potius
771 2192 959 2221 ceterorum
993 2187 1214 2220 scribendum
1246 2188 1384 2230 suisset,
1415 2189 1600 2232 quoniam·

192 2259 262 2283 uon
287 2246 450 2281 omnibus
483 2245 624 2285 omnia,
663 2245 722 2278 scd
752 2244 832 2278 aliis
857 2244 930 2278 alia
953 2248 1033 2277 sunt
1057 2245 1163 2286 vitia3
1187 2246 1324 2279 relicuis
1347 2250 1463 2281 nutem
1487 2250 1582 2281 recte

192 2307 320 2347 habet,
360 2303 444 2347 quia
483 2302 712 2337 ambitionem
747 2301 851 2335 malis
884 2301 1063 2345 moribus,
1096 2314 1183 2345 quos
1225 2291 1507 2346 vitupera=·crut*‚
1544 2304 1581 2337 in

193 2375 304 2398 unum
328 2361 427 2406 quasi
452 2359 710 2404 comprehensis
734 2357 886 2402 opponit.
920 2358 973 2391 De
996 2359 1251 2393 vocabulorum
1275 2361 1381 2394 ceteri
1403 2365 1437 2394 et
1462 2361 1581 2395 relicui

192 2420 395 2458 discrimine
417 2429 452 2451 v.
475 2419 613 2451 doctam
638 2417 718 2450 Cur.
743 2415 862 2449 Beicri
896 2415 1227 2450 commentationem
1260 2416 1294 2450 in
1320 2417 1484 2451 Seebodii
1506 2418 1580 2452 Mi-

192 2481 292 2515 scen.
317 2479 408 2512 critt.
432 2477 516 2518 ¹Vol.
535 2476 563 2510 1.
600 2475 640 2508 P.
660 2474 693 2508 l.
726 2485 760 2517 p.
781 2473 880 2516 181„
914 2473 974 2517 qui
997 2472 1177 2506 verissime
1201 2473 1341 2516 docuit,
1366 2475 1472 2509 ceteri
1494 2474 1577 2517 dici,

192 2537 279 2580 ubi,
313 2535 373 2580 qui
396 2536 547 2573 restant,
580 2531 712 2575 singuli
742 2530 957 2575 cogitentur,
982 2532 1103 2564 relicui
1125 2537 1264 2571 nutem,
1289 2531 1350 2565 ubi
1373 2543 1493 2566 omnes
1516 2531 1578 2575 qui

193 2597 376 2638 supersunt
409 2593 445 2626 in
469 2601 574 2624 unum
597 2588 952 2631 comprehendantur,
991 2587 1140 2632 singulis
1171 2589 1384 2633 cogitatione
1414 2601 1483 2623 non
1505 2587 1577 2624 dis-

190 2651 307 2686 cretis.
363 2648 444 2684 Non
468 2647 550 2683 satis
573 2650 689 2681 tamen
712 2646 860 2690 probaro
882 2645 1021 2678 videtur
1044 2646 1174 2680 Ludov.
1204 2645 1429 2680 Doederlinus
1459 2646 1576 2691 Syno-

187 2720 286 2756 nym.
309 2707 387 2748 ωε.
412 2705 518 2745 Τοιιι.
538 2705 565 2741 1.
589 2715 624 2750 p.
643 2703 725 2742 183.
772 2704 872 2749 Quae
894 2706 1012 2739 nutem
1034 2703 1235 2750 uerwgiua
1258 2705 1302 2739 nd
1327 2705 1428 2742 caes.
1451 2704 1495 2740 B.
1523 2705 1572 2741 G.
