1630 3034
497 216 840 258 CATILINA.
911 214 1047 256 CAP.
1077 215 1145 256 Li.
1419 219 1505 260 237

123 331 291 391 populi
333 331 398 375 ira
432 338 510 376 aut
553 331 856 376 misericordia
890 331 1070 389 impulsi
1112 331 1230 375 male
1264 332 1506 377 consulue-

126 424 233 476 rint3
267 423 347 468 sed
384 440 437 468 ea
458 425 577 468 malo
614 424 779 479 dicere,
814 438 930 481 quae
961 423 1154 466 maiores
1187 425 1325 468 nostri
1349 431 1505 469 contra

124 515 374 559 lubidinem
436 512 569 560 animi
631 513 695 559 sui
745 520 866 560 recte
932 519 1066 572 atque
1122 514 1279 559 ordine
1340 516 1503 561 fecere.

123 607 257 652 Bello
293 606 596 652 Macedonico
641 605 768 665 quod
811 621 914 652 cum
958 620 1071 666 rege
1110 606 1247 652 Perse
1288 609 1504 667 gessimus
1526 613 1553 655 5

121 830 289 877 quocirca
311 838 390 866 eum
415 824 607 865 Gerlachio
630 825 854 865 restituimus.
874 844 922 856 —
955 827 1097 874 Ordine,
1121 829 1225 876 quod,
1249 826 1279 865 si
1301 830 1509 866 sententiam

121 895 277 934 spectas,
309 890 466 923 adverbii
496 889 573 923 vim
602 889 768 932 sustinet,
798 890 986 923 secundum
1031 889 1302 935 grammaticam
1334 889 1507 922 rationem

120 959 190 981 non
223 947 396 981 ablativus
428 948 521 982 modi
551 950 626 991 est,
667 959 742 981 cum
775 948 1028 991 praepositione
1061 947 1212 988 omissa,
1241 945 1294 981 uti
1323 946 1508 989 Zumptius

125 1006 284 1039 Gramm.
309 1004 386 1039 Lat.
412 1007 444 1047 ἓ.
465 1004 521 1046 74,
538 1004 596 1047 11,
623 1003 657 1038 1.
688 1016 724 1049 p.
752 1004 834 1039 363.
870 1009 1020 1040 statuere
1050 1004 1207 1045 videtur,
1237 1004 1296 1037 sed
1330 1004 1508 1038 ablativus

119 1063 181 1107 qui
203 1063 331 1096 dicitur
363 1061 604 1103 instrumenti3
637 1062 893 1097 substantivum
927 1062 1020 1096 enim
1043 1062 1179 1104 solum,
1212 1062 1310 1095 nullo
1341 1062 1508 1095 attributo

119 1120 252 1163 addito,
277 1120 327 1154 ita
351 1118 432 1163 poni
457 1119 596 1162 nequit,
631 1123 671 1153 ut
704 1131 793 1163 quae
826 1129 906 1153 cum
939 1120 1059 1163 aliqua
1090 1131 1129 1153 re
1162 1123 1223 1153 aut
1257 1118 1392 1153 actione
1424 1130 1508 1152 con-

119 1177 239 1212 iuncta
262 1177 331 1211 sint
361 1176 500 1210 indicet.
547 1176 720 1220 Exempla
749 1177 895 1211 ablativi
918 1178 1037 1211 ordine
1061 1176 1197 1211 Cortius
1232 1176 1378 1221 collegit
1400 1176 1507 1209 haec:

120 1235 202 1270 Liv.
224 1234 348 1271 XXIV.
366 1233 424 1274 31,
443 1232 476 1267 7.
510 1238 602 1267 recte
627 1245 704 1267 eum
728 1240 833 1279 atque
864 1236 984 1268 ordine
1009 1236 1148 1279 secisse.
1191 1233 1349 1276 xxxin,
1369 1232 1427 1275 39,
1449 1232 1506 1266 18.

121 1303 199 1325 suos
223 1292 446 1335 imperatores
469 1296 560 1324 recte
585 1295 618 1324 et
641 1292 760 1325 ordine
786 1293 925 1335 fecisse.
967 1294 1080 1335 XXX,
1106 1293 1163 1334 17,
1187 1292 1244 1326 12.
1280 1291 1327 1324 cf.
1351 1291 1508 1324 Brisson.

122 1350 167 1384 de
187 1350 344 1383 Formm.
364 1349 408 1382 ΙΙ.
432 1360 465 1391 p.
487 1348 566 1383 197.
591 1352 626 1382 et
649 1349 819 1383 Matthias
843 1350 887 1384 ad
912 1350 982 1383 Cic.
1009 1361 1043 1393 p.
1070 1351 1177 1383 Rosc.
1200 1350 1279 1382 Am.
1299 1348 1356 1388 39,
1378 1347 1458 1382 113.

215 1408 247 1449 S.
272 1405 305 1441 5.
363 1416 439 1438 cum
483 1416 568 1450 rege
603 1406 730 1451 Perse]
783 1407 838 1440 De
868 1407 938 1440 hac
980 1406 1129 1440 nominis
1168 1407 1304 1447 forma,
1345 1403 1506 1439 Ciceroni

120 1463 349 1509 plurimisque
369 1462 596 1506 scriptoribus
618 1464 765 1506 probata
796 1464 905 1507 (nam
936 1463 1081 1506 Livius,
1113 1463 1205 1497 Plin.
1238 1462 1333 1504 mai,
1356 1462 1508 1497 Iustinus

120 1526 157 1556 et
179 1520 365 1565 Eutropius
388 1520 588 1563 praeferunt
612 1520 772 1565 Perseus)
793 1532 828 1556 v,
852 1522 992 1555 doctam
1013 1521 1217 1555 Schneideri
1238 1519 1507 1563 disputationem

121 1578 159 1613 in
183 1579 340 1612 Gramm.
363 1578 442 1611 Lat.
453 1577 500 1611 ΙΙ.
525 1589 559 1621 p.
569 1577 758 1613 315-321.
793 1579 927 1613 Eadem
949 1591 1031 1614 usus
1054 1583 1104 1613 est
1128 1579 1213 1612 Sall.
1231 1578 1506 1623 lug.1,xxx‚1„

121 1637 268 1680 Fragm-
298 1634 452 1669 Histoi-r.
475 1635 534 1677 IV,
558 1636 617 1677 12,
646 1634 680 1670 7.
709 1655 755 1661 -—-
796 1636 993 1670 Verborum
1034 1637 1185 1670 insolens
1227 1635 1334 1675 ordo,
1368 1635 1508 1668 nomine

120 1693 263 1738 proprio
286 1692 499 1736 postposito,
522 1704 564 1727 eo
588 1692 722 1737 aliquid
747 1694 976 1728 excusationis
1011 1695 1141 1735 habet,
1177 1693 1268 1736 quod
1298 1692 1508 1726 adiectivum

121 1745 345 1784 Macedonico
379 1761 421 1783 ex
443 1751 652 1795 antegressis
685 1751 731 1784 ad
762 1752 973 1785 vocabulum
1004 1763 1089 1796 rege
1122 1750 1334 1796 cogitatione
1365 1751 1508 1784 trahen-

121 1809 205 1842 dum
235 1812 308 1849 est,
332 1818 401 1850 quo
430 1808 489 1849 fit,
512 1813 551 1842 ut
581 1820 708 1842 nomen
741 1809 921 1853 proprium
953 1809 1052 1852 quasi
1083 1808 1311 1853 oppositionis
1340 1809 1418 1842 loco
1452 1808 1508 1848 sit,

120 1865 310 1901 sententiae
332 1865 368 1899 ri
392 1865 426 1898 in
449 1865 707 1899 antecedentem
729 1877 853 1907 vocem
875 1871 1052 1911 vergente,
1084 1866 1177 1909 quod
1200 1865 1284 1900 scite
1308 1865 1508 1900 observavit

122 1924 204 1957 Car.
228 1922 374 1957 Beier-us
398 1922 442 1954 ad
466 1921 538 1955 Cic.
564 1922 636 1958 Off.
661 1924 705 1965 11,
731 1924 789 1965 14,
818 1923 877 1959 5⁰·
909 1930 948 1959 ut
977 1936 1041 1968 pro
1065 1924 1186 1958 Sardis
1215 1925 1253 1957 in
1281 1927 1507 1967 propraetore

122 1981 265 2014 Albucio
300 1980 420 2023 (fecit)
457 1980 577 2016 Iulius.
618 1980 666 2014 ib.
689 1983 717 2024 1,
747 1982 805 2024 10,
833 1982 890 2017 32.
928 1983 1080 2016 Theseus
1108 1982 1187 2024 filio
1222 1981 1408 2024 Hippolyto
1439 1991 1507 2012 non

121 2042 209 2070 esset
232 2037 383 2070 orbatus.
425 2037 470 2072 cf.
496 2038 582 2082 Nep.
606 2038 762 2073 Hannib.
808 2050 837 2075 c.
858 2039 915 2081 1⁰,
934 2040 968 2073 2.
1004 2039 1192 2073 dissidebat
1227 2038 1271 2071 ab
1307 2049 1344 2071 eo
1371 2037 1506 2080 Perga—

121 2105 240 2128 menus
263 2106 322 2127 rex
347 2095 527 2145 Eumenes.
576 2095 651 2129 Non
675 2097 824 2130 multum
857 2097 1014 2130 diversus
1045 2102 1095 2130 est
1120 2095 1212 2129 Livii
1232 2096 1349 2135 locus,
1371 2094 1400 2134 Ι,
1420 2093 1453 2133 2,
1472 2091 1506 2126 5.

121 2162 184 2184 nec
217 2148 342 2185 deinde
375 2152 582 2197 Aborigines
611 2155 772 2192 Troianis
806 2155 920 2187 studio
953 2166 994 2186 ac
1008 2154 1085 2196 fide
1109 2164 1196 2197 erga
1219 2162 1339 2196 regem
1364 2151 1508 2183 Aenean

124 2219 272 2252 cessere,
297 2219 381 2242 nam
404 2207 453 2241 ibi
478 2220 616 2253 quoque
638 2211 733 2255 regis
756 2210 851 2244 notio
884 2210 1054 2254 primaria
1084 2215 1153 2251 est,
1191 2208 1322 2252 pariter
1353 2211 1392 2241 ut
1415 2205 1508 2250 apud

123 2264 290 2299 Nostrum
313 2266 390 2310 lug.
409 2265 570 2306 XXXIX,
589 2268 622 2301 2.
648 2268 688 2300 ob
715 2279 757 2301 ea
784 2269 952 2301 Consul
990 2268 1133 2300 Albinus
1168 2266 1339 2299 invidiam
1370 2265 1506 2298 timeri-³.

125 2321 228 2355 Catil.
248 2321 374 2364 xxt'l,
407 2320 440 2355 4.
478 2317 593 2357 Cicero
629 2325 855 2369 collegam
886 2336 986 2358 suum
1019 2324 1207 2358 Antonium
1237 2322 1397 2366 pactione
1424 2331 1507 2364 pro*

123 2379 258 2412 vinciae
278 2378 491 2422 perpulerat.
537 2379 654 2414 Tacit.
678 2382 814 2415 Annall.
841 2383 904 2423 Ill,
930 2381 988 2425 59,
1014 2382 1046 2415 l.
1084 2381 1249 2415 adversus
1283 2390 1372 2423 quae
1404 2388 1508 2422 quum

126 2437 286 2480 Augur
310 2435 476 2468 Lentulus
499 2436 693 2472 dissereret.
717 2457 764 2463 —
799 2438 956 2484 Intelligi
988 2443 1105 2473 autem
1140 2438 1273 2472 bellum
1305 2433 1509 2468 Macedoni-

124 2503 206 2527 cum
229 2493 436 2534 secundum,
469 2504 558 2527 anno
595 2505 628 2530 a.
652 2495 735 2529 Chr.
759 2507 794 2529 n.
821 2495 902 2530 168.
936 2508 958 2531 a
981 2497 1105 2531 Paullo
1127 2494 1277 2530 Aemilio
1311 2503 1431 2537 pugna
1464 2491 1509 2525 ad

124 2551 283 2595 Pydnam
307 2550 465 2592 finitum,
495 2552 555 2585 vix
580 2556 631 2586 est
653 2552 745 2596 quod
770 2560 971 2596 moneatur;
1003 2556 1050 2590 cf.
1075 2554 1164 2587 vell.
1196 2553 1225 2593 1,
1250 2551 1285 2587 9.
1320 2555 1354 2584 et
1376 2547 1509 2589 Livius,

125 2607 189 2652 ‘Ni
227 2607 318 2641 hanc
340 2618 416 2642 rem
447 2608 538 2645 libro
570 2611 840 2657 quadragesimo
870 2614 1019 2650 secundo
1049 2616 1085 2649 et
1112 2609 1333 2656 sequentibus
1367 2605 1509 2642 uberius

124 2669 323 2708 persecutus
345 2668 407 2700 ωε.
