1630 3034
447 152 806 199 IUGURTHA.
870 157 1004 199 CAP.
1036 157 1261 203 LXXXV.
1435 166 1519 207 453

140 287 212 316 me
251 272 531 332 despiciunt,
566 273 729 316 faciant
758 272 878 316 idem
913 273 1151 319 maioribus
1188 276 1297 333 suis,
1342 278 1515 337 quibus,

137 370 199 412 uti
234 369 370 426 mihi,
418 385 473 413 ex
515 370 675 414 virtute
710 370 1116 430 nobilitas'coepit.
1187 372 1389 418 Invident
1428 375 1515 420 ho-
1532 384 1582 423 18

136 466 233 509 nori
266 481 394 519 meo3
440 431 821 540 ergoflilvideant
850 466 1014 524 labori,
1056 467 1356 527 innocentiae,
1391 473 1515 532 peri-

135 561 241 605 culis
299 541 488 618 etiamls
480 562 615 616 meis,
671 562 879 619 quoniam
927 577 1011 622 per
1058 562 1173 607 haec
1224 556 1345 610 illum
1400 569 1512 628 cepi.

133 658 299 701 Verum
335 658 538 717 homines
567 658 765 716 corrupti
802 659 1013 717 superbia
1047 660 1107 703 ita
1137 667 1326 706 aetatem
1362 671 1512 724 agunt,
1530 673 1578 712 19

132 755 258 813 quasi
296 760 465 798 vostros
512 753 706 813 honores
753 760 1061 812 contemnant,
1106 757 1166 800 ita
1212 758 1295 802 hos
1338 766 1509 820 petunt,

1524 830 1544 858 a

129 925 190 960 uoti
214 925 303 968 τούς
325 925 471 962 ἐκείνων
496 926 689 971 (Βηστίου
714 924 776 961 καὶ
797 925 987 973 Ἀλβίνου)
1013 928 1155 964 οἴονται
1178 929 1386 975 προγόνους
1409 927 1511 980 αὐτῷ

127 987 266 1030 μᾶλλον
299 983 346 1022 ἂν
379 984 561 1031 εὔξασθαι
593 987 872 1032 παραπλησίους
903 987 1081 1032 ἐκγόνους
1105 987 1309 1025 ἀπολιπεῖν.
1333 1011 1377 1017 -—-
1403 993 1512 1038 Gigni

127 1048 336 1082 laumannus
359 1059 542 1093 perperam
575 1049 697 1083 statuit
718 1048 852 1081 dictum
878 1060 940 1092 pro
964 1051 1100 1094 genitos
1124 1062 1196 1084 esse
1213 1077 1223 1095 ‚
1257 1064 1324 1086 non
1348 1059 1511 1097 reputans

127 1112 162 1142 et
193 1119 256 1151 per
286 1119 323 1141 se
353 1113 468 1143 rectae
500 1109 629 1143 rationi
660 1119 860 1152 repugnare
891 1109 983 1142 hanc
1018 1113 1214 1154 temporum
1246 1113 1447 1158 enassagen,
1476 1117 1510 1148 et

125 1170 163 1202 h.
193 1170 217 1204 Ι.
252 1170 362 1202 verbo
398 1171 586 1204 maluerint
615 1168 845 1216 remwreserri
875 1169 920 1202 ad
950 1171 1223 1215 praeterlapsum
1255 1175 1410 1216 tempus,
1441 1185 1510 1217 quo

125 1230 277 1264 nondum
301 1230 410 1275 geniti
434 1234 557 1272 erant,
591 1231 633 1263 de
662 1229 789 1273 quibus
812 1229 1022 1274 interrogari
1047 1236 1162 1276 patre-3
1193 1233 1295 1277 fingit
1317 1234 1462 1267 Marius.

216 1292 250 1336 ἓ.
278 1291 334 1324 17.
375 1292 517 1334 saciant
549 1291 660 1335 idem]
696 1291 918 1333 Quamquam
942 1292 1029 1325 haec
1053 1293 1251 1338 scriptura,
1277 1304 1382 1337 quam
1406 1295 1510 1339 longe

124 1351 266 1396 plurimi
291 1351 376 1385 libri
406 1352 594 1396 praebent,
627 1350 830 1384 sententiam
856 1351 939 1384 satis
961 1353 1088 1387 bonam
1111 1354 1240 1397 habet,
1274 1357 1391 1388 tamen
1413 1356 1509 1389 baud

124 1414 275 1447 multum
306 1412 441 1453 abfuit,
474 1412 556 1456 quin
581 1412 808 1456 probaremus
835 1412 1028 1455 faciunt
1061 1414 1173 1458 idem,
1199 1415 1315 1459 quod,
1341 1427 1448 1459 quum
1472 1415 1506 1448 in

122 1475 204 1510 Seu.
229 1474 262 1509 1.
288 1474 406 1507 Guelf.
431 1473 466 1507 3.
499 1474 594 1507 Vrat.
620 1472 653 1509 1.
683 1472 766 1521 Ven.
791 1471 826 1506 2.
859 1471 962 1507 Misn.
997 1474 1186 1511 Einsiedel.
1211 1479 1245 1509 et
1267 1475 1378 1509 Paris.
1402 1489 1431 1510 z.
1457 1488 1505 1511 m.

123 1547 178 1579 pr.
203 1537 324 1576 exstet,
349 1545 370 1568 a
394 1534 512 1569 Cortio
537 1538 571 1568 et
593 1544 702 1578 nuper
725 1522 752 1566 a*
771 1532 960 1566 Gerlachio
983 1533 1018 1568 in
1042 1536 1094 1570 ed.
1121 1534 1311 1571 novissima
1329 1541 1507 1582 receptum

123 1599 185 1630 est.
232 1595 346 1629 Multo
382 1593 527 1640 gravior
559 1592 650 1626 enim
681 1592 718 1627 in
752 1592 922 1627 sententia
954 1592 1007 1626 vis
1038 1593 1154 1636 inest,
1185 1594 1215 1628 si
1249 1608 1316 1631 non
1347 1598 1506 1632 iubentur

122 1656 176 1690 illi
200 1645 352 1689 minores
375 1666 456 1689 suos
485 1654 677 1699 despicere,
706 1653 765 1687 sed
797 1665 835 1687 re
861 1664 946 1687 vera
980 1653 1050 1686 iam
1076 1655 1249 1698 despicere
1272 1669 1354 1701 eos,
1377 1669 1505 1702 quam-

122 1728 228 1761 quam
259 1715 362 1750 inviti
396 1720 431 1750 et
461 1717 528 1750 sibi
558 1717 626 1760 ipsi
658 1720 913 1760 repugnantes,
945 1714 1125 1756 dicuntur,
1156 1715 1186 1749 si
1209 1718 1348 1759 quidem
1373 1720 1507 1754 Marius

121 1777 172 1812 ita
195 1776 310 1818 sentit,
333 1775 507 1810 maiorum
531 1778 767 1820 contemptum
785 1787 864 1810 cum
888 1786 950 1809 suo
975 1778 1046 1810 tam
1072 1775 1264 1809 necessario
1286 1776 1508 1810 coniunctum

122 1849 215 1879 esse,
251 1841 292 1871 ut
325 1837 413 1870 alter
448 1836 492 1869 ab
528 1836 638 1870 altero
670 1837 807 1882 seiungi
839 1840 1008 1880 nequeat,
1043 1837 1102 1869 scd
1126 1840 1271 1880 uterque
1301 1837 1406 1870 simul
1431 1838 1504 1872 fiat.

121 1899 222 1932 Hanc
267 1897 459 1941 simplicem
500 1896 671 1930 rationem
707 1908 776 1930 non
818 1900 994 1931 assecutus
1031 1896 1149 1929 Faber
1179 1907 1304 1939 parum
1343 1902 1505 1932 accurate

122 1963 262 2002 propter
291 1969 414 1992 vocem
446 1958 521 1990 iure
557 1956 785 1990 indicativum
826 1968 895 1990 non
925 1956 1106 1989 ferendum
1140 1960 1272 1998 censet,
1306 1968 1410 2000 quem
1442 1969 1508 1993 nos

121 2023 264 2063 propter
287 2018 444 2052 codicum
468 2027 536 2049 non
569 2017 653 2050 satis
680 2021 812 2051 certam
841 2017 946 2050 fidem
968 2016 1162 2049 reiecimus.
1187 2035 1233 2041 -—
1257 2018 1308 2050 De
1331 2021 1504 2053 structura

124 2079 224 2113 verbi
243 2081 367 2123 facere
390 2088 425 2111 v.
449 2076 495 2110 ad
519 2077 594 2110 cat.
617 2088 648 2110 c.
673 2077 747 2118 LII,
772 2075 827 2111 25.
853 2078 992 2121 Zumpt.
1021 2077 1179 2112 Gramm.
1200 2077 1277 2111 Lat.
1303 2079 1337 2120 §.
1361 2078 1418 2122 74,
1444 2079 1500 2113 16.

122 2145 193 2174 not.
216 2153 253 2184 p.
278 2139 358 2176 371.
395 2138 448 2173 ed.
480 2137 536 2171 lV.
568 2137 804 2172 Ruddimann.
839 2138 964 2172 lnstitt.
999 2138 1159 2172 Gramm.
1184 2138 1263 2174 Vol.
1286 2138 1328 2173 11.
1361 2151 1395 2183 p.
1420 2140 1501 2174 21⁷.

212 2203 245 2244 ἓ.
270 2199 327 2234 18.
374 2198 555 2232 invideant
573 2199 695 2242 labori]
721 2198 859 2233 Cottius
882 2204 961 2233 ante
985 2199 1095 2232 labori
1117 2198 1231 2232 intulit
1254 2203 1298 2241 et,
1322 2199 1419 2233 nulla
1442 2211 1502 2234 co-

120 2261 236 2295 dicum
259 2261 349 2302 fide3
379 2270 460 2294 nam
496 2259 623 2302 copula
658 2259 897 2293 tantummodo
931 2259 967 2292 in
991 2259 1140 2293 Eccard.
1162 2258 1238 2292 Vin.
1263 2258 1298 2294 2.
1323 2262 1358 2293 et
1382 2260 1500 2296 Guelf.

120 2321 168 2360 3.,
190 2321 249 2354 sed
273 2324 352 2355 ante
375 2320 577 2361 invideant,
602 2323 791 2364 comparet.
838 2319 952 2353 Ceteri
975 2330 1095 2353 omnes
1120 2318 1172 2353 ita
1194 2318 1343 2360 habent,
1367 2323 1406 2353 ut
1428 2319 1502 2353 edi-

120 2381 256 2422 dimus,
287 2381 497 2424 omninoque
529 2385 563 2414 et
595 2381 640 2414 ab
674 2381 710 2414 h.
743 2380 767 2414 Ι.
802 2380 957 2414 alienum
981 2384 1052 2421 est,
1085 2390 1193 2423 quum
1216 2390 1328 2414 novae
1350 2379 1503 2414 invidiae

121 2441 271 2476 accessio
303 2441 473 2485 particula
509 2441 617 2476 etiam
649 2441 856 2475 declaretur.
888 2459 931 2465 -
968 2441 1168 2474 Innocentio
1199 2439 1238 2474 h.
1271 2440 1295 2474 1.
1329 2441 1502 2475 avaritiae

121 2503 274 2537 maxime
297 2503 455 2546 opposita
479 2505 550 2545 est,
582 2505 623 2536 ut
645 2501 795 2537 diximna
818 2501 862 2536 ad
886 2501 962 2535 Cat.
985 2501 1063 2542 ΧΠ,
1088 2500 1121 2535 1.
1148 2519 1193 2526 -
1218 2499 1302 2545 Cepi
1332 2499 1356 2536 i.
1381 2511 1412 2534 e.
1437 2510 1500 2534 ac-

122 2563 221 2608 cepi3
247 2574 282 2598 ν.
307 2563 350 2598 ad
375 2575 404 2596 c.
429 2563 573 2605 ΧΧΧΠ,
600 2562 635 2598 1.
660 2575 693 2607 p.
719 2561 799 2596 195.

215 2625 248 2665 §.
272 2623 328 2657 19.
376 2624 488 2668 quasi.
507 2627 637 2657 vostros
671 2622 813 2657 honores
845 2622 1085 2665 contemnant]
1109 2621 1136 2657 i.
1158 2633 1188 2656 e.
1212 2621 1314 2665 quasi
1337 2621 1498 2664 honores,

123 2693 271 2726 quorum
297 2684 490 2719 ‹laudom-
524 2695 627 2727 penes
651 2694 714 2718 vos
745 2684 799 2718 ius
821 2686 874 2718 est
896 2686 930 2717 et
952 2686 1124 2727 potestas,
1155 2683 1243 2717 nihil
1265 2682 1314 2716 ad
1336 2692 1373 2716 se
1392 2681 1500 2725 perti-

124 2753 205 2777 nere
235 2748 371 2788 putent.
422 2743 644 2779 Contemnere
675 2744 786 2786 enim,
820 2743 912 2787 quod
946 2742 1085 2787 proprie
1108 2742 1152 2777 de
1172 2742 1217 2777 iis
1240 2743 1343 2776 rebus
1364 2741 1501 2782 dicitur,
