1630 3034
501 177 859 220 IUGURTHA.
919 175 1053 219 CAP.
1084 174 1199 218 vm.
1485 179 1542 218 45

149 297 248 341 diae
286 296 536 357 potiretur3
584 295 628 338 in
656 295 755 353 ipso
797 308 1050 337 maxumam
1086 293 1316 347 virtutem,
1361 291 1537 336 Romae
1577 316 1581 322 =

149 394 298 437 onmia
327 392 497 437 venalia
528 407 640 436 esse.
711 389 807 434 Sed
834 396 1074 449 postquam
1105 388 1345 432 Numantia
1386 388 1570 433 deletae

148 491 198 533 P.
235 489 390 549 Scipio
420 489 642 532 dimittere
673 486 831 531 auxilia
851 492 895 530 et
923 486 1020 546 ipse
1049 486 1211 529 revorti
1245 485 1429 529 domum
1458 484 1539 528 de-

151 587 315 643 crevit,
353 585 565 628 donatum
599 590 731 642 atque
768 582 998 626 laudatum
1029 583 1267 642 magnifice
1298 597 1385 641 pro
1430 597 1540 625 con-

151 683 278 726 cione
311 681 575 741 Iugurtham
607 682 650 724 in
672 680 946 740 praetorium
975 679 1159 723 abduxit
1187 678 1338 736 ibique
1368 684 1543 722 secreto

148 778 342 834 monuit,
388 778 450 822 uti
484 778 635 838 potius
672 777 852 837 publice
895 791 1030 834 quam
1069 775 1276 835 privatim
1308 775 1543 818 amicitiam
1603 817 1609 822 ,

240 942 272 982 §.
298 939 332 972 2.
383 943 416 973 et
438 939 511 984 ipse
534 938 679 981 revorti]
707 938 756 972 Et
779 937 918 972 Cortius
942 936 1180 981 imprudenter
1211 935 1313 969 unius
1339 936 1458 969 Guelf.
1484 936 1541 969 11.

147 1010 214 1044 ope
237 999 387 1043 expulit,
421 999 575 1042 Bipontt.
601 1002 635 1032 ct
657 998 828 1031 Muellero
853 1003 983 1032 temere
1014 997 1295 1040 obsequentibus.
1320 1016 1364 1021 -—
1393 996 1544 1029 Abduxit

148 1060 261 1093 estin
285 1059 426 1093 Fabric.
453 1060 486 1093 1.
520 1059 625 1093 Acad.
661 1059 774 1092 Paris.
800 1060 838 1093 C.
872 1059 991 1093 Berol.
1015 1059 1067 1100 2.;
1103 1058 1228 1091 relicui
1263 1069 1382 1091 omncs
1413 1058 1544 1091 habent

149 1121 318 1164 adduxit,
351 1120 443 1163 quod
476 1120 557 1153 hnic
590 1120 666 1152 loco
698 1122 811 1152 minus
845 1119 1026 1160 convenit,
1062 1129 1170 1162 quum
1194 1123 1326 1152 secreta
1351 1117 1544 1150 admonitio

148 1181 327 1224 publicam
348 1191 411 1224 pro
436 1181 594 1214 concione
619 1181 853 1214 laudationem
878 1181 1034 1214 continuo
1060 1184 1180 1213 secuta
1205 1179 1316 1212 multo
1339 1178 1542 1223 significan-

148 1241 216 1275 tius
252 1240 319 1274 isto
351 1241 524 1274 vocabulo
556 1242 762 1275 declaretur.
816 1242 855 1275 In
889 1241 1052 1274 concione
1089 1240 1181 1274 enim
1220 1250 1286 1272 non
1329 1238 1413 1271 satis
1447 1249 1544 1271 com-

147 1301 251 1334 mode
275 1301 404 1342 omnia,
429 1313 518 1345 quae
541 1314 594 1335 res
619 1302 792 1345 poscebat,
812 1301 881 1335 dici
904 1304 1085 1345 poterant3
1119 1303 1302 1344 propterca
1325 1298 1405 1332 imlc
1431 1300 1542 1332 abdu—

149 1367 222 1395 ctus
247 1365 299 1394 est
322 1362 513 1406 Iugurtha,
538 1374 647 1406 eaque
672 1363 864 1397 abducendi
888 1373 1009 1396 caussa
1032 1361 1143 1395 multo
1167 1360 1311 1405 gravior
1335 1364 1404 1402 est,
1437 1371 1543 1403 quam

148 1423 246 1455 locus
270 1432 338 1464 quo
370 1422 618 1456 adducebatur.
667 1424 783 1467 Quam
816 1435 919 1467 saepe
942 1426 1059 1457 autem
1090 1421 1125 1455 in
1150 1420 1250 1454 libris
1273 1432 1380 1454 manu
1405 1421 1544 1464 scriptis

148 1482 312 1515 confundi
347 1483 477 1517 soleant
504 1484 614 1517 verba
644 1496 722 1517 cum
757 1485 805 1519 ad
836 1489 870 1519 et
902 1486 945 1519 ab
981 1481 1300 1527 praepositionibus
1338 1482 1541 1524 coniuncta,

149 1543 298 1577 ostendit
322 1542 460 1577 eortius
493 1544 537 1577 ad
562 1544 666 1578 Catil.
692 1545 742 1587 L,
768 1545 802 1579 4.
828 1546 873 1580 ef.
906 1548 1026 1580 notata
1050 1543 1094 1578 ad
1119 1544 1196 1576 Cat.
1221 1543 1325 1585 nvn,
1349 1544 1382 1577 l.
1406 1555 1440 1587 p.
1465 1542 1544 1576 298.

148 1604 323 1638 Drakenb.
349 1604 395 1637 ad
420 1603 495 1637 Liv.
514 1604 656 1646 xxvn,
673 1605 730 1646 29,
750 1606 781 1639 l.
807 1610 841 1640 et
866 1607 910 1640 ad
933 1606 961 1647 Ι,
984 1604 1043 1646 57,
1068 1603 1102 1637 8.
1149 1603 1275 1637 Nostro
1300 1604 1379 1637 loco
1404 1604 1478 1636 fere
1501 1603 1546 1637 ad

147 1665 312 1699 amussim
335 1665 518 1708 respondet
542 1665 709 1699 Livianus
733 1667 853 1707 XXX,
879 1666 934 1707 14,
955 1666 990 1700 3.
1038 1665 1190 1709 Scipioni
1214 1664 1354 1698 Laelius
1378 1669 1412 1698 et
1438 1665 1546 1698 Masi-

145 1727 241 1760 nissa
259 1730 550 1770 superueneruut;
575 1738 658 1771 quos
675 1739 777 1771 quum
797 1727 953 1771 egregiis
972 1727 1132 1760 laudibus
1148 1725 1394 1769 frequenti
1414 1735 1545 1769 prae-

147 1788 270 1821 torio
294 1787 520 1829 celebrasset,
554 1788 805 1822 abductum
837 1789 881 1821 in
917 1793 1144 1822 secretum
1172 1786 1392 1819 Masinissam
1417 1786 1466 1818 sic
1491 1786 1547 1819 al-

147 1848 315 1892 loquitur,
351 1847 394 1881 ad
415 1859 448 1892 q.
472 1848 496 1882 l.
521 1859 555 1881 v.
582 1847 710 1881 iterum
734 1846 997 1880 Drakenborch.
1020 1866 1066 1873 —
1100 1847 1238 1881 Publice
1273 1846 1296 1880 i.
1331 1858 1361 1879 e.
1395 1844 1547 1890 publicis

146 1921 233 1955 erga
268 1909 470 1943 universum
505 1909 674 1952 populum
706 1909 907 1942 Romanum
941 1906 1090 1948 officiis3
1121 1907 1307 1951 privatim,
1343 1906 1547 1940 muneribus

146 1970 363 2016 singulorum
389 1969 542 2015 gratiam
575 1973 737 2013 captans,
770 1972 809 2002 ut
843 1968 1036 2002 Muellerus
1060 1971 1153 2002 recte
1181 1966 1382 2011 explicavit.
1430 1966 1546 1999 Poste-

146 2022 275 2063 rio‘rem
299 2030 472 2074 Scipionis
493 2030 698 2063 sententiam
718 2028 896 2072 sequentia
915 2029 1068 2071 apertius
1088 2029 1284 2069 declarant3
1309 2027 1437 2071 largiri
1453 2025 1547 2059 enim

148 2090 318 2124 invidioso
349 2102 450 2124 sensu
484 2094 536 2124 est
565 2091 712 2134 pecunia
742 2100 977 2132 corrumpere,
1009 2089 1185 2131 quomodo
1208 2088 1315 2121 etiam
1348 2088 1549 2132 largitionis

148 2150 358 2183 vocabulum
393 2154 600 2194 usurpatur,
634 2150 678 2183 cf.
703 2148 795 2182 infra
826 2160 856 2181 e.
884 2148 959 2190 XV,
985 2148 1018 2181 1.
1055 2152 1090 2182 et
1114 2149 1147 2192 §.
1168 2147 1201 2182 5.
1236 2148 1330 2190 cm,
1355 2148 1388 2181 6.
1409 2166 1452 2173 -
1477 2148 1548 2182 Pro

148 2222 231 2244 neu
264 2210 385 2254 quibus
410 2210 590 2254 Bipontini
615 2210 738 2245 vitiose
768 2208 978 2252 scripserunt
1008 2220 1087 2243 nec
1121 2210 1265 2254 quibus,
1297 2209 1392 2253 quod
1424 2211 1477 2242 est
1510 2208 1546 2242 in

149 2271 265 2305 Guelf.
289 2269 324 2304 5.
350 2271 456 2304 Fabr.
477 2270 510 2304 2.
536 2271 639 2304 Rem.
662 2270 696 2305 2.
725 2270 831 2302 Bern.
850 2269 902 2310 1.;
927 2269 1129 2304 continuata
1149 2270 1242 2304 euim
1278 2269 1410 2303 consilii
1433 2267 1545 2313 signi-

147 2331 331 2372 ficatione,
366 2330 415 2365 ita
439 2331 535 2365 utin
571 2330 773 2376 negativam
805 2330 1011 2364 sententiam
1044 2334 1197 2366 transeat
1219 2329 1357 2371 oratio,
1389 2333 1546 2364 tantum-

148 2393 252 2426 modo
266 2404 334 2426 που
358 2392 414 2425 vel
436 2401 521 2425 neve
546 2390 628 2435 poni
651 2402 752 2434 posse
775 2389 860 2423 satis
884 2390 1098 2424 ostendimus
1121 2391 1165 2425 ad
1189 2391 1294 2425 Catil.
1326 2391 1483 2431 XXXIV,
1508 2391 1543 2424 2.

147 2464 180 2497 p.
205 2453 287 2487 158.
335 2452 432 2486 Adde
455 2452 496 2485 F.
522 2452 564 2486 Α.
585 2451 697 2485 Wolf.
723 2451 769 2485 ad
788 2451 874 2485 Tac.
890 2452 979 2484 Ann.
998 2451 1026 2493 Ι,
1051 2451 1110 2495 35,
1136 2452 1226 2486 med.
1247 2470 1293 2477 ——
1318 2452 1432 2486 Verba
1453 2451 1545 2497 quod

148 2515 333 2548 multorum
367 2517 455 2547 esset
486 2523 593 2556 quum
626 2516 716 2547 tecte
746 2515 900 2556 spectent
934 2513 978 2546 ad
1002 2512 1221 2546 maiestatem
1245 2512 1546 2548 etauctoritatem

148 2578 287 2609 senatus
321 2572 511 2617 populique
544 2572 720 2616 Romani,
754 2573 847 2606 hunc
878 2584 1017 2606 sensum
1049 2573 1199 2608 habent:
1236 2573 1291 2615 id,
1326 2572 1425 2606 cuius
1451 2574 1546 2616 defc-

148 2635 249 2668 rendi
272 2646 314 2667 ac
339 2633 514 2667 tribuendi
542 2637 698 2677 potestas
730 2644 834 2677 penes
867 2633 1068 2667 universum
1099 2635 1265 2678 populum
1297 2637 1397 2667 essct.
1418 2653 1462 2658 —
1489 2634 1545 2670 11Ιί

148 2699 344 2728 venturum.
400 2694 524 2727 Venire
547 2693 655 2727 alicui
679 2704 743 2727 eae
766 2706 821 2728 res
841 2694 1011 2736 dicuntur,
1035 2705 1125 2738 quae
1147 2706 1214 2729 non
1237 2697 1455 2738 exspectatae
1478 2704 1543 2726 ne-

151 2765 216 2797 que
240 2753 417 2796 quaesitae
449 2753 554 2787 alicui
588 2753 777 2789 obveniunt
809 2757 844 2789 et
878 2754 1092 2799 contingunt.
1140 2754 1278 2789 Cortius
1311 2765 1415 2798 supra
1439 2753 1481 2789 ad
1507 2766 1536 2787 c.
