1630 3034
469 137 836 186 IUGURTHA.
896 140 1196 190 CAP..LXlII.
1410 147 1518 203 ‚343
1557 173 1559 175 -

138 262 227 300 tam
269 256 413 299 clarus
451 269 596 312 neque
631 261 721 298 tam
761 256 970 315 egregius
1018 256 1141 300 facfis
1185 264 1300 313 erat,
1338 260 1441 316 quin
1479 261 1513 304 is

134 353 339 412 indignus
383 352 458 395 illo
493 351 663 395 honore
700 358 744 395 et
788 353 911 410 quasi
939 353 1150 412 ⁴pollutus
1197 353 1450 402 haberetur,

133 474 199 514 sit3
223 475 268 507 cf.
295 474 408 507 locum
432 471 608 505 Ciceronis
632 472 675 505 ad
699 473 774 506 Cat.
807 473 940 514 xvm,
964 473 998 507 3.
1035 486 1067 517 p.
1092 474 1150 507 87.
1188 475 1402 519 ascriptmn3
1436 478 1510 522 lug.

132 535 259 576 mlv,
282 534 315 569 l.
366 534 499 567 Marius
536 534 579 566 ab
616 533 753 566 Metello
782 534 978 576 petundi
1014 535 1138 578 gratia
1170 535 1364 570 missionem
1394 543 1511 582 rogat.

133 595 207 627 Liv.
236 595 377 635 XXXV,
405 594 461 634 10,
486 594 520 627 1.
572 594 721 626 Ambitio
755 598 933 627 exarserat
965 596 1199 627 consularibus
1223 598 1388 637 comitiis5
1412 600 1512 631 multi

131 660 163 687 ct
185 659 340 698 potentes
367 654 587 698 petebant
621 654 763 697 patricii
784 654 985 698 plebeiique.
1017 655 1061 687 cf.
1087 666 1177 697 quae
1209 658 1511 692 l'ralwnborchins

129 715 174 749 ad
200 715 299 748 eund.
326 715 374 756 X,
397 714 439 756 9,
465 714 519 748 10.
558 715 712 760 collegit.
761 715 893 747 Eodem
925 716 1029 748 modo
1053 720 1240 759 usurpatur
1263 718 1368 751 etiam
1388 721 1528 762 petitio‘

127 776 201 809 sine
222 775 340 808 addito
362 775 544 820 genitivo3
578 775 623 808 cf.
649 775 751 810 Catil.
775 776 881 818 XXI,
906 774 940 809 5.
965 777 1101 818 XXVI,
1128 776 1163 811 5.
1197 782 1230 810 et
1254 779 1324 812 Cic.
1350 781 1441 824 Epp.
1464 781 1507 814 ad

127 835 230 870 Attio.
256 837 282 875 I,
305 836 336 868 1.
362 836 422 869 nbi
445 836 547 878 plura
578 835 761 879 utriusque
791 847 872 870 usus
903 827 1062 880 excmpsa
1095 838 1272 882 leguntur.
1321 840 1395 874 Iam
1429 841 1509 875 vide

125 908 229 940 quam
255 896 376 930 leviter
401 895 609 930 Gerlachius
642 908 742 930 suam
774 908 848 929 rem
884 903 1007 941 gerat,
1046 899 1127 942 qui,
1155 911 1263 943 quum
1287 900 1322 934 in
1348 907 1507 936 conte-‚tn

125 958 291 1001 adpetere
313 957 526 1001 scripsisset,
557 957 592 990 in
617 957 807 991 comment.
844 958 919 990 vol.
945 960 988 993 II.
1012 972 1045 1003 p.
1070 960 1151 994 304.
1185 967 1348 1005 „petere‚
1383 962 1504 1006 inquit,

125 1019 268 1052 fortasse
296 1019 423 1052 rectius
447 1018 627 1060 scribitur,
663 1019 754 1062 quod
788 1020 824 1051 in
856 1020 983 1053 talibus
1005 1020 1079 1064 (?)
1104 1022 1297 1055 orationem
1322 1023 1460 1056 variare
1484 1035 1505 1057 a

123 1081 282 1114 Sallustii
305 1091 397 1113 more
420 1079 494 1123 (2)
529 1079 752 1113 abhorret!“
788 1080 1024 1113 Nihilominus
1046 1083 1084 1115 V.
1112 1083 1170 1124 D.‚
1196 1094 1286 1125 qnae
1321 1089 1372 1117 est
1394 1084 1504 1118 incre-

125 1141 243 1174 dibilis
267 1140 341 1174 eius
365 1140 585 1184 perversitas,
611 1140 646 1172 in
674 1140 727 1172 ed.
754 1140 888 1173 minore
912 1152 1031 1174 rursus
1057 1143 1221 1186 adpetere
1244 1144 1418 1178 edidit.—-
1435 1145 1505 1178 Pro

122 1203 303 1236 etiamtum
324 1213 444 1235 omnes
468 1202 543 1234 edd.
568 1201 698 1234 habeut
721 1201 826 1234 etiam
852 1206 947 1240 tnm3
972 1203 1029 1235 sed
1047 1213 1080 1236 v.
1102 1203 1144 1235 ad
1170 1203 1246 1236 Cat.
1272 1205 1315 1239 11,
1343 1205 1373 1238 l.
1409 1205 1503 1238 Male

120 1263 226 1297 etiam
250 1267 416 1306 punctum
446 1264 579 1305 ponunt
606 1260 761 1305 plerique
784 1265 860 1304 post
883 1262 1054 1305 audebat,
1088 1274 1155 1297 non
1179 1263 1503 1307 animadvertentes,

118 1334 208 1366 qnae
232 1327 423 1367 sequuntur
447 1333 609 1356 caussam
633 1322 761 1355 afferre
789 1322 1077 1365 antecedentium,
1100 1323 1228 1358 omissa
1252 1326 1399 1358 canssali
1423 1337 1501 1369 par-

118 1383 244 1424 ticula,
272 1384 315 1416 de
339 1395 407 1426 quo
432 1396 465 1418 v.
493 1384 537 1418 ad
562 1394 592 1417 c.
618 1383 776 1423 XXVIII,
800 1381 833 1416 5.
869 1383 912 1415 cf.
939 1396 968 1417 c.
995 1384 1103 1426 CXII,
1128 1385 1161 1418 2.
1187 1405 1231 1410 —-
1266 1386 1360 1419 Inter
1383 1398 1418 1420 se
1439 1399 1501 1430 per

116 1456 240 1478 manus
261 1445 442 1486 tradebat,
468 1445 490 1478 i.
515 1456 545 1479 e.
569 1443 668 1488 quasi
691 1454 732 1476 ex
758 1442 917 1476 manibus
942 1451 1007 1481 uon
1032 1444 1239 1489 dimittebat,
1264 1447 1417 1479 studiose
1439 1458 1499 1481 ea·-

118 1517 221 1548 vens,
254 1517 298 1538 ne
331 1506 407 1549 quis
440 1505 529 1539 alius
556 1516 636 1538 eum
668 1504 734 1537 nisi
773 1503 900 1537 nobilis
932 1505 1111 1539 obtineret.
1166 1507 1249 1539 Inde
1282 1511 1376 1549 patet
1409 1508 1498 1540 haec

114 1568 224 1601 verba
248 1579 314 1600 non
338 1578 441 1610 posse
461 1566 504 1600 ad
524 1566 610 1599 alios
635 1566 864 1610 magistratus
885 1566 1002 1609 plebes
1024 1566 1160 1606 referri,
1184 1568 1240 1599 sed
1267 1579 1327 1610 per
1349 1579 1498 1612 zeugma

114 1630 156 1663 ad
183 1629 245 1662 illa
267 1627 448 1671 superiora
471 1627 689 1660 referendum
715 1637 788 1659 esse
811 1626 972 1659 habebat.
1014 1627 1130 1660 Minus
1155 1628 1269 1671 placet
1292 1630 1383 1672 quod
1409 1630 1496 1663 Ger-

113 1690 251 1724 Iaehias
275 1688 438 1723 substitui
462 1689 538 1721 vult
560 1688 706 1732 gerebat
731 1688 786 1719 vel
811 1688 1022 1730 accipiebat‚·
1046 1688 1103 1721 sed
1130 1689 1234 1733 longe
1259 1689 1401 1722 minime
1418 1701 1496 1732 pro-

111 1752 215 1784 batur
246 1749 388 1782 Weissii
419 1749 606 1790 sententia,
642 1748 701 1791 qni
736 1750 957 1793 largiebatur
987 1749 1138 1791 suppleri
1172 1748 1278 1782 iubet.
1336 1750 1388 1782 Ad
1420 1762 1494 1783 rem

110 1813 224 1856 ipsam
249 1811 294 1845 cf.
321 1811 396 1844 Cat.
421 1811 550 1852 XXIII,
575 1809 608 1844 6.
631 1814 665 1843 et
692 1809 766 1842 Cic.
799 1810 840 1842 de
865 1810 933 1853 leg.
960 1810 1084 1854 Agrar.
1109 1810 1161 1851 11,
1186 1810 1225 1852 l,
1251 1810 1283 1843 3.
1337 1811 1392 1843 Me
1415 1822 1492 1854 per-

110 1875 213 1916 longo
247 1871 431 1904 intervallo
465 1882 572 1914 prope
604 1870 790 1903 memoriae
822 1873 1077 1913 temporumque
1113 1875 1304 1903 nostrorum
1343 1872 1491 1914 primum

109 1934 280 1967 hominem
302 1943 427 1964 novum
450 1932 620 1963 consulem
637 1931 794 1973 fecistis,
829 1934 870 1963 et
904 1941 992 1962 enm
1019 1931 1180 1971 locum,
1220 1942 1345 1974 quem
1369 1931 1489 1963 mobi-

110 1995 235 2027 litas
267 1992 522 2036 praesidiis
554 1991 821 2032 firmatum,
863 1995 1005 2033 atque
1041 1991 1160 2023 omni
1192 1992 1384 2024 ratione
1423 1992 1488 2023 ob—

108 2054 343 2086 vallatum
377 2052 587 2091 tenebat,
616 2061 670 2084 me
704 2051 787 2084 duce
812 2051 1021 2092 rescidistis,
1044 2051 1232 2094 virtutique
1257 2052 1291 2083 in
1314 2057 1485 2095 posterum

104 2119 226 2160 patere
248 2113 416 2146 voluistis.

197 2177 227 2217 §.
258 2173 292 2207 7.
339 2172 505 2217 egregius
530 2171 664 2216 sactis]
705 2172 820 2216 Vulgo
851 2171 965 2205 editur
996 2171 1149 2215 egregiis
1174 2173 1307 2214 sacris,⁴
1338 2173 1394 2205 sed
1431 2185 1484 2206 re—

105 2238 240 2279 ceptam
267 2245 289 2267 a
312 2232 412 2266 nobis
434 2232 641 2275 scripturam
674 2232 893 2265 commendat
926 2244 992 2264 non
1025 2232 1137 2264 solum
1163 2232 1350 2264 nnntorenn
1377 2231 1481 2263 libro-

105 2308 183 2331 rum
207 2293 417 2334 auctoritas,
453 2297 491 2326 ut
512 2293 630 2326 Leidd.
661 2293 702 2326 A.
725 2293 766 2326 Β.
792 2292 830 2327 C.
863 2293 904 2325 D.
934 2293 970 2325 Ε.
997 2293 1035 2325 Ι<“.
1063 2294 1104 2325 G,
1135 2293 1179 2325 Η.
1204 2293 1246 2325 Κ.
1274 2293 1320 2326 Μ.
1348 2293 1388 2325 N.
1415 2293 1480 2325 Pa-

103 2360 167 2392 lat.
189 2356 224 2393 5.
246 2357 292 2389 B.
314 2355 415 2388 Publ.
442 2354 553 2388 Mark.
586 2357 627 2388 A.
653 2357 687 2387 et
711 2356 763 2395 Γ,
790 2365 811 2387 a
835 2365 878 2387 m.
905 2364 970 2387 sec.
1006 2351 1085 2386 Bas.
1112 2353 1142 2385 l.
1175 2353 1259 2386 Tur.
1288 2354 1319 2385 1.
1353 2354 1421 2385 Iuc.
1451 2353 1480 2385 l.

103 2419 137 2454 2.
163 2418 269 2451 Fabr.
296 2416 330 2449 2.
355 2414 500 2448 Eccard.
521 2414 638 2447 Guell'.
664 2415 698 2448 6.
730 2415 785 2448 11.
810 2414 920 2448 Paris.
945 2414 986 2447 A.
1012 2414 1053 2446 Ι).
1081 2413 1123 2445 Ε.
1150 2412 1264 2445 Bon-or
1291 2413 1323 2445 l.
1349 2413 1394 2453 2,
1421 2413 1479 2445 scd

101 2478 287 2512 confirmat
308 2475 415 2510 etiam
438 2475 628 2508 multorum
651 2475 845 2509 scribarum
870 2476 988 2518 lapsus
1012 2474 1177 2517 egregius
1205 2476 1326 2516 sactus
1350 2473 1383 2505 in
1412 2485 1478 2506 nno

102 2538 282 2578 Putschii,
314 2537 447 2579 aliquot
471 2536 612 2578 Palati„
645 2536 785 2570 Mai-tin.
811 2537 918 2571 Laud.
942 2535 978 2568 2.
1001 2535 1126 2568 Arond.
1156 2534 1260 2567 Fabr.
1286 2534 1318 2567 1.
1344 2534 1417 2566 Vin.
1446 2534 1475 2567 1.

102 2598 209 2632 Acad.
232 2598 352 2632 Struv.
378 2597 515 2631 vratisl.
540 2597 572 2629 1.
590 2597 623 2632 3.
649 2597 763 2630 Guelf.
789 2596 822 2630 9.
840 2598 895 2630 10.
914 2595 969 2631 12.
993 2595 1068 2628 Erl.
1093 2595 1182 2639 Teg.
1208 2596 1288 2630 Par.
1307 2595 1350 2628 B.
1372 2594 1476 2629 Bern.

104 2658 208 2692 Misn.
234 2659 363 2701 Goerl.,
388 2669 479 2701 quae
503 2658 705 2701 depravatio
734 2662 771 2691 ut
793 2670 860 2690 non
886 2657 989 2690 facile
1013 2655 1097 2689 oriri
1122 2655 1234 2699 potuit
1255 2666 1295 2688 ex
1319 2654 1476 2699 gemina—

105 2717 151 2753 ti·
171 2718 356 2760 ablativis,
385 2719 436 2754 ita
459 2718 611 2753 maxime
646 2719 799 2762 proclive
832 2717 900 2751 fuit
923 2717 1036 2760 primo
1060 2727 1101 2750 ac
1124 2720 1218 2750 sexto
1249 2726 1330 2749 casu
1354 2714 1475 2757 posito,
