1630 3034
135 157 218 198 520
505 152 548 196 G.
582 151 905 195 SALLUSTI
939 150 1161 195 CRISP1

270 267 475 314 XCVIII.
517 268 680 328 Neque
715 269 760 312 in
797 282 851 312 eo
887 273 979 313 tam
1011 283 1173 329 aspero
1205 269 1388 329 negotio
1418 268 1525 313 Ma·
1551 262 1554 264 ³

134 366 224 410 rius
270 366 446 409 territus
491 371 566 410 aut
608 365 754 426 magis
799 380 936 424 quam
980 372 1112 410 antea
1151 364 1350 411 demisso'
1379 359 1527 410 auimo

134 463 236 520 fuit,
275 462 357 507 sed
387 478 487 506 cum
523 469 670 507 turma
705 477 796 519 sua,
834 477 969 521 quam
1006 478 1061 506 ex
1091 458 1352 508 fortissumis
1382 463 1528 524 magis

136 575 272 619 quam
319 559 679 604 familiarissumis
726 565 992 620 paraverat,
1037 560 1193 621 vagari
1238 561 1430 621 passim,
1476 575 1530 604 ae

136 682 183 717 cf.
216 683 316 719 Caes.
350 682 395 716 B.
426 682 469 716 G.
501 682 551 725 11,
579 683 637 724 2⁰,
662 682 696 717 3.
728 682 794 716 llis
819 681 1086 726 difficultatibus
1113 687 1190 718 erat
1213 683 1363 718 subsidio
1386 683 1532 717 scientia
1590 695 1604 709 ο

136 747 242 787 atque
275 753 358 776 usus
388 743 558 785 militum,
593 744 684 789 quod
715 744 947 788 superioribus
975 744 1120 788 proeliis
1144 745 1327 779 exercitati
1349 744 1433 789 quid
1448 743 1533 788 fieri

135 801 308 848 oporteret
332 815 401 837 non
424 804 538 838 minus
561 806 734 840 commode
767 806 833 851 ipsi
863 805 928 839 sibi
949 806 1204 849 praescribere,
1239 817 1344 850 quam
1376 806 1420 839 ab
1452 806 1534 839 aliis

93 861 95 864 ’
135 865 253 900 doceri
283 869 460 910 poterant.
520 866 621 910 Quae
653 866 731 900 laus
765 877 872 910 quum
904 865 1048 900 minime
1081 877 1253 900 novorum
1285 866 1349 908 sit,
1387 867 1534 911 novique

135 926 234 959 nullo
267 926 374 959 modo
406 928 519 970 potest
551 937 574 959 a
603 926 774 962 Sallustio
795 926 965 970 seriptum
989 938 1073 962 esse.
1120 927 1201 961 Hoc
1225 927 1398 961 vocabulo
1421 926 1535 972 igitur

136 988 275 1022 sublato
300 999 408 1031 quum
434 998 553 1020 omnes
577 987 718 1031 omnino
742 987 966 1022 difficultates
991 988 1166 1029 tollantur,
1190 987 1354 1022 omittere
1376 999 1444 1022 non
1469 988 1534 1022 du-

135 1048 345 1092 bitavimus,
382 1046 474 1092 quod
507 1046 706 1082 faciendum
731 1059 806 1083 esse
831 1048 904 1083 iam
929 1049 1060 1083 dudum
1083 1049 1244 1083 viderunt
1267 1047 1476 1082 ciacconius
1499 1051 1534 1082 et

134 1108 296 1142 Ursinus.
346 1109 555 1152 corruptela
580 1113 695 1144 autem
720 1111 954 1154 probabiliter
977 1122 1019 1145 eo
1043 1113 1121 1144 orta
1147 1113 1218 1153 est,
1252 1110 1344 1153 quod
1367 1109 1532 1143 librarius

137 1169 277 1213 aliquis,
302 1170 504 1204 recordatus
529 1169 597 1204 loci
624 1182 652 1204 e.
672 1171 878 1212 Lxxxvn,
904 1171 938 1208 3.
965 1173 1072 1205 Brevi
1095 1173 1208 1216 spatio
1233 1172 1314 1205 novi
1338 1176 1533 1214 veteresque

137 1232 307 1273 coaluere,
331 1236 364 1266 et
390 1232 544 1266 virtus
569 1233 763 1268 omnium
790 1234 1012 1278 aequalis
1039 1235 1194 1277 facta,
1230 1243 1274 1266 ne
1300 1233 1382 1266 novi
1407 1232 1534 1266 milites

136 1292 244 1326 laude
268 1303 331 1326 sua
351 1291 411 1326 hic
434 1292 676 1337 privarentur,
701 1296 847 1339 noviQue
871 1295 930 1328 vel
953 1294 1069 1328 versui
1097 1294 1357 1338 superscripsit,
1382 1295 1437 1328 vel
1462 1296 1534 1327 sta-

135 1353 200 1388 tim
223 1353 260 1387 in
284 1357 445 1388 contextu
469 1353 597 1398 posuit.
645 1355 715 1389 Sed
739 1367 852 1400 neque
875 1356 988 1389 bonus
1011 1354 1072 1388 ille
1092 1354 1270 1399 librarius,
1297 1367 1404 1400 neque
1426 1355 1534 1389 inter-

136 1418 251 1458 pretes
282 1414 348 1449 isto
382 1416 459 1449 loco
494 1415 547 1449 usi
573 1415 734 1451 viderunt
759 1417 863 1460 plane
888 1414 1060 1450 diversam
1085 1426 1159 1448 esse
1182 1415 1365 1461 utriusque
1385 1415 1454 1450 loci
1477 1426 1535 1450 ra-

137 1475 279 1510 tionem.
328 1475 381 1510 lbi
414 1475 507 1509 enim
536 1481 659 1512 auctor
682 1477 924 1512 tantummodo
949 1477 992 1511 de
1017 1477 1132 1510 animo
1159 1481 1192 1511 et
1215 1478 1345 1511 virtute
1364 1487 1536 1511 novorum

140 1535 313 1579 loquitur,
338 1536 398 1569 hie
422 1538 502 1571 belli
525 1550 624 1572 usum
649 1545 685 1575 et
709 1540 888 1574 scientiam
912 1541 1182 1579 commemorat,
1217 1549 1308 1581 quae
1329 1549 1396 1571 non
1420 1549 1538 1571 neces-

139 1595 233 1630 sario
265 1608 344 1630 cum
379 1598 497 1632 animo
533 1600 615 1634 forti
646 1605 679 1635 et
713 1594 951 1645 periculorum
977 1611 1046 1634 non
1070 1603 1245 1633 metuente
1269 1598 1452 1634 coniuncta
1474 1602 1537 1634 est.

140 1658 298 1700 Utraque
322 1669 359 1691 re
383 1657 537 1704 insignes
560 1673 635 1694 esse
658 1662 772 1695 solent
795 1661 973 1703 veterani,
999 1661 1082 1695 novi
1105 1672 1173 1694 non
1198 1660 1290 1695 item.

233 1718 388 1752 xcvlss.
414 1721 446 1762 ἓ.
468 1719 501 1753 1.
526 1732 630 1764 quam
649 1723 962 1766 familiarissumis]
988 1721 1200 1755 Gerlachius
1222 1724 1313 1754 recte
1337 1717 1540 1753 observavit

139 1779 198 1813 his
221 1778 338 1813 verbis
362 1780 458 1814 haud
482 1782 628 1817 obscure
652 1783 767 1818 notari
794 1794 996 1827 perversum
1020 1782 1212 1816 multorum
1237 1781 1367 1814 ducum
1392 1790 1538 1822 morem,

139 1841 199 1885 qui
226 1840 260 1873 in
284 1840 455 1886 eligendis
478 1843 633 1878 cohortis
656 1855 739 1878 suae
763 1844 941 1888 equitibus
965 1844 1082 1888 potius
1107 1841 1300 1876 nobilitatis
1323 1845 1384 1875 aut
1407 1851 1539 1886 cogna-

141 1901 267 1946 tionis,
302 1913 408 1945 quam
446 1902 661 1939 fortitudinis
696 1905 868 1940 rationem
901 1906 1083 1940 haberent.
1129 1903 1271 1937 Similia
1304 1903 1348 1936 de
1370 1902 1541 1948 Agricola

140 1963 264 1997 laudat
283 1963 444 2005 Tacitus,
468 1963 587 2008 Agric.
612 1976 641 1998 c.
668 1966 762 2001 XIX.
790 1967 870 2001 Non
893 1968 1016 2001 studiis
1036 1967 1196 2012 privatis,
1220 1976 1282 1998 nee
1308 1975 1348 1998 ex
1371 1951 1542 1998 commen-

142 2024 283 2058 datione
308 2029 371 2059 aut
392 2026 550 2069 precibus
573 2028 810 2062 centurionum
839 2029 966 2062 milites
993 2027 1124 2068 ascire,
1148 2026 1208 2060 sed
1232 2026 1399 2069 optimum
1424 2036 1542 2070 quem-

142 2096 206 2129 que
225 2085 470 2129 fidelissimum
503 2092 640 2131 putare.
708 2087 853 2122 virtutis
878 2089 1039 2133 praemia·
1059 2098 1233 2131 occupare
1257 2087 1485 2121 ambitionem
1508 2089 1544 2121 et

141 2157 203 2189 per
227 2146 382 2190 gratiam
409 2149 608 2191 promoveri
633 2149 763 2184 milites
787 2149 945 2193 queritur
967 2150 1075 2184 etiam
1100 2150 1220 2194 Veget.
1243 2148 1306 2189 111,
1331 2147 1364 2183 3.
1382 2167 1427 2173 —
1454 2148 1544 2182 Pas-

141 2207 207 2240 sim
231 2207 322 2251 expl.
347 2207 392 2241 ad
418 2220 447 2241 c.
472 2209 595 2252 xvm,
622 2210 655 2244 3.
682 2230 724 2235 —
760 2211 903 2245 Manu
927 2212 1100 2245 consulere
1126 2211 1198 2244 mil.
1248 2209 1440 2243 Muellerus
1463 2220 1541 2253 per-

141 2278 262 2310 peram
288 2268 458 2312 explicat:
483 2271 655 2316 „gladi
663 2284 703 2316 o,
730 2283 833 2315 quem
854 2273 1129 2314 manutenebat,
1154 2271 1333 2305 iudicabat
1354 2268 1437 2311 suis,
1461 2269 1545 2313 quid

143 2328 345 2362 faciendum
380 2334 491 2372 esset,
525 2343 593 2375 quo
631 2334 926 2375 concurrendum3
961 2333 1012 2368 ita
1044 2337 1083 2367 ut
1106 2332 1314 2376 conspicuus
1337 2335 1437 2374 esset,
1460 2331 1544 2364 dum

144 2389 260 2423 audiri
286 2401 353 2423 non
380 2395 564 2434 poterat.“
612 2393 729 2437 Quam
754 2395 1075 2439 interpretationem
1100 2404 1231 2427 vanam
1255 2403 1331 2427 esse
1352 2392 1468 2436 quivis
1492 2392 1546 2426 in-

144 2450 295 2495 telliget,
321 2451 381 2494 qui
405 2455 439 2486 et
465 2452 644 2498 ingentem
670 2467 810 2500 pugnae
834 2455 1142 2500 perturbationem,
1168 2459 1203 2488 et
1222 2465 1276 2496 ca,
1301 2465 1391 2497 quae
1413 2453 1546 2488 Marius

146 2509 261 2555 egisse
286 2516 470 2557 narratur,
497 2515 781 2550 consideraverit.
829 2518 947 2560 Quare
970 2516 1088 2550 Faber
1111 2527 1216 2549 manu
1239 2520 1333 2549 recte
1355 2515 1547 2550 vernacula

146 2572 297 2605 reddidit
330 2573 438 2607 durch
471 2577 685 2620 personliche
716 2578 944 2612 'I'lzeilnahme
987 2588 1045 2611 am
1079 2577 1255 2621 It'nmps05
1297 2588 1421 2611 viarius
1452 2576 1544 2611 enim

145 2645 248 2677 saepe
281 2633 325 2666 do
356 2645 496 2680 pugnae
529 2636 564 2670 vi
600 2641 634 2671 et
672 2637 803 2682 impetu
827 2638 974 2679 dicitur;
999 2637 1046 2671 cf.
1071 2638 1236 2678 xxxlx.
1262 2638 1294 2671 1.
1320 2639 1407 2672 Aulo
1431 2649 1546 2672 omnes

147 2695 279 2738 infesti,
304 2696 395 2739 quod
421 2697 586 2732 dedecore
608 2698 734 2742 potius,
761 2711 864 2743 quam
890 2711 1016 2733 manu
1041 2700 1188 2733 sulutem
1213 2700 1445 2742 quaesiverat.
1470 2699 1546 2737 XX.

147 2757 178 2793 4.
204 2758 292 2799 cn,
316 2758 350 2791 (ἰ.
377 2768 410 2790 v.
439 2759 618 2793 Duclinius
642 2759 686 2792 nd
714 2760 797 2804 Nep.
822 2760 961 2794 Datum.
988 2772 1015 2793 c.
1043 2761 1081 2801 l,
1106 2760 1139 2794 3.
1166 2762 1284 2806 Epam.
1313 2760 1371 2802 lll,
1398 2760 1429 2794 l.
