1630 3034
225 106 281 148 56
838 108 997 148 INDEX

227 221 381 253 Obscoena
397 218 562 251 interdum
579 219 883 262 circumscriptione
898 223 1070 260 teguntur,
1095 217 1120 251 1.
1139 217 1196 258 85,
1209 218 1264 252 41.

222 277 285 309 Pro
303 275 457 307 obscoenis
475 275 633 308 nonnulla
645 275 811 308 vocabula
828 275 913 308 falso
929 274 1056 315 habita,
1073 273 1099 307 Ι.
1115 274 1174 314 21,
1191 273 1226 308 2.

226 332 389 363 Observare
405 332 483 373 quid
500 330 633 363 differat
649 340 669 363 a
687 332 795 370 colere,
813 331 838 364 Ι.
860 331 914 370 10,
931 331 964 363 8.

226 388 388 419 Observare
402 391 436 419 et
451 397 570 419 servare
587 387 731 426 ordines,
757 386 781 419 1.
803 387 858 427 51,
877 387 907 420 1.

226 444 390 476 Observare
406 444 561 485 imperium
579 443 714 485 explic.,
739 442 764 476 Ι.
783 442 840 482 80,
858 443 890 474 2.

226 499 372 532 obsidere
389 503 423 532 et
440 498 583 531 obsidere
600 499 750 538 confusa,
770 498 806 530 C.
821 499 877 534 45,
895 498 926 531 2.

227 556 364 587 Obtenlui
380 566 456 595 esse,
482 555 506 588 I.
527 555 582 594 46,
599 555 630 588 6.

226 612 362 644 Obtinere
379 611 531 644 absolute
548 612 700 654 positum,
726 611 750 643 l.
773 610 826 651 17,
842 610 873 644 7.
922 611 978 651 80,
998 610 1031 644 7.

225 668 409 700 obtruncare
425 668 447 700 i.
468 678 498 710 q.
518 667 704 700 immaniter
720 667 922 707 interficere,
947 666 972 700 1.
1000 665 1055 707 97,
1073 668 1106 699 5.

225 724 332 757 Obvius
348 735 406 768 pro
424 725 553 764 obviam,
574 724 599 756 l.
618 724 674 762 21,
695 723 724 756 1.
776 723 831 764 46,
850 725 882 756 5.

226 781 350 813 Obviam
366 782 417 812 itio
435 790 498 813 non
517 780 780 821 coniungendum
797 790 856 823 per
871 780 1017 823 hyphen,
1043 779 1069 812 Ι.
1090 778 1145 819 76,
1165 780 1196 811 5.

227 837 384 870 occultare
401 848 433 869 se
446 837 551 877 aliqua
566 847 599 868 re
615 840 650 868 et
666 837 698 867 in
714 837 820 877 aliqua
836 846 881 875 re,
898 835 922 868 Ι.
944 835 998 874 12,
1017 836 1049 868 5.

226 894 395 925 Occultalus
413 897 448 925 et
465 893 596 924 occultus
616 891 766 931 confusa,
793 892 817 924 Ι.
839 892 893 931 90,
911 891 944 925 2.

227 950 381 991 Occupare
395 949 548 981 adverbii
564 949 599 982 vi
615 949 770 992 positum,
798 947 833 980 C.
855 947 910 987 18,
927 947 962 981 8.

226 1006 388 1038 Occurrere
404 1009 439 1038 et
456 1015 611 1037 accurrere
628 1004 778 1044 confusa,
803 1003 827 1036 I.
848 1003 925 1043 101,
945 1003 998 1036 10.

227 1062 387 1094 occurrere
403 1065 439 1094 et
455 1071 632 1093 concurrere
648 1059 801 1099 confusa,
826 1059 852 1092 Ι.
872 1059 949 1100 101,
965 1059 1020 1092 10.

227 1118 391 1150 Occursare
406 1118 428 1150 i.
449 1128 479 1160 q.
498 1118 611 1157 reniti,
631 1117 775 1156 obstare,
793 1116 819 1149 Ι.
837 1116 893 1156 85,
912 1116 944 1149 3.

226 1175 334 1207 Odium
345 1175 367 1207 i.
389 1185 418 1218 q.
438 1184 493 1207 res
512 1184 596 1216 quae
615 1173 724 1205 odium
737 1173 873 1212 excitat,
898 1172 924 1205 Ι.
941 1171 1000 1212 23,
1020 1172 1052 1204 1.

226 1231 360 1273 Offensus
379 1235 413 1263 et
430 1232 540 1262 invisus
555 1230 620 1262 sibi
635 1230 796 1273 opposita,
823 1228 847 1262 I.
866 1228 921 1269 73,
938 1228 972 1263 2.

227 1287 351 1328 officere
367 1287 590 1326 scribendum,
608 1297 672 1319 non
691 1288 829 1326 obticere,
858 1284 894 1318 C.
914 1285 969 1323 51,
987 1285 1019 1320 2.

227 1344 349 1385 Officere
366 1345 387 1376 i.
412 1354 442 1386 q.
463 1344 594 1383 obesse,
620 1343 644 1376 Ι.
664 1343 720 1382 85,
736 1343 792 1376 43.

226 1401 364 1433 Omittere
382 1400 541 1443 quomodo
555 1400 689 1432 differat
705 1399 746 1432 ab
765 1401 910 1438 amittere,
938 1396 964 1432 1.
981 1398 1036 1438 31,
1057 1398 1111 1432 17.

226 1456 364 1490 omittere
380 1457 537 1500 quomodo
554 1457 688 1489 differat
703 1465 722 1488 a
741 1457 898 1494 dimittere,
916 1455 942 1487 1.
961 1454 1017 1493 31,
1036 1453 1089 1487 17.
1142 1453 1219 1494 102,
1239 1455 1292 1488 14.

226 1513 327 1545 Omnis
345 1524 416 1546 cum
433 1514 624 1557 praedicato
642 1514 851 1545 coniunctum
868 1512 1056 1554 germanice
1073 1511 1168 1544 valet
1184 1513 1292 1551 lauter,
1309 1511 1335 1545 Ι.
1351 1510 1428 1552 103,
1449 1511 1480 1545 1.

226 1570 327 1602 Omnis
346 1570 423 1603 aliis
441 1571 618 1603 adiectivis
637 1570 801 1602 interdum
818 1570 890 1601 sine
909 1568 1026 1611 copula
1038 1568 1184 1608 additur,
1203 1567 1239 1601 C.
1261 1567 1315 1608 15,
1337 1566 1368 1601 1.

227 1626 346 1665 Omnes,
367 1628 479 1665 omnia,
498 1627 545 1658 ita
562 1626 695 1665 dicitur,
713 1631 751 1658 ut
767 1626 973 1668 appositione
990 1625 1192 1663 illustretur,
1221 1623 1257 1656 C.
1277 1623 1332 1663 30,
1352 1624 1385 1657 4.
1433 1624 1459 1658 1.
1479 1622 1536 1664 76,
1555 1623 1587 1658 1.

227 1682 363 1714 Omnium
377 1682 569 1724 frequenter
586 1682 765 1724 pronomini
785 1681 954 1714 indefinito
973 1682 1134 1722 quisquam
1150 1681 1295 1720 additur,
1322 1677 1363 1714 C.
1384 1681 1439 1722 51,
1456 1680 1490 1715 2.

228 1739 358 1771 Onerare
373 1739 532 1780 promissis
550 1738 704 1780 aliquem,
724 1737 747 1771 Ι.
766 1737 819 1776 12,
840 1738 873 1769 4.

227 1796 353 1827 Onerari
370 1795 492 1827 dictum
510 1794 549 1826 de
563 1794 658 1834 largo
678 1793 742 1826 cibi
757 1798 918 1836 potusque
934 1802 1011 1832 usu,
1039 1791 1062 1824 1.
1085 1791 1139 1832 76,
1159 1793 1192 1824 ὃ.

228 1852 355 1884 onustus
372 1852 492 1884 latiore
511 1860 614 1883 sensu
631 1851 652 1882 i.
674 1860 704 1892 q.
724 1850 855 1893 plenus.
881 1849 906 1882 I.
926 1849 982 1889 87,
1002 1849 1033 1882 1.

228 1908 342 1950 Operae
360 1918 420 1939 non
437 1913 479 1939 est
498 1908 615 1948 aliquid
633 1907 705 1939 sine
724 1907 835 1949 cllipsi
850 1906 972 1937 dictum
990 1909 1056 1943 est,
1080 1905 1103 1937 Ι.
1127 1905 1182 1945 81,
1201 1905 1234 1938 3.

227 1964 341 2006 Operae
355 1966 483 2006 pretium
498 1968 539 1996 est
553 1964 618 1996 alio
636 1973 737 1996 sensu
756 1963 890 2001 dicitur,
909 1971 1003 2004 quam
1020 1963 1147 2002 pretium
1163 1965 1217 1999 est,
1232 1961 1257 1994 1.
1277 1961 1333 2003 81,
1352 1962 1384 1994 3.

228 2021 304 2062 Opes
322 2025 356 2053 et
372 2031 440 2063 spes
459 2021 717 2061 coniunguntur,
743 2019 767 2052 I.
788 2018 864 2058 107,
884 2020 916 2052 4.

228 2078 289 2119 Ope
307 2088 423 2109 summa
442 2077 598 2119 frequens
613 2087 670 2120 pro
686 2077 786 2111 valde,
807 2075 840 2107 C.
862 2074 919 2110 38.
937 2076 969 2107 2.

228 2134 361 2175 Opimitas
381 2132 467 2176 (10),
493 2133 516 2165 I.
540 2133 593 2169 16.
611 2133 643 2166 2.

228 2191 340 2231 Opinoi·
355 2190 479 2222 ironice
498 2190 631 2226 dictum,
658 2185 698 2221 C.
717 2188 771 2221 52.
791 2188 842 2220 12¹.

228 2248 340 2287 Opinor
357 2246 498 2278 orationi
513 2246 584 2277 sine
604 2245 763 2285 regimine
779 2245 1010 2287 interponitur.
1031 2244 1065 2276 C.
1088 2246 1141 2278 52.
1161 2245 1216 2277 26.

229 2304 418 2343 Oppnrlwms
437 2303 457 2333 ἰ.
475 2312 506 2343 q.
527 2302 712 2337 credibilis,
740 2301 775 2332 C.
797 2301 850 2335 119,
871 2301 900 2332 3.

229 2360 418 2400 opportunus
438 2360 577 2396 iniuriae,
604 2357 626 2390 l.
648 2357 702 2396 ⁶20,
722 2359 755 2390 2.
806 2359 861 2393 55,
882 2357 913 2390 3.

228 2416 417 2457 opportunus
435 2425 490 2456 pro
505 2416 608 2454 aliquo
622 2418 655 2446 υἱ
673 2419 775 2445 corma
790 2415 933 2453 aliquem.
948 2413 972 2445 l.
987 2413 1044 2451 88,
1064 2414 1096 2445 4.

229 2473 437 2514 oppositiones
463 2470 637 2503 verborum
663 2480 702 2502 ac
726 2471 967 2502 sententiarum
993 2480 1012 2502 a
1033 2469 1194 2503 Sallustio
1219 2461 1479 2511 quaesitae‚'c.
1501 2469 1556 2509 12,
1573 2470 1607 2502 5.

316 2528 371 2567 46,
391 2529 421 2561 5.
474 2527 528 2565 61,
547 2527 579 2559 2.
1519 2558 1526 2562 .

229 2584 431 2626 Opposuinnis
450 2593 570 2616 caussa
587 2583 716 2615 dicendi
736 2583 820 2614 ratio
838 2582 1000 2615 interdum
1019 2582 1202 2623 singularis
1221 2583 1349 2621 existit,
1367 2579 1409 2615 C.
1427 2580 1483 2622 39,
1500 2580 1534 2615 6.
1582 2580 1607 2614 l.

318 2639 373 2677 70,
393 2639 422 2672 1.
473 2638 528 2675 73.
547 2639 578 2670 ⁶2.
