1630 3034
249 223 597 268 CATILINA.
645 224 782 267 CAP.
813 224 1008 268 XXVIII.
1028 225 1193 268 XXIX.
1331 231 1412 272 131

31 342 216 404 plebem
262 341 526 395 sollicitare,
572 346 770 401 egestate
813 341 944 385 simul
992 357 1046 387 ac
1089 342 1251 387 dolore
1295 340 1414 389 iniu—

31 435 124 478 riae
167 447 383 477 novarum
425 447 575 476 rerum
620 432 856 492 cupidam,
903 433 1028 491 quod
1075 433 1232 479 Sullae
1252 431 1417 479 'domi-

32 524 212 568 natione
254 538 390 583 agros
431 523 642 581 bonaque
697 523 845 567 omnia
905 525 1132 576 amiserat3
1181 523 1418 585 pra'ei‘ffea

32 615 227 659 latrones
269 614 480 672 cuiusque
523 614 721 674 generiS,
780 629 973 673 quorum
1027 616 1071 659 in
1120 630 1173 659 ea
1226 617 1418 677 regione

32 720 199 764 magna
245 705 378 764 copia
425 711 541 757 erat3
586 704 824 748 nonnullos
882 720 936 750 ex
979 705 1173 750 Suilanis
1231 707 1418 763 colonis,

32 796 195 854 quibus
230 796 388 840 lubido
437 802 570 855 atque
603 796 775 840 luxuria
811 811 865 841 ex
899 797 1073 856 magnis
1108 798 1274 856 rapinis
1308 798 1419 843 nihil

32 887 189 932 relicui
223 888 434 933 fecerant.

166 978 329 1024 XXIX.
399 979 469 1022 Ea
503 993 641 1037 quum
677 977 885 1024 Ciceroni
927 977 1259 1034 nunciarentur,
1294 980 1420 1026 anci-

32 1067 116 1127 piti
150 1069 270 1112 malo
307 1075 564 1129 permotus,
610 1069 736 1128 quod
772 1084 918 1128 neque
952 1069 1217 1115 urbem‘ab
1253 1070 1419 1115 insidiis

33 1256 144 1290 eoque
178 1249 320 1280 auctore
349 1245 456 1280 etium
486 1244 718 1289 Hottingerus
757 1247 792 1278 et
823 1245 1049 1279 Iiunhardtus
1090 1245 1313 1288 deleverunt,
1344 1238 1420 1280 tum

34 1303 127 1346 qnod
158 1304 276 1346 paullo
309 1308 389 1337 ante
422 1307 456 1336 et
485 1303 654 1337 Ciceronis
685 1306 718 1336 et
754 1303 909 1336 Consulis
948 1300 1077 1337 mentio
1112 1305 1204 1338 facta
1235 1303 1304 1345 sit,v
1343 1308 1420 1337 tum

34 1361 126 1404 quod
160 1373 223 1404 per
254 1372 291 1394 se
321 1360 558 1404 intelligatur,
597 1359 685 1392 nulli
719 1359 781 1393 alii
820 1370 927 1402 quam
962 1360 1122 1394 Ciceroni
1159 1361 1278 1395 datum
1313 1362 1420 1395 fuisse

34 1417 265 1452 enunciatum.
332 1417 402 1451 Sed
438 1416 659 1461 Schlegelius
689 1416 724 1464 in
757 1416 852 1449 Bibl.
895 1416 979 1449 Crit.
1023 1415 1074 1450 rei
1095 1407 1421 1453 *schot-''llildesh

35 1487 67 1509 u.
86 1475 187 1510 1819.
212 1476 257 1509 T.
279 1475 321 1508 n.
346 1486 379 1517 p.
398 1473 479 1507 722.
511 1474 600 1507 bene
631 1472 798 1512 ostendit,
839 1472 964 1506 iterato
998 1472 1175 1508 Ciceronis
1205 1476 1346 1509 nomine
1376 1475 1421 1510 ad

33 1531 312 1576 perspicuitatem
336 1543 422 1575 opus
446 1542 529 1565 esse.
577 1530 704 1564 Curius
738 1530 831 1564 enim
861 1541 930 1563 non
966 1531 1136 1574 amplius,
1169 1537 1209 1567 ut
1240 1523 1342 1567 antea
1369 1534 1422 1567 fe-

34 1594 141 1632 cerat,
166 1589 286 1623 audita
309 1589 345 1623 in
368 1592 538 1622 conventu
561 1588 653 1631 apud
676 1589 828 1622 Laecam
862 1587 935 1621 sine
968 1593 1063 1622 certo
1098 1589 1244 1623 consilio
1275 1586 1422 1623 Fuluiae

31 1646 210 1688 narravit,
233 1647 313 1687 sed,
338 1657 359 1680 a
383 1645 551 1680 Cicerone
581 1646 737 1689 praemio
762 1645 941 1686 inductus,
976 1649 1017 1679 ut
1041 1646 1158 1681 omnia
1182 1646 1215 1680 ei
1249 1647 1423 1691 proderet,

33 1702 98 1746 (cf.
123 1714 153 1737 c.
174 1703 300 1744 XXVI,
318 1704 374 1747 3.)
414 1703 568 1737 Ciceroni
590 1704 658 1746 ipsi
689 1703 810 1736 dolum
845 1701 1100 1736 enunciandam
1136 1703 1296 1747 putavit3
1333 1715 1424 1748 quae

33 1760 108 1794 eius
141 1760 311 1795 industria
347 1761 443 1794 haud
475 1761 620 1794 obscure
652 1760 822 1794 vocabulo
856 1770 1002 1803 propere
1036 1759 1224 1794 indicatur.
1272 1759 1326 1795 Cl'.¹
1349 1761 1423 1795 Cic.

34 1821 123 1852 orat.
147 1817 183 1851 in
207 1817 312 1853 Catil.
329 1818 358 1859 1,
377 1817 411 1859 4,
433 1822 518 1851 extr.

125 1876 157 1916 §.
181 1874 214 1909 4.
261 1874 297 1907 in
321 1875 466 1908 Etruria
495 1875 655 1918 plebem]
698 1874 753 1907 De
785 1873 949 1907 Etruriae
981 1872 1122 1916 plebes
1142 1873 1225 1917 qnia
1260 1885 1282 1908 a
1314 1873 1424 1909 Marii

32 1931 190 1976 partibus
220 1935 380 1974 steterat,
416 1942 437 1965 a
462 1931 566 1965 Sulla
594 1934 722 1964 vexata
755 1931 916 1974 maleque
938 1930 1062 1965 habita
1086 1931 1131 1966 cf.
1155 1931 1253 1967 Flor.
1278 1931 1338 1972 m,
1362 1931 1422 1974 21,

34 1990 91 2024 22.
117 1990 190 2024 Cic.
212 1990 305 2033 Epp.
339 1988 383 2023 ad
406 1988 510 2022 Attic.
540 1989 567 2029 1,
598 1988 654 2023 19.
706 1988 949 2022 Volaterranos
985 1992 1019 2022 et
1052 1988 1254 2030 Arretinos,
1279 1999 1423 2032 quorum

34 2058 162 2092 agrum
189 2047 289 2080 Sulla
309 2047 524 2090 publicarat,
550 2046 586 2078 in
609 2055 674 2078 sua
692 2046 907 2089 possessione
929 2045 1131 2079 retinebam.
1152 2064 1196 2071 -
1221 2047 1340 2080 Sullae
1360 2047 1423 2079 do-

34 2105 223 2138 minatione
248 2103 454 2137 Gerlachius
475 2113 658 2146 perperam
689 2103 936 2145 interpretatur
962 2102 1064 2134 Sulla
1086 2102 1310 2144 dominante,
1341 2101 1365 2135 i.
1389 2112 1423 2136 e.

35 2172 78 2195 eo
108 2164 283 2204 tempore,
319 2170 388 2203 quo
421 2159 521 2192 Sulla
554 2157 761 2201 imperabat.
820 2158 889 2191 Sed
921 2169 990 2191 non
1020 2161 1093 2191 tam
1126 2162 1282 2200 tempus,
1314 2168 1422 2201 quam

35 2229 195 2252 caussam
219 2217 384 2262 egestatis
406 2216 598 2261 significari
627 2215 698 2250 iam
722 2215 859 2249 Cottius
883 2214 990 2255 vidit,
1024 2213 1084 2257 qui
1109 2214 1290 2247 verissime
1314 2215 1426 2258 expli-

37 2279 94 2308 eat
114 2287 179 2318 per
199 2275 419 2318 tyrannidem
443 2274 581 2312 Sullae;
615 2282 650 2304 v.
676 2272 721 2305 ad
745 2283 773 2305 c.
798 2272 927 2312 XXXI,
947 2271 981 2304 3.
1003 2288 1048 2295 -
1081 2271 1134 2303 De
1157 2271 1311 2305 Sullanis
1334 2273 1425 2306 colo-

37 2331 92 2364 nis
117 2342 152 2364 v·
174 2331 286 2365 Cicer.
311 2336 399 2364 orat.
424 2331 460 2364 in
484 2330 588 2364 Catil.
606 2330 650 2371 11,
674 2328 708 2370 9,
727 2329 785 2362 20.
804 2345 851 2353 —-
885 2327 1018 2360 Lubido
1045 2326 1254 2361 Gerlachius
1274 2329 1425 2372 pessime

38 2387 134 2431 capit
156 2398 220 2430 pro
243 2388 397 2428 licentia,
424 2387 622 2431 agendique
646 2386 929 2429 intemperantia,
954 2394 1062 2426 quam
1085 2384 1303 2419 notissimam
1326 2385 1425 2420 vocis

37 2443 349 2490 significationem,
391 2443 529 2478 etiamsi
562 2443 598 2476 in
631 2442 668 2476 h.
699 2442 723 2475 l.
754 2443 911 2482 caderet,
943 2440 1033 2474 nihil
1066 2451 1153 2484 opus
1187 2447 1263 2477 crat
1293 2447 1425 2487 septem

38 2500 205 2544 exemplis
228 2500 410 2534 illustrari.
462 2499 620 2533 Alteram
644 2502 761 2532 autem
786 2498 943 2532 obtinere
963 2498 1129 2532 vocabuli
1153 2498 1249 2544 vim,
1277 2511 1347 2544 qua
1370 2501 1426 2534 ef-

37 2559 193 2592 frenatas
226 2557 403 2600 cupidines
436 2556 633 2602 siguificat,
666 2556 744 2589 luce
782 2555 912 2589 clarius
944 2555 1044 2589 docet
1084 2555 1242 2590 additum
1275 2557 1426 2598 luxuria,

40 2615 270 2659 universaque
294 2613 362 2647 loci
386 2613 555 2648 sententia
578 2625 657 2647 cum
688 2613 760 2647 Cic.
786 2613 822 2647 in
842 2614 916 2647 Cat.
935 2613 978 2654 n,
994 2612 1029 2656 9,
1047 2612 1105 2646 2⁰.
1131 2613 1264 2647 collati.

132 2672 262 2706 XXIX.
309 2673 341 2713 §-
367 2671 400 2704 1.
448 2671 504 2704 Εα
527 2681 630 2715 quum
656 2670 693 2703 C.
717 2669 988 2713 nunciarentur]
1024 2669 1195 2703 Manen-us
1221 2669 1427 2714 pronomine

43 2739 86 2764 ea
117 2727 364 2773 comprehendi
395 2731 511 2762 censet
543 2727 664 2762 omnia
690 2737 784 2770 quae
814 2726 895 2760 inde
927 2736 949 2759 a
972 2736 1047 2770 cap.
1069 2727 1196 2760 xxvl.
1228 2727 1322 2761 dicta
1345 2726 1424 2761 sint.

1052 2786 1149 2831 9*
