1630 3034
389 141 753 185 IUGURTHA.
817 140 953 210 CAP5
983 139 1104 184 XIV.
1385 146 1441 187 77

49 276 182 321 quam
211 274 404 321 regnum
447 273 532 319 per
569 258 712 302 scelus
755 273 970 306 crescere.
1039 257 1208 303 Verum
1244 273 1332 319 ego
1367 259 1473 304 hiss

47 359 209 402 finibus
256 358 421 401 eiectus
466 370 584 413 sum,
630 370 742 413 quos
794 355 1035 409 mai-oribus
1079 355 1188 400 meis
1241 356 1437 416 populus

47 455 278 499 Romanus
315 452 463 509 dedit,
508 451 627 496 unde
669 457 798 511 pater
834 457 878 495 et
920 466 1029 495 avus
1068 467 1195 496 meus
1230 467 1318 496 una
1354 467 1437 496 vo-

36 531 222 596 'hiscum
253 549 467 609 expulere
503 547 766 607 Syphacem
803 553 847 592 et
884 547 1276 607 Carthaginiensis.
1338 548 1435 593 Vo-

48 654 137 691 stra
154 646 373 692 beneficia
401 645 508 689 mihi
535 650 692 705 erepta
723 649 846 699 sunt,
873 644 1030 688 Patres
1058 645 1317 705 conscripti,
1357 660 1435 689 vos

45 744 88 788 in
135 759 238 788 mea
275 743 429 787 iniuria
476 742 676 801 despecti
721 741 832 785 estis.
911 740 1044 784 Eheu
1084 756 1157 785 me
1196 740 1468 786 miserum!9

44 910 195 944 eiusdem
217 910 410 944 sententiae
438 914 558 955 partes
593 908 824 954 grammatice
856 909 1200 952 comprehendendae
1221 912 1336 950 erant,
1373 921 1435 953 per

41 982 80 1008 ne
102 974 199 1015 patet
220 971 356 1005 nullam
379 971 439 1004 hic
459 971 653 1014 particulae
676 971 794 1004 locum
817 981 911 1010 esse,
945 969 1006 1002 ubi
1036 974 1156 1003 orator
1185 982 1314 1005 novam
1339 971 1434 1004 ordi-

44 1035 101 1066 tur
131 1032 402 1076 argumentandi
434 1033 629 1072 rationem,
663 1043 743 1064 cum
769 1028 954 1074 praecedd.
982 1029 1078 1063 nullo
1114 1031 1219 1064 modo
1243 1031 1435 1064 cohaeren-

41 1098 123 1128 tem.
167 1094 244 1126 Iam
268 1093 362 1125 enim
386 1094 566 1126 Romanos
589 1092 681 1135 ipsos
706 1090 855 1124 ostendit
878 1090 991 1123 laesos
1014 1101 1108 1133 esse,
1142 1090 1195 1124 ita
1221 1095 1270 1129 ut,
1297 1091 1435 1125 etiamsi

41 1164 106 1188 sua
128 1153 240 1197 ipsius
263 1153 393 1187 iniuria
417 1165 478 1196 per
509 1164 546 1186 se
578 1155 734 1195 spectata
757 1150 909 1184 sufficiat
934 1151 978 1184 ad
1003 1151 1173 1185 auxilium
1198 1152 1432 1193 obtinendum,

40 1214 114 1256 illi,
146 1214 312 1257 quoniam
345 1213 413 1257 ipsi
443 1212 596 1256 despecti
627 1212 716 1253 sint,
748 1212 942 1256 Iugurthae
974 1213 1087 1245 scelus
1121 1212 1243 1246 ulcisci
1274 1214 1433 1249 debeant.

40 1276 159 1319 Quum
175 1274 285 1319 igitur
303 1285 392 1317 quae
410 1285 432 1308 a
455 1285 512 1308 vv.
532 1285 647 1307 verum
666 1285 731 1318 ego
753 1272 922 1315 incipiunt
943 1282 1041 1305 sensu
1064 1273 1238 1316 pendeant
1254 1286 1295 1307 ex
1313 1274 1432 1318 proxi-

40 1347 98 1369 me
121 1336 319 1380 praecedd„
344 1335 433 1368 haec
457 1335 545 1377 ipsa,
568 1334 640 1367 huc
663 1333 866 1376 spectantia,
892 1336 1065 1374 nequeunt
1088 1339 1249 1377 respectu
1273 1336 1432 1378 superio-

39 1407 117 1429 rum
143 1396 236 1429 dicta
264 1407 349 1430 csse.
366 1413 410 1420 —
437 1395 519 1428 Post
552 1406 610 1427 rex
643 1393 782 1427 Cor-tius
817 1397 852 1427 et
886 1392 1094 1426 Gerlachius
1117 1406 1301 1438 perperam
1324 1396 1432 1430 inter-

38 1460 255 1501 punxerunt3
287 1467 370 1489 nam
393 1466 483 1498 quae
516 1458 706 1497 sequuntur
728 1465 796 1487 non
826 1463 918 1486 nova
943 1453 1143 1496 praedicata
1166 1460 1262 1498 sunt,
1288 1457 1347 1490 sed
1372 1469 1430 1490 rea:

39 1518 255 1551 vocabulum
278 1515 445 1549 definiunt
480 1515 622 1558 eiusque
653 1514 809 1558 priorem
836 1513 1076 1548 condicionem
1099 1515 1297 1559 declarant,
1323 1528 1430 1560 quam

37 1578 74 1611 in
98 1577 248 1611 deterius
272 1580 444 1610 mutatam
468 1575 627 1618 queritur
645 1575 836 1609 Adherbal.
885 1575 989 1618 Quod
1012 1575 1080 1609 nisi
1107 1578 1270 1619 tenueris,
1294 1578 1430 1612 Adher-

38 1639 97 1673 bal
121 1649 158 1672 se
181 1637 263 1670 dicit
287 1638 403 1681 paullo
427 1641 507 1671 ante
530 1648 652 1680 regem
686 1636 815 1678 fuisse,
850 1647 942 1670 nunc
972 1648 1039 1670 nou
1074 1649 1165 1676 esse,
1199 1639 1291 1681 quod
1315 1638 1430 1672 dicere

36 1699 157 1734 noluit.
175 1719 222 1724 —-
248 1700 469 1743 Deformatus
494 1698 669 1731 aerumnis
691 1697 848 1741 graviter
880 1697 1032 1738 dictum
1061 1699 1256 1741 deformata
1279 1699 1373 1732 enim
1397 1703 1431 1734 et

37 1762 208 1804 deformia
233 1759 394 1793 dicuutur
415 1770 507 1802 quae
529 1770 660 1803 magna
683 1759 762 1792 labe
785 1762 944 1801 correpta
967 1759 1104 1792 tristem
1127 1762 1305 1801 aspectum
1329 1771 1431 1803 prae—

36 1822 139 1862 bent3
174 1820 220 1854 cf.
248 1819 326 1854 Liv.
360 1820 560 1860 xxxvia,
586 1819 652 1861 53,
671 1819 726 1852 10.
776 1819 935 1853 Asiatica
961 1820 1092 1864 legatio
1127 1819 1339 1864 (Scipionis)
1356 1822 1430 1865 filii

35 1894 119 1916 casu
143 1882 351 1924 deformata.
376 1880 424 1913 id.
458 1880 519 1921 lx,
551 1880 585 1922 6,
611 1880 667 1914 13.
701 1866 838 1914 tantam
862 1881 1118 1914 miserationem
1137 1882 1229 1923 fecit
1254 1881 1428 1924 (consuli-

35 1945 101 1977 bus
123 1943 224 1976 illata
247 1939 480 1986 ignominia),
506 1945 543 1974 ut
568 1951 653 1973 suae
671 1941 812 1984 quisque
830 1941 1037 1974 condicionis
1059 1941 1183 1975 oblitus
1207 1943 1250 1975 ab
1277 1943 1339 1975 illa
1361 1943 1429 1975 de-

30 2004 327 2048 formatione
365 2005 490 2035 tantae
530 2001 726 2034 maiestatis
758 2002 853 2035 velut
885 2001 928 2034 ab
962 2002 1117 2044 nefando
1158 2003 1429 2044 spectaculo

37 2069 208 2098 averteret
241 2063 364 2097 oculos.
398 2061 483 2094 ibid.
515 2063 549 2102 §-
572 2060 606 2096 3.
643 2062 796 2104 deforme
827 2073 967 2106 agmen.
1003 2062 1123 2096 lustin.
1153 2062 1277 2103 1'11‚3‚
1297 2063 1330 2096 1.
1356 2062 1428 2097 Cic.

35 2137 70 2169 p.
94 2124 196 2157 Sulla
220 2135 252 2156 c.
275 2122 334 2165 26,
359 2121 417 2157 73.
442 2139 488 2148 —
519 2122 590 2155 Pro
621 2121 743 2164 populi
777 2122 876 2155 Rom.
910 2121 1049 2155 Cottius
1083 2124 1117 2155 et
1141 2122 1352 2157 Gerlacliius
1375 2122 1430 2156 in-

36 2196 137 2218 verso
171 2183 293 2217 ordine
316 2182 528 2225 scripserunt
552 2182 652 2214 Rom.
684 2192 764 2225 pop.
799 2186 923 2215 contra
958 2193 1060 2215 usum
1091 2181 1228 2216 dicendi
1252 2187 1286 2217 et
1309 2183 1430 2219 invitis

35 2244 196 2289 plurimis
229 2243 328 2277 codd.
355 2261 401 2266 —
423 2241 654 2276 Sanissimam
689 2242 900 2285 scripturam
937 2254 1048 2287 neque
1078 2244 1190 2287 pati
1227 2245 1429 2289 cuiusquam

35 2317 182 2350 regnum
202 2316 266 2349 per
289 2304 398 2337 scelus
422 2315 642 2344 crescere,
666 2315 771 2346 quam
791 2314 909 2337 omnes
933 2304 1074 2338 omniuo
1093 2305 1298 2339 confirmant
1316 2306 1427 2347 codd„

34 2367 101 2400 nisi
123 2366 214 2409 quod
239 2366 357 2399 Guelf.
381 2365 414 2399 6.
436 2365 516 2409 pati
538 2364 673 2398 incuria
697 2364 865 2398 omissum
889 2364 925 2398 iu
949 2365 1111 2409 margine
1132 2366 1260 2409 habet,
1287 2367 1429 2401 Cottius

34 2433 164 2461 temere
187 2425 366 2469 corrupit,
391 2426 522 2460 omisso
542 2425 623 2469 pati
648 2425 768 2466 verbo,
791 2436 832 2459 ac
856 2436 1004 2459 crescere
1028 2425 1064 2459 in
1088 2432 1254 2461 cresceret
1277 2430 1423 2461 mutato.

35 2486 177 2521 Scilicet
206 2491 246 2519 ut
269 2486 479 2521 Sallustium
511 2485 708 2530 elegantius
732 2485 929 2528 loquentem
954 2486 1103 2528 faceret,
1133 2490 1344 2522 structuram
1368 2500 1424 2522 so-

33 2549 170 2582 loecam
203 2546 338 2590 intulit,
375 2559 485 2592 neque
509 2546 680 2591 particula
711 2546 748 2580 in
771 2546 986 2590 prohibitiva
1008 2548 1177 2582 sententia
1200 2549 1338 2592 posita,
1363 2548 1423 2582 nbi

33 2619 118 2643 neve
151 2612 285 2642 tantum
309 2613 405 2642 recte
427 2607 498 2641 dici
532 2610 656 2650 potest.
691 2607 736 2640 cf.
761 2607 806 2640 ad
830 2608 906 2641 Cat.
931 2608 1091 2650 XXXIV,
1115 2608 1149 2642 2.
1174 2621 1207 2652 p.
1232 2609 1302 2643 158
1323 2620 1374 2652 sq.

125 2672 158 2712 ἓ.
179 2668 213 2703 8.
235 2672 269 2704 et
296 2668 330 2703 9.
379 2669 433 2702 his
459 2668 608 2712 finibus]
643 2667 750 2702 Multi
782 2668 884 2702 codd.
916 2669 977 2702 iis
1004 2670 1081 2713 fin„
1126 2669 1422 2712 quemadmodum

33 2729 138 2763 etiam
164 2728 302 2764 Cottius
323 2727 484 2773 scripsit,
517 2739 729 2772 quamquam
753 2728 787 2762 in
812 2728 973 2763 omnibus
995 2728 1066 2762 suis
1090 2729 1142 2763 his
1166 2739 1238 2763 esse
1261 2733 1418 2763 testatur.
