1630 3034
122 183 180 222 6⁰
495 179 542 222 C.
572 178 900 222 SALLUSTI
933 179 1150 224 CRISPI

89 298 116 337 7
132 295 212 338 mis
249 295 373 338 annis
411 295 700 356 adoptatione
742 296 787 340 in
822 310 1016 356 regnum
1059 298 1341 358 pervenisse3
1387 301 1512 359 quod

125 391 312 435 verbum
343 391 387 435 in
429 398 588 452 pectus
629 392 874 454 Iugurthae
912 392 1065 449 altius,
1110 409 1245 453 quam
1276 395 1510 454 quisquam

88 492 246 531 Status
285 468 424 552 erat.
450 488 692 533 descendit.
763 489 922 548 Itaque
962 503 1017 533 ex
1055 505 1110 534 eo
1136 496 1342 549 tempore
1370 491 1435 535 ira
1467 499 1512 537 et

120 590 243 628 metu
274 585 427 629 anxius
458 585 624 642 moliri,
670 600 832 645 parare
863 591 998 644 atque
1028 602 1082 630 ea
1109 587 1250 631 modo
1281 602 1384 630 cum
1413 589 1509 631 ani-

120 696 195 725 mo
223 681 418 740 habere,
465 681 625 740 quibus
657 682 894 744 Hiempsal
937 698 1022 742 per
1064 683 1219 728 dolum
1259 691 1509 744 caperetur.

114 874 244 917 ptione,
269 872 305 906 iu
330 872 471 906 relicuis
497 873 594 907 codd.
622 873 828 917 conspicua,
854 873 913 907 sed
936 882 1048 915 neque
1071 872 1117 905 ab
1140 872 1307 918 analogia
1330 884 1441 917 neque
1463 875 1509 908 ab

116 945 182 967 usu
202 938 400 977 suspectum
426 936 490 969 est.
517 934 563 969 cf.
587 933 660 969 Cic.
684 934 811 969 Tusce.
836 934 865 977 I,
893 933 951 974 H,
973 931 1030 966 31.
1065 932 1127 966 ubi
1152 933 1299 968 Wolfius
1322 939 1357 968 et
1386 935 1508 969 Kueh·

114 1006 216 1028 uerus
241 999 428 1038 praeeunte
452 994 598 1029 Davisio
632 995 843 1039 scripserunt
866 993 1107 1039 adoptationes
1128 995 1290 1035 filiorum.
1316 995 1410 1032 Gell.
1432 996 1506 1031 NN.

113 1056 187 1090 ΛΑ.
213 1055 254 1098 V,
279 1054 334 1089 19.

206 1118 238 1159 ἓ.
261 1115 296 1151 7.
344 1120 444 1149 ratus
469 1117 558 1160 erat]
586 1117 698 1159 Erat,
723 1116 816 1160 quod
841 1115 981 1149 Coi-tius
1004 1113 1101 1148 nullo
1125 1125 1167 1147 ex
1195 1115 1266 1148 suis
1290 1115 1387 1148 codd.
1413 1115 1507 1149 nisus

112 1177 234 1219 eiecit,
266 1188 349 1211 sane
373 1188 442 1210 non
466 1181 645 1220 comparet
669 1176 704 1210 in
727 1177 840 1211 Palae.
864 1175 898 1209 8.
931 1174 1042 1208 tribus
1059 1174 1191 1209 Wassii
1214 1180 1248 1210 et
1273 1176 1350 1211 Vat.
1371 1175 1406 1210 6.
1452 1176 1506 1210 Ad

109 1239 179 1273 hoc
205 1239 280 1272 Vat.
304 1237 337 1271 4.
361 1236 510 1271 ostendit
535 1249 635 1270 esse
658 1243 780 1279 ratus,
813 1235 905 1280 quod
931 1235 1122 1270 Gerlachio
1150 1236 1236 1271 satis
1264 1236 1333 1269 fuit
1358 1236 1403 1270 ad
1427 1247 1507 1269 ver-

110 1300 194 1334 bum
218 1299 254 1332 in
278 1299 486 1332 Commentt.
512 1309 543 1341 p.
569 1298 649 1333 229.
673 1298 965 1342 improbandum,
991 1307 1206 1341 quamquam
1224 1297 1261 1331 in
1283 1301 1430 1341 utraque
1452 1297 1506 1331 ed.

109 1361 264 1395 retinuit.
311 1359 381 1392 Sed
409 1358 438 1392 si
462 1348 549 1402 quid
568 1359 664 1392 valet
684 1359 900 1392 relicum-um
923 1358 1099 1391 librorum
1122 1358 1322 1400 auam-itae,
1345 1357 1506 1402 equidem

110 1434 174 1455 cur
208 1420 404 1455 orationem
435 1419 565 1453 omisso
597 1420 704 1452 verbo
728 1418 935 1462 impeditam
959 1418 1148 1452 reddamus
1169 1429 1238 1452 non
1261 1418 1374 1452 video.
1396 1438 1443 1444 —-
1464 1419 1505 1452 In

107 1488 230 1528 pectus
252 1479 534 1519 descendit3
559 1479 604 1512 cf.
631 1480 709 1513 Liv.
734 1480 795 1520 ΙΙΙ,
821 1479 879 1521 52,
904 1479 938 1512 2.
990 1480 1071 1513 Non
1085 1480 1182 1523 prius
1199 1491 1318 1512 curam
1343 1480 1389 1513 ἰπ
1411 1480 1504 1512 απί-

107 1555 199 1577 mos
228 1547 372 1587 patrum
405 1541 744 1574 descensuram.
777 1540 898 1574 Senec.
930 1541 1119 1574 Controvv.
1155 1540 1182 1573 1.
1217 1540 1336 1573 Praef.
1387 1541 1503 1582 Quae-

107 1616 241 1650 cunque
265 1605 310 1638 in
333 1602 531 1636 animum
556 1601 628 1634 eius
646 1601 752 1634 semel
776 1601 1129 1644 descenderant,
1154 1602 1190 1634 in
1212 1605 1373 1644 promptu
1391 1605 1502 1634 erant.

201 1683 234 1722 ἓ.
255 1678 289 1713 8.
337 1689 413 1711 cum
446 1677 562 1710 animo
586 1677 728 1721 habere]
762 1676 845 1710 Cum
876 1677 1044 1721 plurimi,
1076 1676 1112 1710 in
1137 1676 1250 1720 iisque
1272 1675 1396 1718 optimi
1421 1675 1504 1709 libri

106 1742 259 1781 habent3
291 1737 396 1784 pauci
427 1737 502 1771 eius
538 1737 616 1770 Ioco
648 1738 685 1770 in
709 1737 912 1779 ostendunt,
948 1738 1065 1771 Palat.
1089 1748 1171 1771 vero
1194 1737 1228 1771 5.
1253 1737 1309 1770 10.
1334 1737 1441 1770 Fabr.
1465 1738 1500 1773 2.

107 1802 227 1836 Guelf.
254 1801 287 1834 1.
310 1800 344 1836 5.
370 1799 403 1834 6.
429 1799 487 1834 11.
512 1802 673 1832 neutram
698 1798 990 1841 praepositionem
1017 1800 1228 1843 agnoscunt,
1263 1808 1390 1841 eosque
1417 1798 1503 1832 Cor-

105 1863 176 1897 tius
207 1864 345 1895 secutus
378 1864 441 1894 est.
489 1859 540 1893 Ac
571 1859 663 1902 quod
703 1859 765 1892 ille
796 1858 881 1892 dicit
915 1859 1027 1892 multo
1062 1857 1224 1891 usitatius
1261 1869 1335 1892 esse
1367 1859 1502 1903 aliquid

105 1924 255 1958 animo
290 1921 483 1962 habere,
517 1931 640 1953 verum
677 1919 817 1963 quidem
841 1924 892 1953 est
916 1918 1105 1963 multisque
1130 1919 1297 1963 exemplis
1318 1929 1342 1953 a.
1364 1920 1502 1954 Grono-

105 1985 164 2018 vio
189 1988 222 2018 et
247 1982 515 2016 Drakenborch.
552 1981 596 2015 ad
632 1980 709 2014 Liv.
743 1981 864 2022 xmv,
891 1982 950 2021 25,
976 1980 1008 2014 1.
1044 1980 1334 2023 comprobatum,
1365 1981 1425 2013 sed
1449 1984 1500 2014 ta-

103 2057 183 2080 men
219 2055 287 2077 non
323 2046 375 2076 est
406 2043 497 2086 quod
531 2054 606 2075 cum
640 2042 768 2075 salsum
801 2047 978 2085 putemus.
1025 2041 1115 2075 Nam
1148 2041 1193 2075 ad
1225 2041 1443 2074 deliberandi
1465 2045 1500 2075 et

104 2107 248 2142 consilia
279 2104 440 2138 volvendi
478 2103 659 2137 notionem
702 2102 974 2147 significandam
1017 2102 1121 2136 valde
1161 2105 1279 2145 aptam
1316 2112 1390 2134 esse
1423 2113 1500 2135 cum

102 2166 395 2214 praepositionem
420 2164 456 2197 in
479 2167 643 2207 promptu
668 2167 741 2204 est,
766 2163 943 2206 similique
966 2163 1072 2196 modo
1087 2161 1175 2196 dixit
1198 2161 1314 2196 Plaut.
1338 2160 1499 2196 Trinum.

103 2231 150 2272 11,
168 2230 203 2271 1,
221 2228 279 2262 24.
304 2226 379 2270 (34.
399 2225 451 2258 ed.
485 2224 629 2267 Herm.)
678 2224 778 2257 Ilaec
797 2235 863 2269 ego
890 2235 989 2268 quom
1015 2224 1148 2268 agito
1171 2233 1265 2256 cum
1288 2233 1380 2256 meo
1404 2223 1498 2256 ani—

102 2302 169 2324 mo
204 2294 238 2323 et
269 2289 392 2321 recolo.
437 2286 490 2319 Ad
525 2286 672 2318 eandem
704 2285 906 2331 analogiam
939 2285 1069 2318 dictum
1104 2295 1178 2318 esse
1211 2283 1304 2327 apud
1334 2282 1498 2318 Nostrum

102 2352 182 2396 lug.
217 2349 350 2391 XCIII,
380 2347 413 2382 l.
473 2346 676 2379 Trahere
719 2357 813 2378 cum
855 2346 1006 2379 animo
1047 2347 1263 2379 omitteretne
1307 2344 1496 2388 inceptum,

105 2415 197 2445 recte
219 2409 308 2443 vidit
332 2407 559 2449 GcrIachiu83
584 2418 696 2450 neque
735 2406 919 2441 dissimilia
943 2411 1022 2441 sunt
1046 2407 1153 2447 hacc,
1185 2407 1265 2451 lug.
1290 2418 1320 2440 c.
1347 2407 1439 2448 xm,
1463 2406 1496 2441 5.

110 2473 258 2506 Facinus
292 2481 391 2503 auum
428 2481 519 2502 cum
555 2469 702 2501 animo
736 2473 985 2512 reputans,
1014 2467 1075 2501 ubi
1103 2468 1175 2500 vid.
1204 2467 1497 2510 Cort.‚Lxx,5,

106 2537 192 2567 extr.
241 2530 390 2564 Proinde
412 2534 665 2573 reputaret
697 2540 790 2562 cum
815 2530 964 2562 αηίηιο
988 2540 1059 2561 suo.
1086 2528 1258 2569 Lxxxx)
1275 2528 1331 2562 1⁰.
1379 2529 1497 2572 Repu-

106 2599 182 2630 tatc
219 2602 311 2625 cum
348 2591 514 2624 animis
549 2591 682 2624 vestris.
718 2590 837 2631 cvm,
864 2590 898 2623 3.
952 2590 1103 2622 Multum
1133 2600 1229 2622 cum
1259 2589 1410 2622 animo
1433 2600 1495 2624 ⁸11⁰

105 2655 296 2689 votvcrc
330 2652 480 2686 solitum.
505 2651 561 2693 w,
586 2651 620 2684 2.
669 2651 785 2684 Multa
818 2662 914 2684 cum
948 2651 1097 2683 animo
1120 2660 1182 2683 ouo
1203 2650 1495 2684 volvebat.—

105 2718 182 2752 Non
198 2719 248 2749 est
263 2717 380 2748 autem
397 2711 582 2756 probabile
606 2723 628 2746 a
648 2712 806 2747 librariis
828 2712 983 2746 additam
999 2722 1071 2745 ense
1087 2709 1399 2755 praepositionem,
1425 2721 1495 2753 qna

105 2780 242 2813 tantum
266 2774 364 2810 ube-t
388 2776 425 2808 ut
451 2773 566 2808 oratio
599 2774 642 2808 ud
671 2774 856 2819 vulgarem
887 2771 1024 2807 dicendi
1054 2771 1198 2807 modum
1223 2774 1426 2815 revocomr,
1457 2773 1496 2807 ut
