1630 3034
348 207 691 250 CATILINA.
756 203 1078 250 GARXXW.
1148 182 1155 187 “
1324 212 1408 252 119

22 323 154 367 etiam
176 323 361 381 aliquot,
381 339 499 382 quae
521 323 668 382 primo
689 323 877 383 ingentis
905 330 1104 382 sumptus
1121 328 1275 382 stupro
1298 339 1402 368 cor-

17 415 139 473 poris
158 414 466 472 toleraverant,
487 419 604 473 post,
627 415 705 458 ubi
729 421 848 459 aetas
867 414 1180 458 tantummodo
1198 417 1399 473 quaestui

18 520 164 563 neque
204 506 401 549 luxuriae
436 504 622 549 modum
656 506 847 560 fecerat,
883 520 957 549 aes
992 506 1188 549 alienum
1222 505 1398 565 grande

21 595 329 641 conflaverant.
409 597 499 640 Per
544 611 616 639 eas
653 611 707 640 se
754 596 946 641 Catilina
999 596 1221 658 credebat,
1261 612 1396 656 posse
1416 597 1445 636 4

19 687 192 730 servitia
237 687 407 730 urbana
456 687 723 742 sollicitare,
769 689 928 732 urbem
970 687 1234 744 incendere,
1280 688 1396 731 viros

20 792 167 821 earum
202 778 274 821 vel
309 777 553 837 adiungere
587 778 696 834 sibi,
740 779 813 823 vel
845 778 1110 825 interficere.

18 931 76 965 sed
105 931 275 976 vulgata,
304 944 409 977 quam
443 933 587 976 plurimi
619 933 657 967 in
688 933 801 977 iisque
833 933 957 978 optimi
990 933 1095 976 libri,
1127 932 1227 966 velut
1255 932 1338 965 Bas.
1363 930 1396 964 l.

18 988 156 1022 Fabi-ic.
182 989 215 1022 1.
254 989 344 1034 Teg.
376 989 472 1024 Leid.
505 992 543 1025 L.
579 990 664 1025 Naz.
699 992 866 1025 Commel.
892 991 956 1025 alii
979 994 1115 1031 tenent,
1149 989 1245 1023 haud
1268 988 1398 1022 sollici—

16 1047 137 1090 tanda,
170 1058 276 1089 quum
300 1051 416 1090 pateat
439 1047 554 1081 minus
584 1049 712 1082 usitato
737 1049 908 1083 adiectivo
940 1049 1117 1091 vulgatius
1143 1045 1350 1080 adverbium
1375 1056 1397 1079 a

15 1103 135 1136 scribis
157 1103 264 1136 fuisse
285 1104 520 1137 substitutum.
576 1107 713 1140 Cottius
737 1105 955 1151 comparavit
978 1105 1055 1138 Liv.
1079 1104 1224 1145 XXXV,
1253 1102 1311 1145 49,
1338 1102 1395 1136 1⁰.

12 1162 177 1194 videretis
198 1172 338 1205 regem,
370 1166 508 1195 mutuas
528 1165 694 1205 pecunias
710 1167 835 1207 fenore
867 1164 904 1196 in
928 1163 1137 1205 stipendium
1160 1164 1394 1205 quaerentem.

14 1219 182 1254 Similiter
204 1219 349 1253 Plautus
371 1217 465 1251 Asin.
485 1218 513 1259 1,
536 1219 572 1261 3,
593 1219 651 1254 95.
678 1222 707 1254 si
729 1222 858 1266 viginti
881 1221 993 1253 minus
1016 1224 1154 1252 mutuas
1178 1229 1245 1250 non
1264 1222 1397 1260 potem,

14 1281 144 1309 certum
177 1281 247 1317 est,
278 1286 411 1308 sumere
435 1277 571 1318 fenore.
625 1277 705 1312 Alia
736 1279 843 1313 habet
872 1278 1072 1311 Schellerns
1104 1276 1140 1309 in
1172 1276 1257 1309 Lex.
1290 1273 1397 1316 ampl.

16 1345 50 1378 p.
65 1332 180 1375 6573,
203 1334 295 1367 unde
316 1333 386 1367 hoc
410 1333 526 1376 ipsum
550 1334 740 1379 desumpsit
764 1335 983 1370 Gerlachius.

108 1391 297 1434 Manlium]
335 1391 390 1423 Ita
420 1391 631 1433 optimorum
662 1394 834 1427 librorum
867 1390 1075 1426 auctoritate
1106 1400 1186 1422 cum
1210 1386 1330 1421 Cottio
1363 1388 1398 1419 et

17 1448 206 1482 Gen-lachin
228 1447 409 1481 edidimus.
431 1447 514 1488 Alii,
540 1449 646 1484 etiam
669 1451 738 1485 Dio
755 1450 933 1491 xxxvii,
950 1448 1008 1483 30.
1029 1452 1145 1481 tenent
1165 1445 1337 1479 Mallium.
1354 1461 1397 1466 —

18 1504 197 1548 Princeps,
221 1503 344 1538 Cortio
368 1504 456 1538 bene
478 1505 703 1548 observante,
727 1508 764 1540 h.
789 1508 812 1541 l.
847 1519 915 1541 non
940 1510 991 1539 est
1015 1505 1136 1538 ordine
1159 1503 1218 1537 sed
1241 1506 1399 1544 tempore

15 1560 168 1604 primus,
203 1572 272 1595 non
304 1562 393 1602 dux,
427 1563 521 1605 apud
553 1575 657 1606 quem
690 1576 866 1599 summum
894 1562 1102 1606 imperium,
1134 1560 1196 1594 sed
1227 1558 1287 1602 qui
1310 1556 1398 1590 belli

13 1618 152 1652 initium
175 1618 281 1659 secit3
313 1620 394 1653 coll.
419 1620 518 1654 Caes.
542 1621 586 1655 B.
613 1622 658 1655 G.
677 1622 751 1663 vll,
772 1621 808 1662 2,
828 1622 863 1654 1.
902 1621 1072 1654 Carnutes
1090 1619 1265 1662 principes
1295 1627 1332 1649 se
1357 1626 1397 1649 ea:

15 1677 166 1709 omnibus
190 1676 312 1709 bellum
331 1679 490 1720 jacturos
510 1679 727 1722 pollicentur.
773 1689 808 1712 v.
831 1680 987 1721 Herzog.
1012 1677 1059 1711 ad
1080 1677 1123 1710 B.
1151 1676 1193 1709 G.
1218 1675 1254 1715 1,
1278 1672 1335 1707 12.
1368 1672 1398 1712 I,

15 1732 73 1766 41.
97 1732 228 1768 Bremi.
264 1733 308 1766 ad
329 1734 416 1777 Nep.
439 1735 574 1769 Hamil.
599 1735 633 1776 3,
660 1735 695 1771 3.
734 1735 807 1768 Cic.
842 1735 998 1778 Philipp.
1025 1734 1098 1775 nl,
1121 1732 1158 1773 9,
1187 1732 1236 1765 in.
1271 1731 1314 1763 de
1334 1729 1396 1763 Or.

14 1791 75 1832 111,
102 1790 163 1825 32.
208 1791 288 1824 Alio
305 1802 415 1825 »sensu
450 1792 577 1829 dicitur
606 1793 766 1836 princeps
799 1793 848 1826 ad
881 1793 964 1835 aliq.
1000 1802 1092 1832 rem,
1126 1801 1194 1833 quo
1223 1787 1398 1833 primaria

14 1859 138 1882 caussa
170 1847 227 1881 vel
253 1849 441 1891 primarius
483 1853 604 1883 auctor
635 1848 716 1884 alic.
749 1848 802 1882 rei
841 1848 1081 1893 significatur,
1123 1852 1163 1882 ut
1193 1842 1400 1880 observavit

17 1906 189 1939 Goerenz.
210 1904 247 1938 in
268 1905 384 1939 Iahnii
406 1906 547 1939 Annali.
571 1905 751 1949 Philolog.
776 1909 811 1939 et
833 1907 989 1950 Paedag.
1014 1904 1161 1940 a.1826.
1171 1904 1198 1946 1,
1209 1903 1244 1938 2.
1267 1900 1396 1946 p·30‘-'-

110 1965 143 2004 §.
166 1962 202 1996 3.
249 1962 432 2007 ascivisse]
465 1963 519 1996 Ita
540 1963 647 2004 solus,
671 1968 842 2007 quantum
867 1967 1021 2006 constat,
1045 1963 1192 1996 Barber.
1217 1958 1274 2000 5..;
1297 1968 1332 1991 v·
1353 1956 1400 1990 ad

16 2031 49 2053 c.
64 2019 200 2061 XLm,
218 2018 252 2052 1.
276 2019 415 2053 Relicui
438 2030 557 2053 omnes
580 2021 712 2056 adsciv.
730 2042 776 2048 —
801 2023 877 2056 Sibi
900 2033 969 2055 non
991 2020 1124 2065 legitur
1147 2019 1184 2052 in
1207 2017 1301 2060 Reg.
1319 2013 1396 2051 Etl-

15 2077 124 2111 Fabr.
147 2076 182 2112 2.
215 2079 249 2110 ct
272 2076 389 2109 Guelf.
412 2076 447 2110 3.
474 2088 523 2111 m.
554 2089 607 2121 pr.
640 2089 683 2112 ac
714 2079 832 2112 locum
863 2082 978 2113 mutat
1009 2078 1046 2111 in
1071 2076 1189 2111 Guelf.
1213 2075 1271 2115 7.,
1307 2070 1400 2115 quod

17 2133 136 2168 Cottio
169 2133 252 2176 satis
283 2143 427 2167 caussae
459 2134 546 2177 fuit,
583 2138 622 2168 ut
644 2147 854 2178 pronomen,
888 2135 997 2178 qnod·
1016 2146 1099 2169 sane
1132 2134 1251 2167 abesse
1274 2132 1399 2173 potest,

17 2190 169 2234 eiiceret.
184 2210 231 2220 ν-
255 2191 413 2234 Ingentis
434 2196 611 2225 servatum
635 2191 670 2225 in
695 2193 813 2226 Guelf.
832 2192 868 2227 5.
891 2191 1018 2225 relicui
1041 2193 1212 2236 ingentes.
1229 2206 1277 2213 —-
1293 2188 1399 2222 Sum-

16 2253 97 2292 ptus
120 2250 267 2282 tolerare
292 2247 500 2288 Gerlachius
522 2259 591 2281 non
615 2248 699 2281 satis
721 2253 883 2284 accurate
905 2249 1055 2292 explicat
1076 2248 1233 2291 sufficere
1255 2243 1399 2287 sumpti-

20 2305 105 2344 bus3
137 2305 252 2349 magis
286 2315 309 2339 a
331 2316 414 2339 vero
439 2305 549 2340 Cottii
570 2306 702 2340 recedit
723 2307 834 2350 ratio,
867 2307 927 2349 qui
949 2306 1000 2340 sic
1021 2305 1289 2348 interpretatura
1305 2309 1398 2335 'ma-

19 2372 107 2406 gnos
130 2366 289 2405 sumptus
313 2362 488 2403 fecerant,
522 2374 607 2406 quos
640 2367 756 2396 tamen
787 2368 907 2407 stupro
930 2362 1089 2406 eorporis
1106 2362 1215 2404 facile
1241 2360 1398 2403 persen-e

18 2422 214 2463 potuerant.
263 2418 390 2452 Sensus
412 2419 526 2462 potins
549 2426 620 2453 est:
644 2420 802 2464 ingentes
825 2419 983 2464 sumptas
1006 2421 1172 2460 fecerant,
1197 2417 1322 2461 quibus
1345 2415 1407 2452 fef

19 2475 135 2519 tendis
156 2475 294 2508 fuerant
315 2476 454 2518 quidem
477 2487 596 2519 pares,
620 2478 681 2510 sed
702 2478 760 2511 vix
776 2480 938 2520 fuerant,
963 2483 997 2512 et
1018 2477 1153 2510 nonnisi
1170 2475 1399 2519 pessimarum

22 2533 151 2566 artium
175 2533 397 2567 contentione.
433 2533 660 2568 Difficultatis
682 2535 775 2568 enim
799 2535 977 2568 notionem
1008 2534 1044 2567 in
1066 2534 1136 2567 hoc
1160 2532 1266 2565 verbo
1289 2529 1400 2563 inesse

23 2589 184 2632 exempla
207 2588 346 2632 omnia,
379 2596 542 2625 accurate
564 2597 739 2635 spectata,
763 2593 885 2628 docent
896 2617 914 2634 ,-
940 2591 1145 2633 monuitque
1177 2588 1249 2622 iam
1274 2587 1413 2620 Ruhn-⁴

23 2646 101 2678 ken.
126 2646 170 2679 ad
193 2645 275 2680 Ter.
299 2647 446 2690 Adelph.
469 2649 513 2690 V,
533 2649 568 2690 3,
589 2649 645 2683 23.
667 2668 709 2676 —-
744 2651 912 2694 Quaestui
938 2650 1075 2683 modum
1091 2650 1230 2690 fecerat
1253 2645 1277 2679 i.
1303 2657 1332 2677 e.
1358 2644 1402 2676 fi-

26 2713 106 2738 nem
136 2703 311 2739 attulerat.
366 2705 554 2741 Commode
585 2708 725 2743 Gon-tius
755 2707 901 2743 eontulit
924 2706 996 2742 cic.
1023 2706 1121 2741 Verr.
1149 2704 1203 2746 11,
1229 2703 1296 2741 48.
1323 2701 1402 2736 118-
