1630 3034
143 148 200 187 92
518 141 562 186 C.
592 142 920 187 SALLUSTI
952 142 1173 189 CRISPI

145 260 242 321 puli
276 259 496 312 Romani,
533 259 763 304 subvenite
799 260 961 305 misero
990 260 1127 319 mihi,
1161 262 1221 306 ite
1256 261 1433 307 obviam
1462 264 1532 307 in-

144 356 308 414 iuriae,
342 356 479 401 nolite
513 356 609 415 pati
643 370 833 417 regnum
873 357 1138 413 Numidiae,
1175 358 1298 417 quod
1332 366 1533 405 vostrum

145 459 234 510 est,
278 468 363 513 per
406 452 548 498 scelus
595 458 640 496 et
698 453 960 513 sanguinem
1004 453 1198 498 familiae
1243 461 1418 500 nostrae
1461 462 1531 500 ta-

144 549 378 595 bescere.“

279 645 380 691 XV.
451 645 698 703 Postquam
742 660 821 689 rex
860 646 997 690 finem
1039 647 1255 706 loquendi
1289 647 1422 702 fecit,
1463 647 1532 692 le-

142 743 237 804 gati
272 740 542 802 Iugurthae,
586 741 824 801 largitione
866 744 1007 804 magis
1051 759 1186 802 quam
1227 759 1383 788 caussa
1417 743 1534 800 freti,

141 908 174 950 §.
198 905 254 941 86.
279 916 314 949 p.
337 903 419 951 212.
452 904 658 948 probatam,
691 915 874 948 perperam
901 906 1070 942 Sallustio
1102 908 1288 949 obtrudes,
1319 917 1427 951 quum
1452 917 1534 951 pro-

140 966 314 1002 batissimi
338 965 436 999 codd.
468 975 588 997 omnes
612 963 743 1007 aliique
775 966 918 1009 plurimi
951 967 987 1001 in
1018 970 1158 1010 recepta
1194 978 1216 1001 a
1238 967 1341 1002 nobis
1363 966 1534 1011 scriptura

141 1027 366 1062 consentiant.
414 1024 514 1058 Unus
538 1028 671 1058 tantum
696 1026 773 1060 vat.
797 1028 839 1061 A.
863 1028 973 1062 verba
994 1038 1057 1071 per
1075 1038 1135 1060 vos
1154 1038 1191 1072 p.
1213 1029 1236 1062 1.
1258 1040 1292 1063 a.
1312 1039 1350 1073 p.
1367 1039 1401 1061 υ.
1426 1039 1462 1072 p.
1485 1038 1531 1061 m.

138 1102 176 1135 p.
197 1089 348 1123 Romani
381 1085 524 1126 omisit,
558 1085 652 1129 quod
684 1097 767 1120 casu
798 1086 958 1129 factum,
990 1098 1079 1129 non,
1111 1092 1149 1121 nt
1173 1088 1382 1122 Gerlachius
1405 1091 1534 1130 censet,

139 1151 184 1186 ad
212 1150 386 1184 medelam
417 1147 643 1181 vexatissimo
666 1148 747 1181 loco
783 1147 863 1191 (qui
884 1147 1107 1191 planissimus
1127 1149 1196 1192 est)
1227 1149 1474 1184 adhibendam.
1498 1159 1532 1182 v,

139 1210 187 1245 ad
208 1220 237 1242 c.
256 1208 361 1248 XCH,
384 1206 419 1240 2.
439 1227 486 1233 —
506 1207 573 1242 Per
597 1209 707 1242 scelus
731 1213 834 1253 atque
857 1209 1066 1254 sanguinem
1084 1209 1286 1243 insolentius
1311 1209 1534 1243 coniunctum

139 1270 304 1309 videtui-‚-
341 1268 503 1312 quamvis
535 1268 629 1302 enim
662 1272 847 1313 utrumque
870 1280 995 1303 nomen
1020 1280 1062 1302 ex
1081 1280 1146 1314 per
1169 1271 1424 1314 praepositione
1447 1282 1533 1314 peu-

136 1332 239 1373 deat,
271 1334 389 1364 tamen
413 1328 513 1362 varia
545 1329 728 1372 utriusque
751 1330 841 1364 ratio
864 1335 927 1364 est.
974 1329 1066 1364 Nam
1097 1341 1162 1375 per
1183 1333 1292 1365 scelus
1325 1342 1368 1365 ex
1390 1330 1534 1376 linguae

137 1405 206 1428 usu
229 1403 297 1426 non
324 1393 436 1435 potest
461 1389 572 1423 aliam
596 1388 665 1423 nisi
695 1391 855 1424 adverbii
890 1391 964 1424 vim
989 1391 1121 1425 habere
1138 1417 1149 1433 ‚
1179 1396 1223 1426 *ut
1254 1391 1467 1425 ostendimus
1490 1391 1534 1425 ad

138 1455 214 1489 Cat.
241 1465 272 1487 c.
297 1453 376 1492 XX,
401 1451 458 1485 20.
482 1463 518 1495 p.
540 1450 587 1486 96
608 1462 660 1494 sq.
692 1452 771 1485 coll.
795 1452 953 1496 Herzog.
977 1452 1021 1485 ad
1054 1463 1083 1486 c.
1110 1453 1185 1493 ΧΠ,
1213 1452 1246 1485 5.
1270 1463 1302 1495 p.
1331 1451 1400 1493 61.;
1425 1462 1534 1496 quare

137 1515 250 1550 scelus
279 1512 401 1556 nequit
434 1515 556 1555 aptum
590 1522 666 1545 esse
698 1523 739 1545 ex
771 1511 928 1556 genitivo
953 1512 1142 1554 familiae,
1175 1512 1219 1546 ad
1254 1523 1356 1556 quem
1382 1517 1534 1546 tantum-

138 1576 243 1610 modo
267 1573 476 1618 sanguinem
501 1572 671 1615 pertinet3
709 1571 788 1604 inde
812 1571 1035 1615 consequitur
1060 1577 1093 1606 ct
1117 1573 1186 1606 duo
1210 1573 1278 1606 ista
1301 1573 1442 1607 nomina
1465 1584 1533 1607 nou

137 1635 218 1680 pari
241 1638 418 1678 potestate
439 1633 627 1676 copulare,
655 1632 714 1666 sed
738 1643 815 1665 cum
841 1632 877 1665 vi
901 1631 1028 1666 addere
1048 1633 1139 1675 quod
1163 1633 1208 1666 ad
1232 1633 1431 1678 augendum
1454 1645 1533 1667 sen-

138 1708 217 1732 num
241 1696 428 1728 verborum
462 1706 526 1739 per
558 1695 667 1728 scelus
703 1693 891 1736 pertineat,
928 1703 997 1735 qua
1030 1697 1199 1736 potestate
1230 1695 1355 1737 copula
1381 1695 1476 1727 valet
1499 1699 1532 1728 et

137 1757 300 1803 quidem3
333 1756 380 1788 cr.
404 1755 448 1788 ad
479 1767 509 1787 c.
545 1754 691 1795 XXXH,
716 1754 747 1787 2.
774 1757 808 1787 et
842 1764 874 1786 v.
900 1753 980 1786 Car.
1006 1753 1121 1788 Beier.
1149 1754 1194 1787 ad
1218 1754 1293 1787 Cic.
1320 1755 1362 1788 de
1387 1755 1460 1789 off.
1485 1756 1532 1797 11,

137 1818 205 1859 16,
229 1816 285 1851 57.
321 1828 353 1859 p.
379 1815 460 1850 111.
485 1815 582 1850 Cort.
617 1815 661 1848 ad
685 1816 774 1858 Epp.
808 1814 852 1848 ad
887 1814 1026 1847 Famm.
1063 1815 1128 1857 xl,
1153 1814 1219 1857 29,
1245 1815 1279 1848 6.
1308 1817 1462 1861 Herzog.
1488 1817 1533 1850 ad

136 1878 287 1922 Quintil.
312 1878 357 1917 X,
382 1876 416 1918 1,
442 1876 474 1909 7.
501 1888 534 1919 p.
560 1875 615 1909 95.
642 1875 830 1919 Kiessling.
856 1875 898 1908 ad
927 1874 1014 1907 Tac.
1041 1874 1128 1910 Ann.
1153 1876 1180 1917 1,
1196 1874 1253 1916 55,
1280 1876 1311 1908 l.
1341 1877 1399 1919 n',
1424 1877 1480 1917 51,
1498 1877 1532 1914 3.

137 1938 285 1972 Daehne
307 1937 351 1970 ad
375 1937 464 1980 Nep.
486 1936 579 1969 Mitt.
600 1937 659 1977 ΙΙΙ,
685 1934 717 1968 -Ι,
744 1936 858 1968 Hand.
884 1935 926 1968 de
950 1935 1101 1968 Particc.
1127 1936 1218 1969 Latt.
1243 1937 1321 1969 Vol.
1342 1938 1433 1981 ηρ.
1451 1938 1531 1972 ⁴77.

138 2002 171 2043 §-
199 1999 232 2033 6.
282 1997 410 2031 Sensus
436 2001 489 2030 est
521 1997 649 2042 igitur:
684 1996 793 2030 nolite
825 1995 898 2039 pati
931 2006 1080 2039 regnum
1105 1996 1291 2030 Numidiae
1315 1999 1472 2040 nefarie,
1498 2005 1533 2034 et

137 2060 277 2106 quidem
299 2070 363 2103 per
385 2058 614 2103 propinquum
640 2068 752 2091 meum
777 2057 965 2090 tabescere.
1015 2055 1053 2089 Si
1078 2055 1155 2099 quis
1185 2067 1268 2090 vero
1292 2069 1357 2102 per
1386 2062 1533 2105 sangui-

139 2132 217 2155 nem
237 2121 404 2164 familiae
426 2124 566 2153 nostrae
587 2118 787 2163 intelligere
809 2116 910 2150 nialit
932 2127 995 2160 per
1023 2117 1163 2149 caedem
1188 2129 1320 2161 meam,
1346 2131 1413 2154 non
1441 2122 1532 2155 mul-

137 2185 214 2217 tum
248 2191 430 2226 repugno3
470 2183 566 2213 certe
596 2180 837 2212 membrorum
880 2177 970 2211 ratio
1003 2177 1125 2210 eadem
1157 2183 1284 2212 manet.
1344 2181 1533 2216 'tabescere

135 2246 258 2277 mntem
280 2241 418 2275 Curtius
441 2241 529 2274 benc
559 2239 733 2283 explicat,
766 2238 939 2284 dignitate
968 2249 1032 2271 sua
1055 2238 1186 2281 privari
1210 2243 1244 2272 ct
1268 2241 1452 2282 paullatim
1477 2242 1532 2276 in-

140 2303 265 2345 terire,
291 2303 370 2336 coll.
396 2301 470 2336 Cic.
496 2302 584 2344 Epp.
609 2301 653 2334 ad
678 2301 781 2334 Attic.
807 2301 878 2340 ΙΙΙ,
903 2298 960 2334 25.
987 2299 1127 2333 litterae
1152 2301 1238 2333 mihi
1262 2301 1373 2333 Roma
1398 2303 1532 2337 allatae

138 2368 240 2404 eunt,
275 2374 316 2397 ex
339 2363 462 2407 quibus
491 2361 664 2407 perspicio
689 2361 784 2394 nobis
809 2361 845 2394 in
871 2361 936 2394 huc
961 2361 1164 2396 calamitate
1200 2361 1531 2398 tabescendum

141 2434 225 2459 esse.

234 2481 309 2515 XV.
359 2484 391 2524 ς.
425 2483 457 2517 1.
510 2485 616 2526 finem
649 2482 834 2527 loquendi]
869 2481 1038 2515 Weissius
1073 2493 1113 2515 ex
1150 2482 1322 2525 corruptis
1354 2483 1431 2517 edd.
1461 2483 1532 2518 suis

143 2543 284 2587 scripsit
318 2544 478 2587 loquendi
503 2546 610 2586 finem
626 2571 633 2585 ‚
663 2543 777 2586 lepide
801 2543 1002 2586 vituperans
1026 2547 1177 2582 ceteros,
1216 2543 1274 2585 qui
1299 2543 1395 2577 codd.
1421 2544 1530 2578 sacnti

143 2609 235 2638 sunt.
260 2624 303 2628 ——
329 2606 433 2637 Suam
469 2609 545 2647 post
566 2605 750 2638 saevitiam
782 2615 888 2646 quum
915 2603 1054 2637 Cottius
1078 2603 1113 2635 h.
1139 2603 1163 2635 l.
1187 2602 1355 2636 intactum
1381 2603 1528 2646 relique-

132 2665 212 2705 'rit‚
248 2664 457 2698 Gerlachius
487 2664 571 2698 satie
604 2664 716 2698 ieiune
748 2665 908 2698 observat
941 2668 1012 2698 tum
1047 2676 1087 2697 cx
1112 2665 1203 2705 hoc,
1239 2668 1313 2697 tum
1345 2675 1385 2697 cx
1410 2663 1532 2698 multis

148 2726 227 2760 aliis
251 2724 417 2770 exennplia
444 2725 589 2768 colligi,
623 2726 733 2758 multo
759 2725 899 2769 saepiu·
924 2736 945 2758 a
969 2725 1137 2760 Sallustio
1160 2736 1348 2769 pronomen
1372 2725 1528 2759 additum
