1630 3034
510 143 867 187 IUGURTHA.
928 143 1056 185 CAP.
1088 142 1247 186 XVIII.
1480 143 1563 186 1⁰7

178 278 312 323 quam
342 262 631 322 paucissumis
668 261 1074 313 dicam3'ceterum
1111 258 1224 303 fides
1260 259 1352 303 eius
1383 258 1445 302 rei
1476 273 1562 318 pe-

178 376 255 404 nes
292 365 494 404 auctores
530 359 624 402 erit.

318 455 478 500 xvlll.
549 454 750 498 Africam
786 452 906 496 initio
941 452 1142 496 habuere
1182 449 1364 496 Gaetuli
1401 456 1446 494 et
1479 450 1562 494 Li-

179 553 314 610 byes,
360 551 506 612 asperi
547 549 811 606 incultique,
861 549 958 607 quis
996 549 1121 594 cibus
1153 555 1248 593 erat
1282 563 1386 591 caro
1423 547 1566 592 ferina

180 739 214 762 u.
242 727 322 763 559.
348 732 382 762 et
403 727 486 762 560.
506 748 549 753 —-
569 728 784 772 Incultique
810 728 844 761 in
869 728 1030 762 omnibus
1053 739 1164 772 paene
1187 728 1287 762 libris
1311 734 1383 771 θεὶς
1406 732 1468 765 sed
1490 731 1565 765 cod.

182 789 327 824 Goerlit.
351 794 386 824 et
409 790 528 823 schol.
554 789 708 822 luvenai.
734 790 770 829 V,
800 788 856 822 53.
881 790 1012 822 habent
1036 794 1079 824 et
1101 790 1234 831 inculti,
1259 791 1376 824 Guelf.
1402 791 1458 824 12.
1482 802 1568 825 vero

180 849 293 885 Paris.
316 863 349 884 x.
374 856 409 884 et
432 849 542 884 Vatic.
566 849 599 883 5.
628 850 762 882 nuilam
787 849 948 893 copulam
972 854 1184 894 agnoscunt,
1208 862 1313 894 qnam
1338 852 1381 884 ob
1407 862 1568 886 caussam

180 910 318 944 Curtius
342 922 421 944 eam
443 911 591 951 delevit,
616 910 827 943 Gerlachins
850 911 886 943 in
903 911 1111 944 Commentt.
1136 922 1169 954 p.
1194 911 1274 945 243.
1301 912 1452 946 deletam
1479 914 1567 954 vult,

180 980 416 1013 quamquam,
448 982 538 1014 quae
569 975 620 1004 est
654 971 724 1004 viri
754 971 1005 1014 inconstantia,
1036 971 1073 1004 in
1096 971 1149 1004 ed.
1167 971 1357 1005 novissima
1380 983 1449 1006 nou
1473 973 1568 1006 deIe-

181 1029 240 1064 vit.
290 1031 357 1064 Sed
383 1032 441 1074 qui
466 1033 632 1065 dederunt
661 1038 717 1075 ct,
751 1032 967 1076 negligentia
998 1032 1150 1075 quadam
1182 1043 1320 1065 sen-zum
1352 1033 1457 1067 modo
1491 1046 1570 1076 spc-

179 1094 338 1133 ctarunt,
362 1092 452 1124 unde
475 1104 580 1136 saepe
602 1099 699 1127 ortae
722 1093 843 1126 variae
867 1093 1082 1136 scripturae3
1108 1091 1258 1126 omissae
1280 1095 1398 1126 autem
1421 1096 1571 1129 voculae

180 1161 305 1185 caussa
328 1152 397 1185 fuit
420 1164 564 1196 sequens
588 1154 813 1193 vocabulum,
839 1153 963 1186 iisdem
987 1152 1113 1186 litteris
1136 1152 1314 1196 incipiens.
1337 1154 1392 1186 Ad
1407 1155 1476 1187 hoc
1492 1167 1569 1199 que,

182 1213 273 1253 quod
297 1213 461 1255 loquendi
485 1225 568 1246 usus
591 1213 722 1257 poscit,
751 1215 804 1257 (V.
830 1214 873 1247 ad
898 1226 928 1249 c.
955 1214 1120 1255 XXVIII,
1144 1215 1178 1248 4.
1204 1215 1283 1247 coll.
1299 1218 1382 1248 nota
1399 1216 1442 1249 ad
1457 1216 1569 1257 XXX,

181 1273 236 1316 3.)
260 1285 328 1306 non
351 1284 521 1318 magnum
545 1273 703 1316 quidem,
726 1276 786 1308 sed
809 1276 1024 1319 praesidium
1048 1279 1166 1309 tamen
1189 1274 1299 1308 hahet
1322 1276 1439 1309 Melae
1472 1277 1571 1311 testi-

181 1335 320 1376 monio,
345 1335 406 1378 qui
430 1334 499 1375 ΙΙΙ,
531 1333 565 1367 3.
600 1335 643 1368 ad
676 1334 837 1369 Sallustii
870 1337 978 1371 verba
1010 1335 1199 1380 respiciens
1232 1336 1348 1380 asperi
1382 1337 1570 1384 incultique

181 1395 298 1431 refert.
319 1414 363 1420 —-
392 1396 476 1438 Quis
499 1406 617 1428 omnes
641 1395 740 1430 codd.
764 1398 890 1429 tenent.

274 1458 306 1498 §.
331 1455 366 1490 2.
414 1460 477 1489 aut
495 1456 651 1500 imperio]
681 1456 819 1490 Cottius
843 1468 885 1489 ex
907 1456 1000 1497 suis,
1040 1458 1080 1490 ut
1110 1455 1266 1499 videtur,
1300 1457 1399 1492 codd.
1433 1459 1572 1503 scripsit

182 1527 319 1561 neque
351 1515 524 1560 imperi03
558 1516 618 1549 sed
651 1521 716 1550 aut
746 1516 911 1550 exhibent
943 1527 1063 1550 omnes
1085 1515 1207 1551 Leidd.
1231 1522 1374 1561 excepto
1397 1519 1462 1562 A.,
1486 1522 1571 1558 Bas.

182 1576 215 1610 1.
239 1576 275 1611 4.
297 1576 403 1611 Bern.
427 1576 460 1609 1.
489 1575 524 1612 3.
548 1576 652 1610 Misn.
681 1576 828 1610 Goerlit.
853 1577 972 1611 Berol,
996 1577 1030 1610 1.
1055 1577 1090 1611 2.
1123 1576 1235 1611 Paris.
1261 1577 1296 1611 b.
1320 1589 1350 1614 c.
1373 1591 1406 1614 x.
1431 1593 1462 1615 z.
1488 1583 1572 1617 ven.

183 1636 215 1670 1.
251 1648 359 1680 quam
392 1637 603 1681 scripturam
635 1638 864 1679 Gerlamhius,
909 1648 1124 1682 quamquam
1154 1636 1290 1671 ratione
1322 1650 1390 1673 non
1426 1642 1573 1686 reddita,

181 1701 275 1731 recte
297 1697 438 1742 recepit.
478 1698 570 1732 Nam
593 1709 696 1742 saepe
719 1700 779 1732 ubi
801 1699 927 1743 triplex
949 1710 1059 1744 neque
1080 1701 1257 1742 exspectes
1280 1698 1384 1732 tertio
1407 1699 1485 1733 loco
1511 1705 1575 1735 aut

183 1758 343 1801 ponitur,
378 1769 448 1801 quo
480 1758 540 1799 fit,
573 1763 611 1793 ut
645 1759 830 1794 disiunctio
852 1771 922 1794 non
945 1759 1058 1793 tribus
1080 1757 1240 1802 partibus
1262 1762 1412 1803 constet,
1436 1760 1497 1793 sed
1522 1761 1574 1794 bi-

181 1818 344 1851 membris
376 1822 513 1852 tantum
547 1818 611 1859 sit,
643 1821 849 1863 posterioris
872 1820 1023 1854 membri
1047 1819 1188 1853 notione
1213 1830 1294 1853 cum
1319 1819 1391 1853 alia
1415 1831 1576 1855 commu-

183 1881 276 1918 tata3
310 1877 356 1912 cf.
386 1878 479 1912 infra
512 1880 662 1921 LXXII,
695 1880 727 1913 2.
767 1893 910 1925 neque
940 1882 1035 1922 loco,
1068 1892 1213 1924 neque
1243 1880 1386 1914 mortali
1413 1881 1574 1926 cuiquam

183 1943 265 1972 aut
292 1939 438 1982 tempori
459 1940 545 1972 satis
563 1940 713 1974 credere.
739 1942 903 1984 LXXIV,
927 1942 961 1977 1.
985 1952 1128 1985 neque
1152 1941 1205 1974 illi
1229 1951 1303 1983 reS,
1329 1952 1468 1985 neque
1494 1954 1574 1976 con-

183 1999 297 2032 silium
323 2003 412 2032 aut
443 2000 625 2044 quisquam
651 2001 826 2034 hominum
855 2003 942 2036 satis
966 2002 1142 2045 placebat.
1176 2001 1360 2042 LXXXV,
1399 2001 1456 2036 29.
1487 2015 1574 2037 non

182 2069 320 2102 possum
340 2060 525 2103 imagines,
545 2071 568 2092 n
581 2071 690 2103 eque
708 2062 900 2105 triumphos
920 2066 1000 2095 aut
1018 2062 1217 2094 consulatus
1234 2063 1402 2096 maiorum
1422 2075 1575 2099 meorum

185 2123 370 2152 ostentare.
403 2119 548 2163 Fragm.
579 2121 672 2156 Hist.
700 2121 735 2162 Ι,
767 2120 825 2155 24.
851 2121 1044 2164 formidine
1073 2122 1242 2155 attonitus
1273 2134 1417 2167 neque
1446 2127 1574 2167 animo,

185 2189 327 2221 neque
354 2179 496 2212 auribus
519 2185 602 2214 aut
628 2180 754 2225 lingua
780 2186 982 2225 competere.
1007 2182 1053 2214 cf.
1086 2182 1202 2216 Bentl.
1226 2183 1271 2216 ad
1293 2184 1382 2217 Hor.
1407 2184 1520 2220 Serm.
1545 2188 1574 2229 I,

184 2238 230 2278 6,
253 2237 311 2271 68.
337 2238 498 2272 Moebius
533 2240 578 2273 ad
607 2240 705 2273 Caes.
738 2242 782 2275 B.
818 2242 860 2274 G.
886 2242 954 2285 111,
988 2241 1045 2276 14.
1071 2253 1105 2285 p.
1130 2243 1211 2277 170.
1236 2244 1407 2280 Goerenz.
1432 2247 1477 2280 ad
1502 2247 1575 2282 Cic.

184 2299 317 2333 Acadd.
348 2299 405 2340 11,
439 2299 485 2342 7,
517 2299 575 2333 21.
607 2301 724 2335 Hand.
758 2303 801 2335 de
823 2301 973 2335 Particc.
996 2301 1089 2337 Latt.
1116 2303 1163 2336 T.
1188 2304 1215 2338 Ι.
1239 2315 1273 2337 v,
1298 2310 1381 2347 aut,
1407 2307 1457 2345 n,
1481 2307 1516 2343 9.
1541 2321 1574 2353 p.

184 2358 255 2393 543
276 2371 327 2402 sq.
351 2378 398 2384 -—
420 2360 474 2393 De
497 2360 614 2394 verbis
636 2362 725 2407 vagi
748 2366 782 2395 et
802 2363 965 2406 palantes
987 2373 1022 2396 v.
1045 2361 1138 2396 infra
1163 2364 1206 2397 ad
1231 2376 1262 2398 c.
1288 2365 1420 2409 XLIV,
1444 2367 1481 2402 5.

278 2431 369 2466 qua
397 2431 463 2453 nos:
494 2423 673 2467 coegerat]
708 2423 786 2465 Qua
817 2426 931 2457 exstat
955 2422 991 2456 in
1014 2434 1084 2456 uuo
1104 2423 1223 2466 Rivii,
1249 2426 1429 2469 omnibus,
1454 2432 1492 2463 ut
1516 2429 1575 2463 vi-

185 2482 306 2523 detur,
342 2480 524 2521 Putoehii,
558 2482 718 2526 pluribus
742 2478 887 2517 Gruten'
906 2489 941 2518 et
963 2483 1115 2526 Wassfl,
1139 2485 1280 2519 Fabric.
1305 2487 1337 2520 l.
1364 2488 1480 2523 Struv.
1505 2491 1575 2523 Ine.

188 2541 220 2574 1.
243 2541 277 2576 2.
303 2541 406 2575 Rem.
430 2541 464 2575 2.
489 2542 566 2578 Vin.
590 2544 624 2578 2.
648 2544 772 2579 Franc.
807 2544 950 2579 Vratisl.
973 2544 1007 2579 3.
1031 2545 1177 2580 Eccard.
1201 2546 1311 2584 Acad.
1338 2548 1458 2584 Guelf.
1482 2550 1515 2584 2.
1540 2550 1577 2588 3.

187 2602 222 2635 7.
244 2602 280 2638 9.
304 2601 362 2636 10.
387 2602 445 2636 11.
468 2603 525 2637 12,
558 2603 632 2638 Eri.
667 2605 758 2651 Teg.
782 2605 886 2639 Misn.
912 2605 1059 2643 Goerlit.
1083 2607 1202 2641 Berol.
1227 2608 1261 2642 1.
1287 2609 1320 2642 2.
1345 2609 1458 2643 Paris.
1482 2611 1518 2644 b.
1544 2623 1575 2646 c.

188 2664 298 2699 I‘atic.
328 2664 364 2698 1.
396 2664 430 2698 2.
464 2664 499 2699 3.
532 2663 567 2698 4.
599 2665 635 2700 6.
667 2666 762 2700 Med.
796 2666 830 2700 2.
854 2666 890 2701 4.
911 2665 945 2700 5.
972 2667 1056 2702 Ven.
1080 2667 1115 2704 1.
1150 2668 1319 2703 Eichhof.
1355 2670 1410 2704 Ex
1433 2671 1576 2706 relicuis

188 2724 282 2759 haud
316 2725 419 2768 pauci
453 2725 583 2760 habent
613 2738 722 2771 quas
750 2738 784 2761 n.
819 2738 939 2773 coeg.;
970 2732 1150 2773 praeterea
1179 2729 1216 2765 in
1248 2730 1323 2766 edd.
1351 2730 1480 2776 antiqq.
1504 2742 1573 2766 uno
