1630 3034
478 166 836 212 IUGURTHA.
896 168 1022 214 CAP.
1050 169 1142 212 LX.
1423 176 1507 217 323

126 284 287 329 cientes
318 285 428 342 tela,
465 285 648 346 agitare.
719 285 860 341 Quod
893 285 969 330 ubi
997 284 1144 330 Mario
1175 287 1404 347 cognitum
1439 292 1541 334 est5

125 381 253 440 (nam
287 382 322 426 is
355 383 401 426 in
431 397 485 426 ea
518 388 647 442 parte
687 382 927 441 curabat)‚-
959 383 1162 427 consulto
1197 383 1338 429 lenius
1365 400 1507 446 agere

123 494 177 522 ac
208 477 502 523 diffidentiam
541 479 606 523 rei
651 478 880 533 simularc3
923 480 1018 538 pati
1052 479 1270 526 Numidas
1305 482 1397 527 sine
1416 489 1503 528 ·tu—

121 575 262 619 multu
298 575 418 636 regis
447 576 671 636 proelium
706 576 862 620 visere.
920 575 986 618 lta
1019 576 1103 620 illis
1139 576 1285 621 studio
1319 582 1536 624 suorum6

121 672 328 729 astrictis,
373 678 558 733 repente
588 670 768 733 'magna
818 674 860 716 vi
911 687 1086 717 murum
1129 673 1416 734 aggreditur3
1459 684 1504 721 et

119 815 145 849 i.
173 826 204 849 e.
229 817 333 851 sicuti
355 816 469 851 audiri
501 819 561 852 aut
585 818 678 851 cerni
714 820 863 862 possent.
912 816 1027 851 Aliter
1049 817 1165 851 Faber
1193 817 1287 852 hunc
1309 820 1425 854 locum
1450 820 1502 854 in-

118 877 274 921 tellexit,
308 878 412 912 sicuti
444 877 690 922 interpretatus
718 880 833 923 velut,
866 878 994 924 qnasi,
1026 877 1110 921 quia
1138 883 1296 921 equestre
1326 885 1503 914 certamen

83 964 87 968 .
116 938 286 973 remotius
309 939 354 974 ab
377 939 465 973 urbe
496 939 623 983 fuerit,
654 950 762 983 quam
796 943 834 974 ut
866 939 996 973 civium
1020 949 1122 972 voces
1146 938 1283 981 audiri,
1315 944 1378 974 aut
1402 940 1502 975 varia

116 999 220 1045 signa
242 1000 404 1044 cognosci
427 999 613 1044 potuerint.
661 1000 730 1034 Sed
760 1004 1003 1044 praeterquam
1026 1000 1118 1043 quod
1142 999 1219 1043 ipsa
1241 1011 1298 1034 res
1321 1000 1404 1035 huic
1426 1013 1500 1036 sen-

115 1059 247 1094 tentiae
269 1072 337 1094 non
369 1062 491 1094 favero
521 1061 678 1106 videtur,
711 1062 800 1096 sicut
835 1061 1030 1106 particulae
1061 1060 1115 1094 vis
1139 1072 1281 1104 prorsus
1313 1066 1499 1107 repugnat,

114 1120 244 1164 quippe
268 1132 357 1164 quae
381 1121 553 1166 significet
575 1132 649 1155 rem
675 1121 711 1154 in
728 1123 827 1164 sacto
847 1121 1010 1164 positam,
1034 1133 1102 1155 non
1125 1126 1238 1156 mente
1261 1124 1499 1158 tantummodo

116 1187 333 1226 conceptam,
366 1183 410 1216 ad
441 1182 684 1216 illustrandam
716 1181 870 1225 aliquam
902 1181 1070 1217 orationis
1092 1186 1225 1226 partem
1249 1184 1432 1227 adhiberi3
1462 1195 1498 1218 v.

114 1242 287 1288 Ilerzogii
321 1242 422 1277 Obss.
457 1243 549 1277 critt.
581 1243 623 1280 P.
646 1243 707 1277 111.
749 1243 866 1277 Gerae
897 1253 930 1277 a.
956 1242 1058 1277 1830.
1083 1243 1234 1288 editam,
1269 1245 1330 1279 ubi
1351 1245 1441 1279 haec
1465 1257 1500 1290 p.

113 1303 138 1338 6
156 1314 230 1347 sqq.
257 1303 398 1337 uberius
420 1303 651 1337 illustrantur.
678 1322 721 1328 —
752 1304 802 1338 Et
825 1315 868 1337 ea
898 1303 964 1338 huc
987 1305 1067 1339 illuc
1091 1304 1127 1338 in
1153 1315 1285 1350 magna
1307 1305 1499 1349 scripturae

114 1363 334 1407 diversitate,
365 1364 465 1399 nobis
495 1364 649 1398 maxime
679 1364 724 1398 ad
755 1364 939 1398 veritatem
971 1366 1136 1413 accedere
1158 1366 1310 1401 videtur.
1354 1366 1394 1400 In
1419 1366 1499 1401 aliis

113 1424 207 1459 enim
231 1426 330 1459 codd.
354 1425 484 1470 legitur
507 1430 541 1460 et
564 1437 607 1460 ea
630 1426 696 1459 buc
721 1430 764 1460 et
793 1426 892 1467 illuc,
926 1426 960 1460 in
994 1426 1073 1461 aliis
1105 1431 1139 1461 et
1171 1427 1238 1460 huc
1268 1432 1302 1462 et
1324 1427 1428 1470 illuc,
1462 1428 1498 1462 in

113 1485 195 1519 aliis
218 1491 251 1520 et
276 1497 318 1520 ea
339 1486 405 1520 huc
427 1487 616 1530 illucque,
649 1486 685 1519 in
709 1486 789 1521 aliis
813 1491 847 1521 et
870 1487 936 1521 hnc
969 1488 1157 1533 illucque,
1192 1487 1227 1521 in
1261 1488 1340 1523 aliis
1375 1494 1409 1524 ct
1433 1490 1499 1523 huc

113 1547 214 1589 illuc,
238 1547 274 1580 in
298 1558 366 1580 uno
393 1547 522 1580 Wassii
546 1547 638 1591 Reg.
662 1551 701 1581 ut
721 1547 903 1583 edidimus.
949 1549 1146 1582 Pronomen
1170 1548 1274 1591 cuim,
1299 1550 1390 1593 quod
1414 1550 1500 1584 Cor-

114 1604 184 1641 tius
208 1607 319 1648 eiecit,
343 1611 440 1642 ratus
462 1607 567 1642 facile
590 1620 633 1642 ex
655 1611 856 1653 antegressa
879 1619 964 1644 voce
988 1611 1184 1655 corporibus
1208 1610 1362 1653 suppleri
1386 1620 1499 1655 posse,

112 1680 254 1712 prorsus
277 1667 509 1702 necessarium
532 1668 749 1713 iudicamus,
780 1670 863 1713 quia
891 1674 1021 1716 agere,
1056 1671 1116 1705 ubi
1139 1671 1255 1705 nullus
1277 1679 1378 1705 casus
1400 1671 1499 1706 addi-

113 1733 168 1763 tus
190 1733 263 1771 est,
286 1740 354 1762 non
378 1729 468 1763 solet
491 1729 536 1764 ad
559 1730 735 1764 obiectum
759 1731 968 1776 cogitatione
992 1734 1228 1775 assumptum,
1257 1732 1381 1765 referri
1395 1758 1404 1774 ,
1438 1732 1498 1766 sed

111 1789 370 1824 intransitivum
393 1801 530 1824 sensum
554 1791 679 1832 habet,
704 1791 747 1825 (le
769 1804 839 1836 qua
862 1794 1035 1836 potestate
1048 1792 1198 1825 diximus
1219 1792 1263 1824 nd
1279 1792 1354 1826 Cat.
1371 1792 1499 1834 XXlll,

112 1852 146 1887 3.
172 1863 206 1896 p.
231 1851 310 1885 114.
334 1855 369 1885 ct
393 1851 438 1884 ad
466 1851 543 1895 lug.
576 1852 714 1894 xvnl,
736 1853 771 1887 9.
796 1854 896 1896 xm,
922 1853 955 1888 1.
1002 1852 1128 1888 Nostro
1153 1852 1262 1898 igitur
1286 1854 1364 1888 loco
1388 1865 1495 1897 quum

113 1923 222 1957 agere
253 1910 448 1946 necessario
481 1912 527 1945 nd
562 1923 705 1956 corpora
736 1913 861 1947 referri
894 1915 1038 1956 debeat,
1073 1922 1286 1958 pronomen,
1314 1923 1383 1957 quo
1405 1914 1498 1948 istud

112 1972 350 2017 significetur,
394 1972 516 2005 alu-sse
555 1973 684 2016 nequit.
737 1974 882 2008 Rectius
919 1975 1074 2008 Coi-tium
1107 1974 1221 2019 cgizse
1253 1985 1431 2009 censemus
1461 1975 1497 2009 in

112 2032 309 2066 abiicienda
341 2032 468 2075 copula
503 2031 685 2074 particulis
716 2033 782 2066 huc
804 2034 886 2067 illuc
910 2033 1129 2077 interposita,
1162 2045 1266 2077 quam
1289 2046 1365 2068 rem
1388 2046 1496 2080 quum

111 2093 306 2135 scripturae
331 2091 535 2133 diversitas,
560 2096 634 2125 tum
658 2094 811 2126 maximo
833 2095 995 2137 loquendi
1019 2105 1101 2128 usus
1120 2096 1360 2137 commendat,
1393 2105 1495 2140 quem

112 2157 146 2187 et
168 2153 327 2187 Wassins
350 2156 384 2186 et
415 2151 553 2186 Cottius
584 2154 751 2198 exemplis
781 2155 1011 2189 illustrarunt.
1046 2155 1093 2188 cl'.
1128 2154 1244 2188 Tacit.
1267 2156 1353 2190 Anu.
1380 2157 1406 2198 1,
1431 2156 1490 2198 56,

112 2217 199 2247 extr.
248 2213 398 2247 Caecina
420 2213 503 2248 hnc
532 2215 647 2249 illuc
667 2218 787 2258 serens
810 2227 923 2249 arma.
959 2215 1052 2249 nist.
1078 2214 1106 2256 1,
1130 2214 1189 2256 4⁰,
1218 2214 1264 2250 in,
1314 2217 1496 2262 Agebatur

77 2308 82 2314 ,
112 2273 195 2307 huc
220 2273 336 2307 illuc
363 2274 486 2307 Galba.
513 2275 560 2309 ib.
584 2277 617 2315 l,
640 2276 698 2318 76,
722 2276 769 2312 in.
818 2278 914 2311 Metu
949 2288 990 2310 ac
1022 2277 1227 2310 necessitate
1245 2277 1341 2314 ,huc
1375 2277 1494 2312 illuc

112 2334 349 2368 mutabantur.
373 2335 431 2375 lll,
457 2335 515 2377 73,
539 2335 587 2370 in.
633 2337 725 2370 Iluc
747 2338 865 2372 illuc
889 2337 1096 2371 clamoribus
1119 2337 1267 2371 hostium
1290 2338 1495 2383 circumagi.

110 2392 170 2436 IV,
194 2393 250 2437 46,
276 2395 365 2428 med.
418 2395 463 2430 Ut
487 2407 566 2430 vero
591 2397 674 2431 huc
698 2399 818 2432 illuc
851 2399 1001 2433 distrahi
1029 2409 1178 2442 corpore.
1211 2397 1359 2440 Quintil.
1382 2398 1435 2441 X,
1459 2397 1496 2440 ⁷,

110 2454 146 2489 ⁷.
169 2454 269 2499 Vir-g.
295 2455 423 2501 Geor-g.
449 2456 492 2499 11,
517 2457 598 2492 2¹36.
622 2458 708 2494 Aen.
729 2459 790 2503 IV,
814 2458 892 2494 363.
919 2459 1019 2493 ovid.
1044 2459 1191 2494 Metam.
1217 2459 1295 2499 ΧΠ,
1319 2457 1400 2493 329.
1432 2457 1494 2492 Se-

110 2525 196 2548 neca
219 2515 352 2551 Troad.
377 2527 408 2549 v.
434 2516 538 2553 1⁰43.
562 2517 650 2553 Stat.
675 2519 790 2554 Theb.
820 2521 864 2563 11,
886 2520 967 2554 603.
1016 2519 1184 2553 Caussam
1208 2518 1358 2553 omissae
1384 2529 1494 2563 copu-

111 2575 166 2609 lae
189 2574 343 2610 invenies
367 2578 576 2621 explicatam
611 2580 655 2613 ad
688 2580 764 2614 Cat.
787 2581 857 2622 xi,
889 2580 924 2614 2.
981 2579 1146 2614 Ceterum
1178 2579 1345 2614 audacior
1376 2579 1496 2613 Cottio

115 2635 321 2671 Gerlachius
343 2637 379 2671 in
402 2639 611 2675 Commeutt.
644 2651 680 2684 p.
703 2638 784 2674 3002
818 2651 886 2673 non
910 2641 1022 2674 solum
1047 2652 1110 2682 ea,
1143 2640 1202 2674 sed
1226 2639 1332 2673 etiam
1359 2644 1391 2673 ct
1416 2643 1495 2673 ante

111 2703 301 2737 pronomen
333 2698 442 2733 deleri
473 2700 566 2741 vult,
598 2711 705 2744 quam
736 2701 892 2745 ineptam
924 2700 1128 2736 sententiam
1160 2699 1197 2733 in
1228 2699 1281 2734 cd.
1307 2698 1495 2734 novissima

114 2755 238 2790 merito
260 2756 420 2792 deseruit.

1100 2832 1216 2874 21*
