1630 3034
235 123 290 165 76
844 127 999 166 INDEX

238 238 333 268 Simul
351 241 376 268 et
394 238 415 268 i.
437 247 467 279 q.
487 237 585 269 simul
602 238 713 275 etiam,
741 237 764 269 1.
783 237 840 277 20,
860 238 889 270 1.

237 293 333 324 Simul
348 309 394 315 -—
410 297 436 325 et
451 304 508 336 pro
523 298 550 325 et
565 311 609 316 —
627 297 664 331 et,
689 292 713 325 Ι.
734 291 789 332 4-7,
807 293 838 325 2.
889 293 944 327 97,
963 295 994 326 4.

239 349 335 380 Simul
351 353 377 381 et
391 366 437 372 —
455 354 493 389 et,
511 349 534 382 Ι.
556 349 611 389 91,
634 349 662 381 1.

239 404 334 436 Simul
349 422 394 428 —
409 410 434 437 et
452 406 472 437 i.
494 415 523 447 q.
546 406 673 437 simulac
688 422 734 429 -—
751 406 852 445 etiam,
870 404 893 438 Ι.
914 404 970 443 97,
988 408 1020 438 4.

238 460 290 491 sin
306 461 348 493 ad
366 462 568 503 praecedens
585 463 612 493 si
627 461 785 500 refertur,
805 460 839 493 C.
860 460 914 500 51,
933 461 988 494 24.
1039 461 1093 500 52,
1113 461 1165 493 16.
1216 461 1270 499 58,
1287 462 1337 494 ⁴10.
1383 462 1405 493 Ι.
1429 462 1457 494 l.
1478 463 1507 493 4.
1562 461 1614 494 10.

327 516 359 549 6.
409 517 463 556 35,
482 517 514 549 4.
563 516 619 555 46,
639 517 670 549 4.
719 516 773 556 58,
793 517 823 549 3.

238 571 291 603 Sin
307 573 349 605 ad
367 582 576 615 suppressam
595 573 853 605 condicionalem
872 574 1136 606 enunciationem
1155 573 1385 606 affirmativam
1401 574 1563 620 relatum,
1588 573 1610 605 l.

328 627 383 667 35,
401 629 434 661 4.

239 684 308 715 Sine
321 693 392 716 cum
406 685 617 718 substantivo
634 686 843 718 coniunctum
861 687 902 718 ad
920 686 1010 718 aliud
1036 685 1281 718 substantivum
1312 690 1440 728 spectat
1466 686 1499 717 vi
1523 686 1615 718 adie-

327 740 408 772 ctivi
427 742 594 783 negantis.
620 741 645 774 I.
666 742 722 780 54,
742 741 772 774 6.

239 796 420 836 Sinyularis,
440 807 473 830 v.
487 797 633 830 Numerus
645 799 756 838 singyul.

239 853 411 893 Singularis
429 853 470 885 ad
484 863 716 896 praegressum
734 854 895 897 pluralem
911 855 1051 892 relatus,
1078 851 1118 887 C.
1140 854 1194 892 56,
1214 856 1244 886 5.

239 909 357 949 Sinsyuli
373 909 532 942 adiectivi
552 911 641 942 notio
659 911 822 942 interdum
837 911 869 942 in
886 911 1002 951 plurali
1019 911 1118 949 inest,
1144 910 1167 943 Ι.
1192 911 1245 946 44,
1267 912 1296 942 5.

239 964 430 1004 Sinistumus,
448 966 585 1007 antiqua
602 966 717 1006 forma,
744 965 768 998 Ι.
790 965 866 1004 100,
884 966 916 999 2.

241 1021 368 1052 Sisenna
385 1021 493 1063 qualis
512 1022 652 1065 scriptor
667 1021 781 1062 fuerit,
806 1022 831 1054 Ι.
853 1022 908 1062 95,
927 1022 959 1054 2.

239 1078 293 1116 Sit,
310 1087 343 1110 v.
364 1078 447 1109 Esse.

239 1133 282 1164 Sit
297 1133 330 1166 in
345 1134 495 1166 oratione
512 1134 647 1177 obliqua
664 1135 830 1175 omissum,
856 1135 880 1168 Ι.
901 1135 958 1175 88,
973 1135 1004 1169 6.
1035 1136 1110 1173 113,
1136 1137 1161 1168 l.

239 1189 342 1221 Sittius
357 1189 522 1222 Nucerinus
536 1188 619 1234 (R),
641 1190 676 1223 C.
695 1190 751 1231 21,
771 1191 802 1224 3.

239 1246 319 1278 Situs
335 1246 358 1279 i.
375 1256 405 1289 q.
423 1247 563 1290 positus,
582 1247 778 1288 collocatus,
803 1247 827 1281 Ι.
849 1247 904 1285 37,
923 1249 952 1280 4.

240 1302 307 1334 Sive
321 1303 439 1334 —sive
456 1303 585 1344 quando
605 1304 749 1344 dicatur,
776 1301 817 1337 C.
838 1303 893 1341 49,
912 1306 942 1336 4.

240 1358 345 1390 Soc-ius
363 1363 389 1391 ct
403 1360 516 1391 amicus
533 1359 565 1392 P.
585 1360 631 1399 R„
657 1359 683 1393 I.
697 1360 753 1400 24,
773 1360 804 1393 3.

240 1415 332 1455 Socii,
350 1425 398 1448 sc.
416 1414 538 1454 Italici,
556 1415 580 1448 I.
601 1415 657 1455 43,
677 1417 709 1448 4.
759 1415 815 1456 84,
832 1416 864 1450 2.

241 1471 322 1502 Socii
335 1472 443 1513 populi
459 1472 585 1503 Romani
602 1483 666 1504 uon
684 1473 814 1516 impune
832 1473 1064 1509 laedebantur,
1091 1474 1115 1513 l,
1137 1474 1190 1512 77,
1214 1475 1240 1507 Ι.

241 1527 321 1559 Socii
337 1528 360 1560 i.
381 1537 412 1569 q.
434 1537 505 1568 asser
521 1529 684 1567 sociorum,
703 1525 729 1561 Ι.
749 1528 804 1567 88,
823 1529 854 1562 3.

240 1584 320 1615 Socii
335 1594 399 1615 non
417 1583 627 1625 intelligendi
645 1589 734 1624 sunt,
753 1585 810 1617 uhi
828 1586 962 1618 cohortes
972 1587 1178 1628 separatima
1190 1586 1376 1628 legionibus
1386 1592 1619 1621 memorantur.

329 1638 355 1671 I.
376 1638 430 1678 99,
450 1639 482 1672 1.

242 1696 389 1727 Socordio
406 1695 628 1736 scribendum,
648 1707 710 1729 non
735 1699 885 1736 secordia,
905 1695 946 1731 C.
967 1700 999 1735 4,
1020 1699 1048 1731 1.

241 1751 343 1784 Soleo-e
359 1752 382 1784 i.
402 1762 433 1794 q.
452 1753 723 1785 consuetudinem
742 1754 838 1791 inire,
866 1751 905 1787 C.
928 1754 982 1789 50,
1003 1754 1032 1786 1.
1083 1753 1107 1787 Ι.
1129 1756 1161 1794 4,
1182 1755 1210 1787 7.

241 1808 343 1840 Solere
359 1818 430 1840 cum
448 1809 642 1841 accusativo
660 1809 781 1841 obiecti
799 1811 1022 1851 coniungitur,
1048 1810 1073 1842 l.
1089 1810 1144 1844 96,
1164 1811 1195 1843 3.

240 1863 342 1896 Solere
359 1864 512 1896 adiuncto
530 1865 694 1898 infinitivo
711 1865 777 1898 vim
794 1876 885 1907 saepe
901 1866 1084 1909 particulae
1110 1867 1247 1901 obtinet,
1275 1864 1314 1899 C.
1341 1866 1390 1900 47.
1414 1867 1439 1899 1.
1492 1866 1513 1898 l.
1536 1868 1567 1898 4.
1588 1869 1616 1898 ξι.

241 1920 321 1952 Solet
334 1920 487 1952 absolute
505 1921 658 1963 positum,
686 1918 726 1954 C.
746 1921 802 1961 29,
820 1922 852 1956 2.
902 1921 926 1954 Ι.
947 1921 1001 1959 59.
1022 1922 1052 1955 3.

242 1977 330 2008 Solus
342 1987 352 2008 .’
364 1977 431 2008 sola
449 1977 528 2015 loca,
548 1978 570 2009 i.
591 1988 622 2020 q.
642 1978 788 2017 deserta,
815 1978 838 2011 Ι.
860 1977 936 2017 103,
957 1978 986 2011 1.

242 2033 368 2064 Somnus
387 2033 408 2065 i.
429 2043 459 2075 q.
480 2033 608 2066 desidia
625 2039 659 2066 et
678 2035 811 2074 inertia,
839 2033 874 2067 C.
893 2035 926 2074 2,
945 2034 975 2067 8.

242 2089 407 2121 sanaturus
421 2089 522 2132 proba
538 2090 703 2133 participii
719 2091 833 2130 forma,
860 2090 884 2124 Ι.
904 2090 960 2128 47,
979 2091 1009 2122 2.

241 2145 362 2177 Sortilio
378 2146 633 2188 provinciarum,
661 2147 686 2179 Ι.
705 2146 760 2179 43.
782 2147 811 2179 1.

242 2200 357 2242 Spatio,
378 2212 439 2233 non
457 2202 488 2232 in
501 2203 599 2242 spatio
617 2203 740 2234 dicitur
758 2203 797 2235 ad
817 2203 1007 2236 distantiam
1026 2204 1287 2244 significandam.
1316 2205 1337 2236 Ι.
1356 2204 1408 2238 75».
1429 2206 1447 2236 '2

241 2257 360 2298 Species
377 2258 525 2300 opposita
540 2260 620 2297 usui,
646 2259 670 2292 Ι.
690 2259 744 2297 79,
763 2259 795 2291 8.

242 2313 388 2354 Spernere
401 2314 558 2356 quomodo
572 2315 705 2346 differat
721 2325 740 2347 a
760 2317 955 2356 dnspivvreet
971 2322 1167 2353 contemni-re.
1187 2317 1209 2349 1.
1230 2317 1285 2355 85,
1308 2317 1359 2349 19.

243 2369 337 2410 Spero
355 2370 495 2402 orationi
511 2370 582 2402 sine
596 2371 757 2411 regimine
773 2371 1014 2415 interpositum.
1042 2369 1082 2405 C.
1106 2373 1160 2406 5⁶2.
1179 2373 1233 2404 26.

242 2426 315 2467 Spes
333 2431 366 2458 et
382 2436 505 2467 sperare
519 2427 639 2459 (lictum
659 2427 698 2459 do
717 2427 815 2459 robus
833 2438 917 2470 quae
937 2429 1103 2466 timentur,
1129 2426 1169 2463 C.
1189 2428 1244 2464 20.
1265 2429 1311 2461 13.
1364 2429 1384 2461 Ι.
1407 2428 1461 2464 88,
1486 2429 1510 2461 Ι.

244 2482 316 2522 Sprs
334 2487 369 2514 et
381 2493 427 2513 res
445 2483 606 2525 opposita,
632 2483 655 2515 Ι.
676 2482 732 2519 20.
750 2483 801 2516 13.

244 2538 316 2577 Spin<
334 2543 369 2569 ot
386 2549 456 2579 opes
473 2540 656 2581 oppositae,
675 2540 699 2572 Ι.
721 2539 774 2575 10,
796 2540 823 2572 Ἰ.
880 2539 952 2573 107,
974 2541 1003 2571 4.

243 2593 329 2632 Slvom
347 2596 447 2632 fucore
463 2595 565 2629 alieni.
584 2595 607 2628 Ι.
629 2595 683 2631 79.
702 2596 731 2627 8.

245 2648 275 2678 ln
296 2659 347 2688 spa·
366 2650 484 2683 habere.
505 2647 544 2683 C.
566 2651 620 2685 31,
639 2651 656 2682 7
