1630 3034
411 201 757 246 cATlLINA.
835 201 971 245 cAP.
1003 203 1108 246 LIV.
1366 208 1452 250 289

68 325 153 371 sibi
185 335 401 384 magnum
444 319 684 381 imperium
697 354 711 379 ,
757 319 1018 376 exercitum,
1067 334 1235 366 novum
1275 320 1451 366 bellum

70 414 338 475 exoptabat,
382 412 462 457 ubi
495 413 632 457 virtus
675 412 917 457 enitescere
959 417 1123 471 posset.
1191 413 1253 458 At
1288 412 1487 463 Catoni5

69 507 266 552 studium
298 503 567 560 modestiae,
603 501 802 560 decoris,
849 502 929 547 sed
963 517 1170 548 maxume
1206 504 1449 550 severitatis

69 602 175 644 erat.
245 596 348 642 Non
382 594 544 639 divitiis
580 608 687 642 cum
721 592 884 651 divite,
929 608 1078 653 neque
1112 592 1308 640 factione
1344 607 1447 640 cum

68 687 280 744 factioso,
334 685 414 732 sed
458 700 561 733 cum
613 690 789 730 strenuo
839 677 1027 742 virtute,
1080 699 1184 732 cum
1240 683 1447 731 modesto

67 887 110 912 ac
127 876 218 920 seris
249 876 412 922 gentibus
445 876 611 911 lacessitis
621 888 634 918 ,-
658 875 764 918 adeo,
795 879 836 910 ut
859 876 1007 910 Senatus
1039 876 1212 921 quondam
1244 877 1379 923 legatos
1402 876 1450 910 ad

71 936 318 979 explorandum
349 938 476 968 statum
513 935 709 968 Galliarum
749 934 933 968 mittendos
975 933 1183 977 decreverit,
1224 946 1266 968 ac
1297 934 1453 969 nonnulli

67 991 263 1026 dedendum
287 1002 364 1026 eum
387 991 539 1025 hostibus
563 991 764 1026 censuerint.

159 1049 191 1090 ἓ.
215 1047 249 1081 6.
298 1059 375 1081 cum
398 1047 599 1091 innocente]
632 1047 793 1082 Diximus
816 1047 860 1081 ad
883 1059 913 1081 c.
935 1047 1013 1090 XII,
1035 1047 1069 1082 1.
1094 1048 1308 1082 innocentem
1331 1047 1451 1082 vocari

66 1104 238 1140 avaritiae
277 1105 424 1139 crimine
464 1106 636 1146 liberum,
679 1102 887 1138 abstinentia
928 1104 1041 1148 igitur
1083 1108 1118 1139 et
1148 1104 1345 1139 innocentia
1383 1116 1451 1139 non

69 1161 230 1196 diversae
272 1165 351 1196 sunt
392 1161 669 1207 significationis.
694 1180 738 1186 —-·
792 1162 843 1194 Eo
882 1161 998 1206 magis
1045 1162 1260 1206 sequebatur.
1309 1161 1454 1195 Codices

68 1229 282 1264 magnopere
304 1219 464 1261 variant3
498 1231 540 1254 eo
563 1223 681 1254 tamen
703 1218 794 1252 redit
818 1217 999 1252 diversitas
1013 1243 1022 1261 ‚
1046 1219 1139 1262 quod
1160 1230 1223 1263 pro
1246 1219 1452 1263 sequebatur

68 1277 126 1310 vel
150 1277 241 1310 nude
263 1277 393 1310 habent
416 1277 684 1322 assequebatur,
716 1276 774 1309 vel
807 1274 891 1308 huic
911 1275 1021 1309 verbo
1052 1277 1182 1310 addunt
1212 1277 1329 1318 illum,
1361 1287 1449 1318 eum,

68 1336 179 1376 illam,
203 1335 287 1377 illa,
312 1346 413 1376 eam,
435 1335 598 1379 gloriam.
645 1335 746 1378 Quae
767 1335 807 1366 ut
828 1330 937 1365 nimia
959 1332 1128 1366 varietate
1151 1332 1452 1376 interpolationem

67 1391 238 1435 produnt,
277 1391 328 1425 ita
364 1394 480 1434 patet,
522 1390 661 1425 etiamsi
692 1400 811 1424 casum
850 1389 1010 1430 omittas,
1048 1393 1165 1424 tamen
1201 1390 1353 1434 gloriam
1384 1401 1452 1424 non

67 1458 168 1492 posse
198 1448 372 1482 obiectum
405 1447 504 1482 verbi
534 1448 779 1492 assequebatur
809 1457 893 1479 esse.
940 1445 1102 1488 Aliquam
1137 1445 1231 1480 enim
1254 1457 1330 1480 rem
1358 1458 1451 1481 asse-

68 1505 129 1549 qui
151 1504 181 1538 is
204 1508 338 1538 tantum
362 1504 430 1538 dici
452 1508 584 1548 potest,
615 1505 675 1548 qui
699 1504 779 1537 data
803 1513 908 1546 opera
933 1502 1158 1546 adhibitoque
1181 1502 1295 1537 studio
1318 1513 1360 1538 eo
1384 1513 1453 1547 quo

68 1561 148 1594 vult
170 1561 350 1605 pervenit3
381 1562 548 1606 quoniam
579 1561 690 1607 igitur
710 1562 822 1605 petita
847 1560 1084 1595 tantummodo
1107 1559 1350 1604 assequimur,
1383 1571 1452 1594 non

67 1620 180 1661 potest
212 1618 248 1651 h.
273 1618 299 1651 1.
334 1629 376 1653 ea
411 1619 658 1654 sententiarum
690 1618 860 1663 oppositio
891 1628 986 1658 esse,
1021 1619 1060 1650 ut
1091 1617 1178 1651 Cato
1208 1629 1276 1651 non
1304 1619 1453 1662 petitam

68 1674 222 1719 gloriam
244 1681 419 1710 assecutus
452 1688 526 1710 esse
553 1675 700 1709 dicatur.
747 1674 778 1707 A
811 1684 894 1708 vero
927 1677 1044 1708 autem
1081 1675 1261 1709 aberravit
1283 1675 1454 1709 Ruhnke-

68 1732 148 1766 nius
171 1732 216 1766 ad
240 1732 329 1765 Vell.
349 1734 394 1775 11,
417 1733 498 1775 127,
522 1733 577 1774 4„
610 1731 667 1766 his
697 1730 824 1764 Velleii
853 1731 990 1765 verbis:
1017 1732 1049 1765 Τ
1049 1732 1175 1766 iberius
1194 1733 1360 1766 Seianum
1387 1733 1453 1766 ad-

68 1789 214 1824 iutorem
250 1789 390 1832 habuit,
422 1792 510 1824 nihil
539 1789 603 1824 sibi
635 1788 888 1829 vindicantem,
920 1799 1024 1834 eoque
1057 1794 1296 1834 assequentem
1325 1790 1454 1830 omnia,

67 1845 107 1880 in
130 1846 342 1880 Sallustiano
375 1848 452 1882 loco
484 1846 732 1892 assequebatur
763 1845 957 1879 defendens.
1010 1846 1194 1880 Vindicare
1228 1846 1322 1880 enim
1346 1846 1389 1880 de
1412 1857 1453 1880 eo

70 1902 221 1945 dicitur,
254 1903 315 1947 qui
337 1903 470 1948 aliquid
493 1908 533 1939 ut
555 1915 657 1938 suum
683 1902 819 1946 sibique
842 1903 999 1937 debitum
1020 1904 1174 1948 postulat
1196 1903 1254 1937 vel
1284 1907 1454 1947 occupem

69 1961 133 2006 qui
166 1961 278 2007 igitur
317 1962 443 1996 tectius
485 1965 547 1996 ant
578 1960 738 1995 callidius
781 1967 816 1993 et
852 1959 1026 1994 versutius
1054 1971 1131 1994 rem
1174 1960 1307 2005 appetit
1345 1971 1456 2004 eaque

71 2018 227 2063 potitur,
262 2019 293 2053 is
323 2019 450 2054 merito
481 2030 561 2054 eam
591 2030 660 2053 non
699 2017 895 2051 vindicasse
938 2017 1025 2060 sibi,
1059 2020 1094 2051 et
1125 2020 1244 2051 tamen
1277 2021 1456 2051 assecutus

69 2085 149 2109 >esse
181 2075 319 2112 dicitur.
375 2076 550 2120 Quocirca
595 2087 666 2109 non
697 2074 862 2115 dubium,
895 2073 980 2116 quin
1011 2074 1182 2118 sequitur,
1214 2083 1237 2108 a
1268 2074 1387 2108 Cortio
1420 2077 1456 2108 et

75 2131 264 2173 Gerbchio
287 2133 543 2173 editum,unice
565 2143 689 2166 verum
707 2131 770 2173 sit3
793 2131 889 2175 sequi
911 2130 1003 2164 enim
1020 2132 1221 2174 frequenter
1242 2140 1307 2164 eae
1322 2142 1378 2164 res
1403 2130 1456 2164 di-

75 2192 216 2230 cuntur,
247 2200 336 2232 quae
358 2201 426 2223 non
449 2190 649 2233 quaesitae,
682 2189 742 2222 sed
775 2187 875 2231 quasi
906 2198 969 2222 sua
1002 2191 1124 2231 sponte
1158 2186 1375 2222 obveniunt.‘
1403 2188 1456 2222 lta

76 2246 199 2280 eadem
223 2245 392 2279 sententia
413 2246 504 2280 Plin.
528 2247 615 2289 Epp.
637 2247 665 2288 1,
683 2245 717 2286 8,
734 2245 791 2278 H.
816 2245 948 2289 sequi
972 2245 1061 2277 enim
1083 2244 1220 2289 gloria,
1247 2255 1315 2277 non
1337 2245 1457 2289 appeti

76 2303 188 2337 debet.
235 2302 358 2337 Noster
391 2303 491 2336 Catil.
521 2303 582 2344 111,
609 2303 642 2336 2.
675 2302 816 2336 tametsi
846 2302 1117 2346 haudquaquam
1145 2311 1215 2345 par
1244 2301 1362 2346 gloria
1393 2312 1456 2335 se-

76 2361 235 2405 quitur
266 2361 464 2404 scriptorem
495 2364 528 2393 et
552 2364 726 2393 auctorem
759 2370 885 2394 rerum.
928 2359 1007 2401 XII,
1035 2360 1068 2393 1.
1096 2364 1279 2403 postquam
1312 2358 1458 2393 divitiae

76 2417 198 2452 honori
222 2428 292 2451 esse
315 2427 463 2460 coepere,
475 2421 510 2450 et
533 2428 592 2450 eas
614 2417 742 2461 gloria,
767 2417 958 2461 imperium,
981 2417 1139 2460 potentia
1161 2415 1458 2459 sequebatur.

75 2474 223 2519 Fragm.
255 2473 405 2507 Historr.
433 2475 471 2515 1,
496 2474 555 2508 19.
591 2476 625 2516 §-
647 2473 682 2508 9.
716 2473 775 2507 ubi
812 2474 921 2507 malos
949 2473 1110 2517 praemia
1140 2476 1336 2516 sequuntur.
1371 2471 1458 2505 ibid.

77 2533 110 2574 §.
123 2530 180 2564 21.
197 2532 345 2574 fortuna
369 2531 524 2565 meliores
547 2530 770 2576 sequitur.
830 2530 956 2564 Nostro
980 2530 1057 2565 loco
1080 2532 1119 2564 ut
1140 2526 1289 2564 mutatio
1312 2529 1459 2563 subiecti

77 2586 280 2632 ellipsisque
303 2587 431 2622 obiecti
458 2587 548 2622 nihil
581 2589 686 2632 plane
707 2587 845 2621 molesti
875 2591 978 2631 atque
1000 2586 1120 2620 vitiosi
1143 2586 1271 2629 habet,
1303 2586 1355 2623 ita
1385 2597 1460 2621 cer-

79 2648 154 2681 tum
175 2649 228 2682 est
251 2655 329 2682 mm
352 2656 427 2683 rem
451 2647 504 2681 tot
525 2644 849 2690 interpolationibus
872 2653 1030 2678 caussam
1052 2641 1171 2677 fuisse.

146 2762 183 2805 1.
1121 2758 1186 2802 19
