<?xml version="1.0" encoding="UTF-8"?>
<!DOCTYPE html PUBLIC "-//W3C//DTD XHTML 1.0 Transitional//EN"
    "http://www.w3.org/TR/xhtml1/DTD/xhtml1-transitional.dtd">
<html xmlns="http://www.w3.org/1999/xhtml" xml:lang="en" lang="en">
 <head>
  <title>
</title>
<meta http-equiv="Content-Type" content="text/html;charset=utf-8" />
  <meta name='ocr-system' content='tesseract 3.04.00' />
  <meta name='ocr-capabilities' content='ocr_page ocr_carea ocr_par ocr_line ocrx_word'/>
</head>
<body>
  <div class='ocr_page' id='page_1' title='image "./operaquaesupeappx01salluoft_0968.png"; bbox 0 0 1630 3034; ppageno 0'>
   <div class='ocr_carea' id='block_1_1' title="bbox 195 171 1223 223">
    <p class='ocr_par' dir='ltr' id='par_1_1' title="bbox 195 171 1223 223">
     <span class='ocr_line' id='line_1_1' title="bbox 195 171 1223 223; baseline -0.009 0"><span class='ocrx_word' id='word_1_1' title='bbox 195 181 280 223; x_wconf 81' lang='lat'><strong>588</strong></span> <span class='ocrx_word' id='word_1_2' title='bbox 566 173 611 216; x_wconf 87' lang='lat' dir='ltr'><strong>G.</strong></span> <span class='ocrx_word' id='word_1_3' title='bbox 643 171 967 216; x_wconf 87' lang='lat' dir='ltr'><strong>SALLUSTI</strong></span> <span class='ocrx_word' id='word_1_4' title='bbox 1000 171 1223 215; x_wconf 87' lang='lat' dir='ltr'>CRISPI</span> 
     </span>
    </p>
   </div>
   <div class='ocr_carea' id='block_1_2' title="bbox 195 287 1586 448">
    <p class='ocr_par' dir='ltr' id='par_1_2' title="bbox 195 287 1586 448">
     <span class='ocr_line' id='line_1_2' title="bbox 337 287 1583 351; baseline -0.001 -14"><span class='ocrx_word' id='word_1_5' title='bbox 337 291 434 339; x_wconf 88' lang='lat' dir='ltr'><strong>CX.</strong></span> <span class='ocrx_word' id='word_1_6' title='bbox 490 291 791 350; x_wconf 78' lang='lat' dir='ltr'><strong>„Numquam</strong></span> <span class='ocrx_word' id='word_1_7' title='bbox 826 303 915 351; x_wconf 86' lang='lat' dir='ltr'><strong>ego</strong></span> <span class='ocrx_word' id='word_1_8' title='bbox 958 295 1077 335; x_wconf 84' lang='lat' dir='ltr'><strong>ratus</strong></span> <span class='ocrx_word' id='word_1_9' title='bbox 1111 305 1209 334; x_wconf 85' lang='lat' dir='ltr'><strong>sum</strong></span> <span class='ocrx_word' id='word_1_10' title='bbox 1243 288 1379 348; x_wconf 63' lang='lat' dir='ltr'><strong>fore,&gt;</strong></span> <span class='ocrx_word' id='word_1_11' title='bbox 1407 291 1472 335; x_wconf 90' lang='lat' dir='ltr'><strong>uti</strong></span> <span class='ocrx_word' id='word_1_12' title='bbox 1505 287 1583 336; x_wconf 76' lang='lat' dir='ltr'><strong>rex</strong></span> 
     </span>
     <span class='ocr_line' id='line_1_3' title="bbox 195 387 1586 448; baseline -0.004 -11"><span class='ocrx_word' id='word_1_13' title='bbox 195 405 430 437; x_wconf 82' lang='lat' dir='ltr'><strong>maxumus</strong></span> <span class='ocrx_word' id='word_1_14' title='bbox 465 389 510 434; x_wconf 86' lang='lat' dir='ltr'><strong>in</strong></span> <span class='ocrx_word' id='word_1_15' title='bbox 549 388 639 434; x_wconf 87' lang='lat' dir='ltr'><strong>hac</strong></span> <span class='ocrx_word' id='word_1_16' title='bbox 674 394 793 434; x_wconf 83' lang='lat' dir='ltr'><strong>terra</strong></span> <span class='ocrx_word' id='word_1_17' title='bbox 828 393 874 432; x_wconf 86' lang='lat' dir='ltr'><strong>et</strong></span> <span class='ocrx_word' id='word_1_18' title='bbox 913 388 1134 448; x_wconf 81' lang='lat' dir='ltr'><strong>omnium,</strong></span> <span class='ocrx_word' id='word_1_19' title='bbox 1170 403 1284 447; x_wconf 89' lang='lat' dir='ltr'><strong>quos</strong></span> <span class='ocrx_word' id='word_1_20' title='bbox 1321 387 1444 445; x_wconf 86' lang='lat' dir='ltr'><strong>novi,</strong></span> <span class='ocrx_word' id='word_1_21' title='bbox 1489 387 1586 448; x_wconf 86' lang='lat' dir='ltr'><strong>pri-</strong></span> 
     </span>
    </p>
   </div>
   <div class='ocr_carea' id='block_1_3' title="bbox 158 483 1587 548">
    <p class='ocr_par' dir='ltr' id='par_1_3' title="bbox 158 483 1587 548">
     <span class='ocr_line' id='line_1_4' title="bbox 158 483 1587 548; baseline -0.001 -16"><span class='ocrx_word' id='word_1_22' title='bbox 158 494 302 536; x_wconf 65' lang='lat' dir='ltr'><strong>zvato</strong></span> <span class='ocrx_word' id='word_1_23' title='bbox 337 486 508 532; x_wconf 87' lang='lat' dir='ltr'><strong>homini</strong></span> <span class='ocrx_word' id='word_1_24' title='bbox 543 487 736 548; x_wconf 75' lang='lat' dir='ltr'>gratiam</span> <span class='ocrx_word' id='word_1_25' title='bbox 771 486 1024 536; x_wconf 74' lang='lat' dir='ltr'><strong>deberem.-</strong></span> <span class='ocrx_word' id='word_1_26' title='bbox 1042 485 1104 533; x_wconf 83' lang='lat' dir='ltr'><strong>Et</strong></span> <span class='ocrx_word' id='word_1_27' title='bbox 1137 484 1410 544; x_wconf 82' lang='lat' dir='ltr'><strong>mehercule,</strong></span> <span class='ocrx_word' id='word_1_28' title='bbox 1445 483 1587 542; x_wconf 86' lang='lat' dir='ltr'><strong>Sulla,</strong></span> 
     </span>
    </p>
   </div>
   <div class='ocr_carea' id='block_1_4' title="bbox 184 640 1588 2828">
    <p class='ocr_par' dir='ltr' id='par_1_4' title="bbox 186 640 1588 1788">
     <span class='ocr_line' id='line_1_5' title="bbox 194 640 1587 692; baseline -0.004 -12"><span class='ocrx_word' id='word_1_29' title='bbox 194 644 318 680; x_wconf 81' lang='lat' dir='ltr'><strong>castris</strong></span> <span class='ocrx_word' id='word_1_30' title='bbox 349 644 443 689; x_wconf 83' lang='lat' dir='ltr'><strong>apud</strong></span> <span class='ocrx_word' id='word_1_31' title='bbox 474 644 684 691; x_wconf 83' lang='lat' dir='ltr'><strong>Iugurtham</strong></span> <span class='ocrx_word' id='word_1_32' title='bbox 718 645 880 683; x_wconf 84' lang='lat' dir='ltr'><strong>somniat.</strong></span> <span class='ocrx_word' id='word_1_33' title='bbox 910 663 956 674; x_wconf 91' lang='lat'><em>-</em></span> <span class='ocrx_word' id='word_1_34' title='bbox 988 646 1185 682; x_wconf 82' lang='lat' dir='ltr'><strong>Accersitur</strong></span> <span class='ocrx_word' id='word_1_35' title='bbox 1216 655 1327 692; x_wconf 80' lang='lat' dir='ltr'><strong>paene</strong></span> <span class='ocrx_word' id='word_1_36' title='bbox 1357 654 1478 679; x_wconf 85' lang='lat' dir='ltr'><strong>omnes</strong></span> <span class='ocrx_word' id='word_1_37' title='bbox 1501 640 1587 676; x_wconf 80' lang='lat' dir='ltr'><strong>libri</strong></span> 
     </span>
     <span class='ocr_line' id='line_1_6' title="bbox 193 696 1586 752; baseline -0.002 -12"><span class='ocrx_word' id='word_1_38' title='bbox 193 706 338 748; x_wconf 82' lang='lat' dir='ltr'><strong>habent,</strong></span> <span class='ocrx_word' id='word_1_39' title='bbox 362 705 564 750; x_wconf 78' lang='lat' dir='ltr'><strong>paucissimi</strong></span> <span class='ocrx_word' id='word_1_40' title='bbox 587 696 783 750; x_wconf 64' lang='lat' dir='ltr'><strong>arcessitur,</strong></span> <span class='ocrx_word' id='word_1_41' title='bbox 807 707 900 752; x_wconf 85' lang='lat' dir='ltr'><strong>quod</strong></span> <span class='ocrx_word' id='word_1_42' title='bbox 922 707 1061 742; x_wconf 77' lang='lat' dir='ltr'><strong>Curtius</strong></span> <span class='ocrx_word' id='word_1_43' title='bbox 1083 707 1204 742; x_wconf 80' lang='lat' dir='ltr'><strong>edidit.</strong></span> <span class='ocrx_word' id='word_1_44' title='bbox 1227 727 1274 733; x_wconf 97' lang='lat'>—</span> <span class='ocrx_word' id='word_1_45' title='bbox 1308 704 1423 740; x_wconf 84' lang='lat' dir='ltr'><strong>Verba</strong></span> <span class='ocrx_word' id='word_1_46' title='bbox 1445 708 1586 739; x_wconf 76' lang='lat' dir='ltr'><strong>samma</strong></span> 
     </span>
     <span class='ocr_line' id='line_1_7' title="bbox 193 766 1587 812; baseline -0.003 -10"><span class='ocrx_word' id='word_1_47' title='bbox 193 768 248 802; x_wconf 78' lang='lat' dir='ltr'><strong>vir</strong></span> <span class='ocrx_word' id='word_1_48' title='bbox 273 773 307 802; x_wconf 80' lang='lat' dir='ltr'><strong>et</strong></span> <span class='ocrx_word' id='word_1_49' title='bbox 331 779 373 801; x_wconf 80' lang='lat' dir='ltr'><strong>ex</strong></span> <span class='ocrx_word' id='word_1_50' title='bbox 395 768 569 802; x_wconf 80' lang='lat' dir='ltr'><strong>sententia</strong></span> <span class='ocrx_word' id='word_1_51' title='bbox 596 769 770 811; x_wconf 80' lang='lat' dir='ltr'><strong>ambobus,</strong></span> <span class='ocrx_word' id='word_1_52' title='bbox 800 768 905 802; x_wconf 87' lang='lat' dir='ltr'><strong>foedo</strong></span> <span class='ocrx_word' id='word_1_53' title='bbox 930 768 1017 802; x_wconf 89' lang='lat' dir='ltr'><strong>olim</strong></span> <span class='ocrx_word' id='word_1_54' title='bbox 1039 768 1127 802; x_wconf 83' lang='lat' dir='ltr'><strong>vitio</strong></span> <span class='ocrx_word' id='word_1_55' title='bbox 1153 771 1310 812; x_wconf 83' lang='lat' dir='ltr'><strong>turpata,</strong></span> <span class='ocrx_word' id='word_1_56' title='bbox 1335 767 1474 802; x_wconf 83' lang='lat' dir='ltr'><strong>Cortius</strong></span> <span class='ocrx_word' id='word_1_57' title='bbox 1496 766 1587 799; x_wconf 80' lang='lat' dir='ltr'><strong>beno</strong></span> 
     </span>
     <span class='ocr_line' id='line_1_8' title="bbox 192 822 1587 873; baseline -0.003 -9"><span class='ocrx_word' id='word_1_58' title='bbox 192 822 500 873; x_wconf 48' lang='lat' dir='ltr'><strong>nil-integritatem</strong></span> <span class='ocrx_word' id='word_1_59' title='bbox 523 830 713 865; x_wconf 81' lang='lat' dir='ltr'><strong>revocavit.</strong></span> <span class='ocrx_word' id='word_1_60' title='bbox 768 829 861 864; x_wconf 77' lang='lat' dir='ltr'><strong>Nam</strong></span> <span class='ocrx_word' id='word_1_61' title='bbox 884 841 992 873; x_wconf 89' lang='lat' dir='ltr'><strong>quum</strong></span> <span class='ocrx_word' id='word_1_62' title='bbox 1015 841 1122 864; x_wconf 85' lang='lat' dir='ltr'><strong>voces</strong></span> <span class='ocrx_word' id='word_1_63' title='bbox 1145 831 1200 863; x_wconf 80' lang='lat' dir='ltr'><strong>vir</strong></span> <span class='ocrx_word' id='word_1_64' title='bbox 1222 834 1257 864; x_wconf 86' lang='lat' dir='ltr'><strong>et</strong></span> <span class='ocrx_word' id='word_1_65' title='bbox 1280 828 1507 863; x_wconf 74' lang='lat' dir='ltr'><strong>scribentium</strong></span> <span class='ocrx_word' id='word_1_66' title='bbox 1530 837 1587 861; x_wconf 81' lang='lat' dir='ltr'><strong>er·-</strong></span> 
     </span>
     <span class='ocr_line' id='line_1_9' title="bbox 192 887 1588 931; baseline -0.002 -7"><span class='ocrx_word' id='word_1_67' title='bbox 192 901 276 925; x_wconf 82' lang='lat' dir='ltr'><strong>rorc</strong></span> <span class='ocrx_word' id='word_1_68' title='bbox 298 893 430 924; x_wconf 88' lang='lat' dir='ltr'><strong>temere</strong></span> <span class='ocrx_word' id='word_1_69' title='bbox 453 889 489 922; x_wconf 90' lang='lat' dir='ltr'><strong>iu</strong></span> <span class='ocrx_word' id='word_1_70' title='bbox 514 891 611 925; x_wconf 82' lang='lat' dir='ltr'><strong>iurat</strong></span> <span class='ocrx_word' id='word_1_71' title='bbox 643 890 830 931; x_wconf 83' lang='lat' dir='ltr'><strong>abiissent,</strong></span> <span class='ocrx_word' id='word_1_72' title='bbox 864 890 958 924; x_wconf 86' lang='lat' dir='ltr'><strong>istud</strong></span> <span class='ocrx_word' id='word_1_73' title='bbox 989 891 1138 924; x_wconf 86' lang='lat' dir='ltr'><strong>verbum</strong></span> <span class='ocrx_word' id='word_1_74' title='bbox 1168 890 1281 925; x_wconf 83' lang='lat' dir='ltr'><strong>textui</strong></span> <span class='ocrx_word' id='word_1_75' title='bbox 1304 891 1443 925; x_wconf 85' lang='lat' dir='ltr'><strong>illatum</strong></span> <span class='ocrx_word' id='word_1_76' title='bbox 1467 887 1588 924; x_wconf 81' lang='lat' dir='ltr'><strong>varias</strong></span> 
     </span>
     <span class='ocr_line' id='line_1_10' title="bbox 192 947 1585 996; baseline -0.004 -9"><span class='ocrx_word' id='word_1_77' title='bbox 192 951 409 995; x_wconf 80' lang='lat' dir='ltr'><strong>corruptelas</strong></span> <span class='ocrx_word' id='word_1_78' title='bbox 439 951 576 996; x_wconf 85' lang='lat' dir='ltr'><strong>genuit.</strong></span> <span class='ocrx_word' id='word_1_79' title='bbox 624 951 748 985; x_wconf 79' lang='lat' dir='ltr'><strong>Deleta</strong></span> <span class='ocrx_word' id='word_1_80' title='bbox 777 951 871 985; x_wconf 83' lang='lat' dir='ltr'><strong>enim</strong></span> <span class='ocrx_word' id='word_1_81' title='bbox 903 956 938 986; x_wconf 83' lang='lat' dir='ltr'><strong>et</strong></span> <span class='ocrx_word' id='word_1_82' title='bbox 968 951 1144 996; x_wconf 84' lang='lat' dir='ltr'><strong>particula</strong></span> <span class='ocrx_word' id='word_1_83' title='bbox 1166 951 1202 984; x_wconf 89' lang='lat' dir='ltr'><strong>in</strong></span> <span class='ocrx_word' id='word_1_84' title='bbox 1225 951 1347 985; x_wconf 85' lang='lat' dir='ltr'><strong>multis</strong></span> <span class='ocrx_word' id='word_1_85' title='bbox 1370 950 1470 985; x_wconf 82' lang='lat' dir='ltr'><strong>codd.</strong></span> <span class='ocrx_word' id='word_1_86' title='bbox 1494 947 1585 983; x_wconf 88' lang='lat' dir='ltr'><strong>scri-</strong></span> 
     </span>
     <span class='ocr_line' id='line_1_11' title="bbox 191 1011 1585 1059; baseline -0.001 -12"><span class='ocrx_word' id='word_1_87' title='bbox 191 1017 292 1059; x_wconf 80' lang='lat' dir='ltr'><strong>ptum</strong></span> <span class='ocrx_word' id='word_1_88' title='bbox 325 1015 378 1046; x_wconf 82' lang='lat' dir='ltr'><strong>est</strong></span> <span class='ocrx_word' id='word_1_89' title='bbox 407 1017 547 1046; x_wconf 81' lang='lat' dir='ltr'><strong>sanctus</strong></span> <span class='ocrx_word' id='word_1_90' title='bbox 578 1012 653 1054; x_wconf 77' lang='lat' dir='ltr'><strong>vir,</strong></span> <span class='ocrx_word' id='word_1_91' title='bbox 689 1023 729 1047; x_wconf 74' lang='lat' dir='ltr'><strong>ex</strong></span> <span class='ocrx_word' id='word_1_92' title='bbox 760 1013 934 1046; x_wconf 80' lang='lat' dir='ltr'><strong>sententia</strong></span> <span class='ocrx_word' id='word_1_93' title='bbox 965 1012 1099 1047; x_wconf 82' lang='lat' dir='ltr'><strong>iurat</strong></span> <span class='ocrx_word' id='word_1_94' title='bbox 1123 1013 1308 1055; x_wconf 80' lang='lat' dir='ltr'><strong>ambobus,</strong></span> <span class='ocrx_word' id='word_1_95' title='bbox 1331 1011 1368 1045; x_wconf 89' lang='lat' dir='ltr'><strong>in</strong></span> <span class='ocrx_word' id='word_1_96' title='bbox 1393 1011 1474 1045; x_wconf 85' lang='lat' dir='ltr'><strong>aliis</strong></span> <span class='ocrx_word' id='word_1_97' title='bbox 1498 1020 1524 1043; x_wconf 83' lang='lat' dir='ltr'><strong>s.</strong></span> <span class='ocrx_word' id='word_1_98' title='bbox 1549 1020 1585 1046; x_wconf 86' lang='grc' dir='ltr'><strong>υ.</strong></span> 
     </span>
     <span class='ocr_line' id='line_1_12' title="bbox 191 1071 1586 1118; baseline -0.004 -8"><span class='ocrx_word' id='word_1_99' title='bbox 191 1076 323 1110; x_wconf 64' lang='lat' dir='ltr'><strong>‘iurat</strong></span> <span class='ocrx_word' id='word_1_100' title='bbox 347 1084 388 1107; x_wconf 70' lang='lat' dir='ltr'><strong>cx</strong></span> <span class='ocrx_word' id='word_1_101' title='bbox 411 1079 498 1108; x_wconf 80' lang='lat' dir='ltr'><strong>sent.</strong></span> <span class='ocrx_word' id='word_1_102' title='bbox 523 1075 708 1116; x_wconf 82' lang='lat' dir='ltr'><strong>ambobus,</strong></span> <span class='ocrx_word' id='word_1_103' title='bbox 741 1072 777 1107; x_wconf 90' lang='lat' dir='ltr'><strong>in</strong></span> <span class='ocrx_word' id='word_1_104' title='bbox 809 1072 888 1107; x_wconf 84' lang='lat' dir='ltr'><strong>aliis</strong></span> <span class='ocrx_word' id='word_1_105' title='bbox 911 1084 975 1117; x_wconf 80' lang='lat' dir='ltr'><strong>pro</strong></span> <span class='ocrx_word' id='word_1_106' title='bbox 998 1074 1095 1108; x_wconf 79' lang='lat' dir='ltr'><strong>iurat</strong></span> <span class='ocrx_word' id='word_1_107' title='bbox 1119 1073 1252 1118; x_wconf 87' lang='lat' dir='ltr'><strong>legitur</strong></span> <span class='ocrx_word' id='word_1_108' title='bbox 1274 1074 1415 1115; x_wconf 83' lang='lat' dir='ltr'><strong>iurant,</strong></span> <span class='ocrx_word' id='word_1_109' title='bbox 1440 1071 1586 1112; x_wconf 74' lang='lat' dir='ltr'><strong>iuravit,</strong></span> 
     </span>
     <span class='ocr_line' id='line_1_13' title="bbox 191 1129 1586 1178; baseline -0.005 -7"><span class='ocrx_word' id='word_1_110' title='bbox 191 1138 326 1176; x_wconf 77' lang='lat' dir='ltr'><strong>intrat,</strong></span> <span class='ocrx_word' id='word_1_111' title='bbox 361 1134 486 1168; x_wconf 80' lang='lat' dir='ltr'><strong>inerat.</strong></span> <span class='ocrx_word' id='word_1_112' title='bbox 532 1133 693 1178; x_wconf 51' lang='lat' dir='ltr'><strong>Propius¹</strong></span> <span class='ocrx_word' id='word_1_113' title='bbox 712 1133 757 1168; x_wconf 83' lang='lat' dir='ltr'><strong>ad</strong></span> <span class='ocrx_word' id='word_1_114' title='bbox 784 1145 909 1168; x_wconf 79' lang='lat' dir='ltr'><strong>verum</strong></span> <span class='ocrx_word' id='word_1_115' title='bbox 932 1134 1064 1169; x_wconf 82' lang='lat' dir='ltr'><strong>accedit</strong></span> <span class='ocrx_word' id='word_1_116' title='bbox 1087 1134 1259 1178; x_wconf 82' lang='lat' dir='ltr'><strong>scriptura</strong></span> <span class='ocrx_word' id='word_1_117' title='bbox 1282 1134 1381 1168; x_wconf 89' lang='lat' dir='ltr'><strong>codd.</strong></span> <span class='ocrx_word' id='word_1_118' title='bbox 1408 1132 1527 1167; x_wconf 73' lang='lat' dir='ltr'><strong>Gucll&#39;.</strong></span> <span class='ocrx_word' id='word_1_119' title='bbox 1550 1129 1586 1165; x_wconf 85' lang='grc'><strong>6.</strong></span> 
     </span>
     <span class='ocr_line' id='line_1_14' title="bbox 191 1194 1586 1239; baseline -0.004 -8"><span class='ocrx_word' id='word_1_120' title='bbox 191 1197 251 1234; x_wconf 89' lang='grc'><strong>11.</strong></span> <span class='ocrx_word' id='word_1_121' title='bbox 286 1194 427 1230; x_wconf 81' lang='lat' dir='ltr'><strong>Fabric.</strong></span> <span class='ocrx_word' id='word_1_122' title='bbox 461 1194 496 1231; x_wconf 90' lang='lat'><strong>1.</strong></span> <span class='ocrx_word' id='word_1_123' title='bbox 529 1194 577 1237; x_wconf 97' lang='grc'><strong>2.,</strong></span> <span class='ocrx_word' id='word_1_124' title='bbox 608 1194 644 1228; x_wconf 90' lang='lat' dir='ltr'><strong>in</strong></span> <span class='ocrx_word' id='word_1_125' title='bbox 674 1195 803 1239; x_wconf 87' lang='lat' dir='ltr'><strong>quibus</strong></span> <span class='ocrx_word' id='word_1_126' title='bbox 832 1195 907 1228; x_wconf 81' lang='lat' dir='ltr'><strong>sine</strong></span> <span class='ocrx_word' id='word_1_127' title='bbox 932 1201 966 1230; x_wconf 86' lang='lat' dir='ltr'><strong>et</strong></span> <span class='ocrx_word' id='word_1_128' title='bbox 989 1200 1023 1230; x_wconf 83' lang='lat' dir='ltr'><strong>et</strong></span> <span class='ocrx_word' id='word_1_129' title='bbox 1045 1195 1143 1230; x_wconf 83' lang='lat' dir='ltr'><strong>iurat</strong></span> <span class='ocrx_word' id='word_1_130' title='bbox 1165 1195 1346 1230; x_wconf 76' lang='lat' dir='ltr'><strong>vocabulis</strong></span> <span class='ocrx_word' id='word_1_131' title='bbox 1370 1197 1481 1229; x_wconf 85' lang='lat' dir='ltr'><strong>exstat</strong></span> <span class='ocrx_word' id='word_1_132' title='bbox 1503 1204 1586 1227; x_wconf 82' lang='lat' dir='ltr'><strong>san-</strong></span> 
     </span>
     <span class='ocr_line' id='line_1_15' title="bbox 191 1249 1587 1302; baseline -0.004 -10"><span class='ocrx_word' id='word_1_133' title='bbox 191 1263 267 1292; x_wconf 78' lang='lat' dir='ltr'><strong>ctus</strong></span> <span class='ocrx_word' id='word_1_134' title='bbox 291 1258 365 1298; x_wconf 77' lang='lat' dir='ltr'><strong>vir,</strong></span> <span class='ocrx_word' id='word_1_135' title='bbox 400 1267 440 1289; x_wconf 76' lang='lat' dir='ltr'><strong>ex</strong></span> <span class='ocrx_word' id='word_1_136' title='bbox 465 1259 553 1290; x_wconf 82' lang='lat' dir='ltr'><strong>sent.</strong></span> <span class='ocrx_word' id='word_1_137' title='bbox 581 1256 672 1290; x_wconf 87' lang='lat' dir='ltr'><strong><em>amb.</em></strong></span> <span class='ocrx_word' id='word_1_138' title='bbox 720 1255 862 1302; x_wconf 83' lang='lat' dir='ltr'><strong>Integra</strong></span> <span class='ocrx_word' id='word_1_139' title='bbox 885 1260 1004 1292; x_wconf 73' lang='lat' dir='ltr'><strong>autem</strong></span> <span class='ocrx_word' id='word_1_140' title='bbox 1028 1255 1188 1291; x_wconf 73' lang='lat' dir='ltr'>Sallustii</span> <span class='ocrx_word' id='word_1_141' title='bbox 1211 1249 1320 1291; x_wconf 79' lang='lat' dir='ltr'><strong>verba</strong></span> <span class='ocrx_word' id='word_1_142' title='bbox 1342 1260 1486 1291; x_wconf 80' lang='lat' dir='ltr'><strong>servata</strong></span> <span class='ocrx_word' id='word_1_143' title='bbox 1507 1255 1587 1289; x_wconf 79' lang='lat' dir='ltr'><strong>suut</strong></span> 
     </span>
     <span class='ocr_line' id='line_1_16' title="bbox 190 1315 1585 1362; baseline -0.003 -8"><span class='ocrx_word' id='word_1_144' title='bbox 190 1318 227 1354; x_wconf 84' lang='lat' dir='ltr'><strong>iu</strong></span> <span class='ocrx_word' id='word_1_145' title='bbox 255 1318 372 1353; x_wconf 80' lang='lat' dir='ltr'><strong>Guelf.</strong></span> <span class='ocrx_word' id='word_1_146' title='bbox 405 1316 440 1352; x_wconf 82' lang='lat'><strong>9.</strong></span> <span class='ocrx_word' id='word_1_147' title='bbox 474 1316 555 1350; x_wconf 86' lang='lat' dir='ltr'><strong>Seu.</strong></span> <span class='ocrx_word' id='word_1_148' title='bbox 593 1315 628 1351; x_wconf 90' lang='lat'><strong>1.</strong></span> <span class='ocrx_word' id='word_1_149' title='bbox 661 1316 776 1354; x_wconf 77' lang='lat' dir='ltr'><strong>Paris.</strong></span> <span class='ocrx_word' id='word_1_150' title='bbox 803 1330 832 1352; x_wconf 84' lang='lat' dir='ltr'><strong>c.</strong></span> <span class='ocrx_word' id='word_1_151' title='bbox 862 1322 897 1354; x_wconf 89' lang='lat' dir='ltr'><strong>et</strong></span> <span class='ocrx_word' id='word_1_152' title='bbox 919 1319 1033 1354; x_wconf 85' lang='lat' dir='ltr'><strong>Palat.</strong></span> <span class='ocrx_word' id='word_1_153' title='bbox 1057 1318 1090 1353; x_wconf 69' lang='lat'><strong>4.</strong></span> <span class='ocrx_word' id='word_1_154' title='bbox 1119 1317 1186 1351; x_wconf 80' lang='lat' dir='ltr'><strong>nisi</strong></span> <span class='ocrx_word' id='word_1_155' title='bbox 1210 1317 1304 1362; x_wconf 89' lang='lat' dir='ltr'><strong>quod</strong></span> <span class='ocrx_word' id='word_1_156' title='bbox 1327 1317 1388 1351; x_wconf 90' lang='lat' dir='ltr'><strong>hic</strong></span> <span class='ocrx_word' id='word_1_157' title='bbox 1411 1328 1477 1362; x_wconf 85' lang='lat' dir='ltr'><strong>pro</strong></span> <span class='ocrx_word' id='word_1_158' title='bbox 1502 1327 1585 1350; x_wconf 83' lang='lat' dir='ltr'><strong>san-</strong></span> 
     </span>
     <span class='ocr_line' id='line_1_17' title="bbox 190 1377 1587 1423; baseline -0.004 -8"><span class='ocrx_word' id='word_1_159' title='bbox 190 1385 265 1415; x_wconf 82' lang='lat' dir='ltr'><strong>ctus</strong></span> <span class='ocrx_word' id='word_1_160' title='bbox 288 1380 398 1413; x_wconf 87' lang='lat' dir='ltr'><strong>habet</strong></span> <span class='ocrx_word' id='word_1_161' title='bbox 416 1380 550 1422; x_wconf 72' lang='lat' dir='ltr'><strong>factus,</strong></span> <span class='ocrx_word' id='word_1_162' title='bbox 574 1377 758 1412; x_wconf 86' lang='lat' dir='ltr'><strong>oculorum</strong></span> <span class='ocrx_word' id='word_1_163' title='bbox 779 1379 892 1423; x_wconf 81' lang='lat' dir='ltr'><strong>lapsu.</strong></span> <span class='ocrx_word' id='word_1_164' title='bbox 940 1381 994 1414; x_wconf 89' lang='lat' dir='ltr'><strong>De</strong></span> <span class='ocrx_word' id='word_1_165' title='bbox 1016 1380 1055 1414; x_wconf 82' lang='lat' dir='ltr'><strong>vi</strong></span> <span class='ocrx_word' id='word_1_166' title='bbox 1077 1386 1218 1415; x_wconf 82' lang='lat' dir='ltr'><strong>sanctus</strong></span> <span class='ocrx_word' id='word_1_167' title='bbox 1241 1378 1338 1414; x_wconf 73' lang='lat' dir='ltr'><strong>vocis</strong></span> <span class='ocrx_word' id='word_1_168' title='bbox 1362 1389 1396 1412; x_wconf 83' lang='lat' dir='ltr'><strong>v.</strong></span> <span class='ocrx_word' id='word_1_169' title='bbox 1420 1378 1587 1412; x_wconf 76' lang='lat' dir='ltr'><strong>annotata</strong></span> 
     </span>
     <span class='ocr_line' id='line_1_18' title="bbox 187 1437 1584 1489; baseline -0.004 -13"><span class='ocrx_word' id='word_1_170' title='bbox 187 1443 233 1477; x_wconf 85' lang='lat' dir='ltr'><strong>ad</strong></span> <span class='ocrx_word' id='word_1_171' title='bbox 258 1454 288 1476; x_wconf 93' lang='lat' dir='ltr'><strong>c.</strong></span> <span class='ocrx_word' id='word_1_172' title='bbox 312 1440 484 1482; x_wconf 80' lang='lat' dir='ltr'>LXXXV,</span> <span class='ocrx_word' id='word_1_173' title='bbox 508 1437 566 1489; x_wconf 71' lang='grc'><strong>40.</strong></span> <span class='ocrx_word' id='word_1_174' title='bbox 591 1461 636 1465; x_wconf 92' lang='grc'><strong>-</strong></span> <span class='ocrx_word' id='word_1_175' title='bbox 661 1439 716 1473; x_wconf 70' lang='lat' dir='ltr'><strong>Ex</strong></span> <span class='ocrx_word' id='word_1_176' title='bbox 739 1441 913 1475; x_wconf 80' lang='lat' dir='ltr'><strong>sententia</strong></span> <span class='ocrx_word' id='word_1_177' title='bbox 937 1440 1038 1485; x_wconf 82' lang='lat' dir='ltr'><strong>plane</strong></span> <span class='ocrx_word' id='word_1_178' title='bbox 1062 1441 1246 1485; x_wconf 81' lang='lat' dir='ltr'><strong>respondet</strong></span> <span class='ocrx_word' id='word_1_179' title='bbox 1268 1439 1471 1486; x_wconf 84' lang='lat' dir='ltr'><strong>germanico</strong></span> <span class='ocrx_word' id='word_1_180' title='bbox 1493 1438 1584 1472; x_wconf 76' lang='lat' dir='ltr'><strong>nach</strong></span> 
     </span>
     <span class='ocr_line' id='line_1_19' title="bbox 190 1498 1582 1547; baseline -0.003 -10"><span class='ocrx_word' id='word_1_181' title='bbox 190 1504 301 1545; x_wconf 69' lang='lat' dir='ltr'><strong>Simu,</strong></span> <span class='ocrx_word' id='word_1_182' title='bbox 330 1502 421 1536; x_wconf 75' lang='lat' dir='ltr'><strong>uach</strong></span> <span class='ocrx_word' id='word_1_183' title='bbox 461 1500 639 1541; x_wconf 71' lang='lat' dir='ltr'><strong>Wunsch5</strong></span> <span class='ocrx_word' id='word_1_184' title='bbox 669 1512 703 1534; x_wconf 84' lang='lat' dir='ltr'><strong>v.</strong></span> <span class='ocrx_word' id='word_1_185' title='bbox 737 1502 854 1535; x_wconf 81' lang='lat' dir='ltr'><strong>Hand.</strong></span> <span class='ocrx_word' id='word_1_186' title='bbox 888 1502 931 1536; x_wconf 88' lang='lat' dir='ltr'><strong>de</strong></span> <span class='ocrx_word' id='word_1_187' title='bbox 963 1503 1113 1538; x_wconf 70' lang='lat' dir='ltr'><strong>Partica.</strong></span> <span class='ocrx_word' id='word_1_188' title='bbox 1146 1504 1240 1538; x_wconf 69' lang='lat' dir='ltr'><strong>batt.</strong></span> <span class='ocrx_word' id='word_1_189' title='bbox 1272 1501 1350 1537; x_wconf 65' lang='lat' dir='ltr'><strong>Vol.</strong></span> <span class='ocrx_word' id='word_1_190' title='bbox 1373 1501 1418 1536; x_wconf 89' lang='lat'><strong>11.</strong></span> <span class='ocrx_word' id='word_1_191' title='bbox 1443 1512 1477 1545; x_wconf 84' lang='lat' dir='ltr'><strong>p.</strong></span> <span class='ocrx_word' id='word_1_192' title='bbox 1496 1498 1582 1547; x_wconf 15' lang='lat'><strong>³657.</strong></span> 
     </span>
     <span class='ocr_line' id='line_1_20' title="bbox 188 1561 1584 1609; baseline -0.003 -12"><span class='ocrx_word' id='word_1_193' title='bbox 188 1567 222 1607; x_wconf 84' lang='lat'><strong>§.</strong></span> <span class='ocrx_word' id='word_1_194' title='bbox 247 1563 280 1597; x_wconf 83' lang='lat'><strong>6.</strong></span> <span class='ocrx_word' id='word_1_195' title='bbox 304 1562 353 1597; x_wconf 72' lang='lat' dir='ltr'><strong>cf.</strong></span> <span class='ocrx_word' id='word_1_196' title='bbox 374 1562 491 1596; x_wconf 84' lang='lat' dir='ltr'><strong>Plaut.</strong></span> <span class='ocrx_word' id='word_1_197' title='bbox 513 1562 614 1606; x_wconf 69' lang='lat' dir='ltr'><strong>Capt.</strong></span> <span class='ocrx_word' id='word_1_198' title='bbox 637 1562 682 1605; x_wconf 81' lang='grc' dir='ltr'><strong>ΙΙ,</strong></span> <span class='ocrx_word' id='word_1_199' title='bbox 704 1561 739 1604; x_wconf 90' lang='grc'><strong>2,</strong></span> <span class='ocrx_word' id='word_1_200' title='bbox 763 1561 822 1596; x_wconf 80' lang='grc'><strong>96.</strong></span> <span class='ocrx_word' id='word_1_201' title='bbox 880 1563 952 1598; x_wconf 89' lang='lat' dir='ltr'><strong>Nec</strong></span> <span class='ocrx_word' id='word_1_202' title='bbox 976 1564 1181 1609; x_wconf 63' lang='lat' dir='ltr'><strong>quemquam</strong></span> <span class='ocrx_word' id='word_1_203' title='bbox 1195 1564 1396 1608; x_wconf 80' lang='lat' dir='ltr'><strong>fideliorem</strong></span> <span class='ocrx_word' id='word_1_204' title='bbox 1418 1579 1463 1587; x_wconf 87' lang='lat'><strong>—-</strong></span> <span class='ocrx_word' id='word_1_205' title='bbox 1484 1564 1584 1604; x_wconf 76' lang='lat' dir='ltr'><strong>potes</strong></span> 
     </span>
     <span class='ocr_line' id='line_1_21' title="bbox 188 1620 1583 1669; baseline -0.004 -10"><span class='ocrx_word' id='word_1_206' title='bbox 188 1625 327 1660; x_wconf 76' lang='lat' dir='ltr'><strong>mittere</strong></span> <span class='ocrx_word' id='word_1_207' title='bbox 351 1624 400 1658; x_wconf 84' lang='lat' dir='ltr'><strong>ad</strong></span> <span class='ocrx_word' id='word_1_208' title='bbox 425 1633 514 1664; x_wconf 85' lang='lat' dir='ltr'><strong>eum,</strong></span> <span class='ocrx_word' id='word_1_209' title='bbox 539 1634 602 1656; x_wconf 84' lang='lat' dir='ltr'><strong>nec</strong></span> <span class='ocrx_word' id='word_1_210' title='bbox 626 1623 686 1667; x_wconf 81' lang='lat' dir='ltr'><strong>qui</strong></span> <span class='ocrx_word' id='word_1_211' title='bbox 708 1624 826 1669; x_wconf 82' lang='lat' dir='ltr'><strong>magis</strong></span> <span class='ocrx_word' id='word_1_212' title='bbox 848 1625 895 1660; x_wconf 84' lang='lat' dir='ltr'><strong>sit</strong></span> <span class='ocrx_word' id='word_1_213' title='bbox 927 1637 1088 1660; x_wconf 81' lang='lat' dir='ltr'><strong>servos</strong></span> <span class='ocrx_word' id='word_1_214' title='bbox 1120 1637 1172 1660; x_wconf 73' lang='lat' dir='ltr'><strong>ez·</strong></span> <span class='ocrx_word' id='word_1_215' title='bbox 1199 1623 1453 1669; x_wconf 69' lang='lat' dir='ltr'><strong>sententia.</strong></span> <span class='ocrx_word' id='word_1_216' title='bbox 1491 1620 1583 1654; x_wconf 76' lang='lat' dir='ltr'><strong>Gen.</strong></span> 
     </span>
     <span class='ocr_line' id='line_1_22' title="bbox 186 1681 1581 1727; baseline -0.004 -7"><span class='ocrx_word' id='word_1_217' title='bbox 186 1685 247 1727; x_wconf 81' lang='lat' dir='ltr'><strong>lv,</strong></span> <span class='ocrx_word' id='word_1_218' title='bbox 269 1684 329 1718; x_wconf 88' lang='grc'><strong>20.</strong></span> <span class='ocrx_word' id='word_1_219' title='bbox 382 1685 495 1727; x_wconf 77' lang='lat' dir='ltr'><strong>Quum</strong></span> <span class='ocrx_word' id='word_1_220' title='bbox 519 1694 638 1718; x_wconf 78' lang='lat' dir='ltr'><strong>censor</strong></span> <span class='ocrx_word' id='word_1_221' title='bbox 661 1684 824 1719; x_wconf 74' lang='lat' dir='ltr'><strong>dixisset.-</strong></span> <span class='ocrx_word' id='word_1_222' title='bbox 854 1691 888 1720; x_wconf 83' lang='lat' dir='ltr'><strong>et</strong></span> <span class='ocrx_word' id='word_1_223' title='bbox 920 1691 959 1720; x_wconf 83' lang='lat' dir='ltr'><strong>tu</strong></span> <span class='ocrx_word' id='word_1_224' title='bbox 994 1698 1045 1720; x_wconf 70' lang='lat' dir='ltr'><strong>ez·</strong></span> <span class='ocrx_word' id='word_1_225' title='bbox 1072 1687 1223 1720; x_wconf 77' lang='lat' dir='ltr'><strong>animi</strong></span> <span class='ocrx_word' id='word_1_226' title='bbox 1246 1685 1317 1720; x_wconf 82' lang='lat' dir='ltr'><strong>tui</strong></span> <span class='ocrx_word' id='word_1_227' title='bbox 1340 1681 1581 1718; x_wconf 78' lang='lat' dir='ltr'><strong>sententia</strong></span> 
     </span>
     <span class='ocr_line' id='line_1_23' title="bbox 187 1744 1338 1788; baseline -0.001 -8"><span class='ocrx_word' id='word_1_228' title='bbox 187 1756 372 1780; x_wconf 77' lang='lat' dir='ltr'><strong>uxorem</strong></span> <span class='ocrx_word' id='word_1_229' title='bbox 396 1744 532 1778; x_wconf 80' lang='lat' dir='ltr'><strong>habes?</strong></span> <span class='ocrx_word' id='word_1_230' title='bbox 561 1745 607 1780; x_wconf 77' lang='lat' dir='ltr'><strong>cf.</strong></span> <span class='ocrx_word' id='word_1_231' title='bbox 640 1744 747 1779; x_wconf 84' lang='lat' dir='ltr'><strong>etiarn</strong></span> <span class='ocrx_word' id='word_1_232' title='bbox 771 1750 938 1780; x_wconf 86' lang='lat' dir='ltr'><strong>annotata</strong></span> <span class='ocrx_word' id='word_1_233' title='bbox 959 1747 1004 1781; x_wconf 86' lang='lat' dir='ltr'><strong>ad</strong></span> <span class='ocrx_word' id='word_1_234' title='bbox 1027 1759 1058 1780; x_wconf 91' lang='lat' dir='ltr'><strong>c.</strong></span> <span class='ocrx_word' id='word_1_235' title='bbox 1082 1747 1257 1788; x_wconf 72' lang='lat' dir='ltr'>LXXXV,</span> <span class='ocrx_word' id='word_1_236' title='bbox 1281 1746 1338 1780; x_wconf 70' lang='lat'><strong>27.</strong></span> 
     </span>
    </p>

    <p class='ocr_par' dir='ltr' id='par_1_5' title="bbox 184 1803 1580 2828">
     <span class='ocr_line' id='line_1_24' title="bbox 280 1803 1580 1851; baseline -0.003 -10"><span class='ocrx_word' id='word_1_237' title='bbox 280 1807 356 1841; x_wconf 80' lang='lat' dir='ltr'><strong>CX.</strong></span> <span class='ocrx_word' id='word_1_238' title='bbox 395 1808 431 1849; x_wconf 70' lang='lat'><strong>§-</strong></span> <span class='ocrx_word' id='word_1_239' title='bbox 454 1806 487 1842; x_wconf 91' lang='grc'><strong>1.</strong></span> <span class='ocrx_word' id='word_1_240' title='bbox 523 1812 621 1842; x_wconf 81' lang='lat' dir='ltr'><strong>ratus</strong></span> <span class='ocrx_word' id='word_1_241' title='bbox 654 1808 754 1851; x_wconf 89' lang='lat' dir='ltr'><strong>sum]</strong></span> <span class='ocrx_word' id='word_1_242' title='bbox 810 1807 922 1841; x_wconf 82' lang='lat' dir='ltr'>Recte</span> <span class='ocrx_word' id='word_1_243' title='bbox 962 1806 1164 1841; x_wconf 66' lang='lat' dir='ltr'><strong>observavit</strong></span> <span class='ocrx_word' id='word_1_244' title='bbox 1195 1807 1312 1840; x_wconf 83' lang='lat' dir='ltr'><strong>Faber</strong></span> <span class='ocrx_word' id='word_1_245' title='bbox 1351 1805 1441 1839; x_wconf 84' lang='lat' dir='ltr'><strong>haec</strong></span> <span class='ocrx_word' id='word_1_246' title='bbox 1472 1803 1580 1837; x_wconf 80' lang='lat' dir='ltr'><strong>verba</strong></span> 
     </span>
     <span class='ocr_line' id='line_1_25' title="bbox 186 1866 1580 1916; baseline -0.003 -13"><span class='ocrx_word' id='word_1_247' title='bbox 186 1868 388 1916; x_wconf 77' lang='lat' dir='ltr'><strong>germanice</strong></span> <span class='ocrx_word' id='word_1_248' title='bbox 411 1868 578 1901; x_wconf 82' lang='lat' dir='ltr'><strong>vertenda</strong></span> <span class='ocrx_word' id='word_1_249' title='bbox 602 1878 677 1902; x_wconf 85' lang='lat' dir='ltr'><strong>esse</strong></span> <span class='ocrx_word' id='word_1_250' title='bbox 699 1868 755 1901; x_wconf 82' lang='lat' dir='ltr'><strong>ich</strong></span> <span class='ocrx_word' id='word_1_251' title='bbox 779 1868 910 1902; x_wconf 77' lang='lat' dir='ltr'><strong>hc&#39;itte</strong></span> <span class='ocrx_word' id='word_1_252' title='bbox 933 1869 1100 1913; x_wconf 79' lang='lat' dir='ltr'><strong>gedacht.</strong></span> <span class='ocrx_word' id='word_1_253' title='bbox 1146 1869 1248 1903; x_wconf 86' lang='lat' dir='ltr'><strong>Patet</strong></span> <span class='ocrx_word' id='word_1_254' title='bbox 1270 1866 1362 1900; x_wconf 84' lang='lat' dir='ltr'><strong>enim</strong></span> <span class='ocrx_word' id='word_1_255' title='bbox 1386 1866 1580 1900; x_wconf 85' lang='lat' dir='ltr'><strong>Germanos</strong></span> 
     </span>
     <span class='ocr_line' id='line_1_26' title="bbox 186 1927 1580 1974; baseline -0.003 -10"><span class='ocrx_word' id='word_1_256' title='bbox 186 1930 387 1974; x_wconf 77' lang='lat' dir='ltr'><strong>opinionem</strong></span> <span class='ocrx_word' id='word_1_257' title='bbox 411 1940 455 1963; x_wconf 84' lang='lat' dir='ltr'><strong>cx</strong></span> <span class='ocrx_word' id='word_1_258' title='bbox 478 1938 663 1972; x_wconf 79' lang='lat' dir='ltr'><strong>suppressa</strong></span> <span class='ocrx_word' id='word_1_259' title='bbox 685 1927 928 1962; x_wconf 84' lang='lat' dir='ltr'><strong>enunciatione</strong></span> <span class='ocrx_word' id='word_1_260' title='bbox 950 1928 1186 1963; x_wconf 80' lang='lat' dir='ltr'><strong>condicionali</strong></span> <span class='ocrx_word' id='word_1_261' title='bbox 1216 1939 1418 1971; x_wconf 76' lang='lat' dir='ltr'><strong>suspensam</strong></span> <span class='ocrx_word' id='word_1_262' title='bbox 1441 1927 1580 1968; x_wconf 77' lang='lat' dir='ltr'><strong>efferre,</strong></span> 
     </span>
     <span class='ocr_line' id='line_1_27' title="bbox 185 1988 1580 2035; baseline -0.003 -10"><span class='ocrx_word' id='word_1_263' title='bbox 185 2002 294 2035; x_wconf 84' lang='lat' dir='ltr'><strong>quam</strong></span> <span class='ocrx_word' id='word_1_264' title='bbox 325 1991 363 2024; x_wconf 90' lang='lat' dir='ltr'><strong>h.</strong></span> <span class='ocrx_word' id='word_1_265' title='bbox 396 1990 423 2023; x_wconf 89' lang='lat'><strong>1.</strong></span> <span class='ocrx_word' id='word_1_266' title='bbox 456 1989 508 2024; x_wconf 86' lang='lat' dir='ltr'><strong>sic</strong></span> <span class='ocrx_word' id='word_1_267' title='bbox 536 1989 619 2024; x_wconf 88' lang='lat' dir='ltr'><strong>licet</strong></span> <span class='ocrx_word' id='word_1_268' title='bbox 652 1989 857 2034; x_wconf 79' lang='lat' dir='ltr'><strong>concipere:</strong></span> <span class='ocrx_word' id='word_1_269' title='bbox 890 1990 920 2024; x_wconf 85' lang='lat' dir='ltr'><strong>si</strong></span> <span class='ocrx_word' id='word_1_270' title='bbox 951 1990 1026 2035; x_wconf 81' lang='lat' dir='ltr'><strong>quis</strong></span> <span class='ocrx_word' id='word_1_271' title='bbox 1060 1990 1143 2024; x_wconf 77' lang='lat' dir='ltr'><strong>talis</strong></span> <span class='ocrx_word' id='word_1_272' title='bbox 1174 1990 1227 2024; x_wconf 79' lang='lat' dir='ltr'><strong>rei</strong></span> <span class='ocrx_word' id='word_1_273' title='bbox 1256 2001 1309 2023; x_wconf 84' lang='lat' dir='ltr'><strong>me</strong></span> <span class='ocrx_word' id='word_1_274' title='bbox 1334 1988 1580 2022; x_wconf 79' lang='lat' dir='ltr'><strong>admonuisset.</strong></span> 
     </span>
     <span class='ocr_line' id='line_1_28' title="bbox 184 2049 1578 2095; baseline -0.004 -9"><span class='ocrx_word' id='word_1_275' title='bbox 184 2052 256 2086; x_wconf 83' lang='lat' dir='ltr'><strong>Sed</strong></span> <span class='ocrx_word' id='word_1_276' title='bbox 280 2055 401 2086; x_wconf 84' lang='lat' dir='ltr'><strong>contra</strong></span> <span class='ocrx_word' id='word_1_277' title='bbox 424 2055 476 2085; x_wconf 86' lang='lat' dir='ltr'><strong>est</strong></span> <span class='ocrx_word' id='word_1_278' title='bbox 499 2050 592 2095; x_wconf 87' lang='lat' dir='ltr'><strong>apud</strong></span> <span class='ocrx_word' id='word_1_279' title='bbox 616 2050 778 2092; x_wconf 85' lang='lat' dir='ltr'><strong>Latinos,</strong></span> <span class='ocrx_word' id='word_1_280' title='bbox 806 2050 867 2094; x_wconf 88' lang='lat' dir='ltr'><strong>qui</strong></span> <span class='ocrx_word' id='word_1_281' title='bbox 890 2049 1055 2094; x_wconf 84' lang='lat' dir='ltr'><strong>opinandi</strong></span> <span class='ocrx_word' id='word_1_282' title='bbox 1078 2051 1252 2085; x_wconf 84' lang='lat' dir='ltr'><strong>rationem</strong></span> <span class='ocrx_word' id='word_1_283' title='bbox 1275 2061 1337 2093; x_wconf 78' lang='lat' dir='ltr'><strong>per</strong></span> <span class='ocrx_word' id='word_1_284' title='bbox 1359 2060 1396 2083; x_wconf 82' lang='lat' dir='ltr'><strong>se</strong></span> <span class='ocrx_word' id='word_1_285' title='bbox 1419 2051 1578 2092; x_wconf 78' lang='lat' dir='ltr'><strong>spectan-</strong></span> 
     </span>
     <span class='ocr_line' id='line_1_29' title="bbox 185 2111 1579 2155; baseline -0.001 -9"><span class='ocrx_word' id='word_1_286' title='bbox 185 2116 237 2147; x_wconf 82' lang='lat' dir='ltr'><strong>tes</strong></span> <span class='ocrx_word' id='word_1_287' title='bbox 261 2111 452 2146; x_wconf 80' lang='lat' dir='ltr'><strong>indicativo</strong></span> <span class='ocrx_word' id='word_1_288' title='bbox 475 2116 633 2147; x_wconf 85' lang='lat' dir='ltr'><strong>utuntur.</strong></span> <span class='ocrx_word' id='word_1_289' title='bbox 674 2112 721 2146; x_wconf 73' lang='lat' dir='ltr'><strong>ct&#39;.</strong></span> <span class='ocrx_word' id='word_1_290' title='bbox 750 2122 857 2155; x_wconf 85' lang='lat' dir='ltr'><strong>supra</strong></span> <span class='ocrx_word' id='word_1_291' title='bbox 879 2123 910 2146; x_wconf 92' lang='lat' dir='ltr'><strong>c.</strong></span> <span class='ocrx_word' id='word_1_292' title='bbox 935 2111 1005 2153; x_wconf 75' lang='lat' dir='ltr'><strong>xl,</strong></span> <span class='ocrx_word' id='word_1_293' title='bbox 1030 2111 1065 2145; x_wconf 76' lang='lat'><strong>7.</strong></span> <span class='ocrx_word' id='word_1_294' title='bbox 1084 2146 1087 2149; x_wconf 70' lang='grc'><strong>,</strong></span> <span class='ocrx_word' id='word_1_295' title='bbox 1115 2113 1214 2154; x_wconf 80' lang='lat' dir='ltr'><strong>Quod</strong></span> <span class='ocrx_word' id='word_1_296' title='bbox 1237 2112 1377 2145; x_wconf 83' lang='lat' dir='ltr'><strong>verbum</strong></span> <span class='ocrx_word' id='word_1_297' title='bbox 1400 2111 1437 2145; x_wconf 79' lang='lat' dir='ltr'><strong>in</strong></span> <span class='ocrx_word' id='word_1_298' title='bbox 1457 2114 1579 2155; x_wconf 77' lang='lat' dir='ltr'><strong>pectus</strong></span> 
     </span>
     <span class='ocr_line' id='line_1_30' title="bbox 185 2169 1578 2218; baseline -0.003 -12"><span class='ocrx_word' id='word_1_299' title='bbox 185 2173 383 2218; x_wconf 78' lang='lat' dir='ltr'><strong>Iugurthae</strong></span> <span class='ocrx_word' id='word_1_300' title='bbox 407 2173 536 2217; x_wconf 78' lang='lat' dir='ltr'><strong>altius,</strong></span> <span class='ocrx_word' id='word_1_301' title='bbox 564 2184 669 2218; x_wconf 82' lang='lat' dir='ltr'><strong>quam</strong></span> <span class='ocrx_word' id='word_1_302' title='bbox 693 2174 875 2218; x_wconf 76' lang='lat' dir='ltr'><strong>quisquam</strong></span> <span class='ocrx_word' id='word_1_303' title='bbox 899 2178 1039 2208; x_wconf 78' lang='lat' dir='ltr'><strong>ratus</strong></span> <span class='ocrx_word' id='word_1_304' title='bbox 1061 2179 1182 2214; x_wconf 79' lang='lat' dir='ltr'><strong>erat,</strong></span> <span class='ocrx_word' id='word_1_305' title='bbox 1214 2172 1402 2206; x_wconf 79' lang='lat' dir='ltr'><strong>descendit.</strong></span> <span class='ocrx_word' id='word_1_306' title='bbox 1437 2170 1510 2206; x_wconf 88' lang='lat' dir='ltr'><strong>Cic.</strong></span> <span class='ocrx_word' id='word_1_307' title='bbox 1534 2169 1578 2202; x_wconf 85' lang='lat' dir='ltr'><strong>de</strong></span> 
     </span>
     <span class='ocr_line' id='line_1_31' title="bbox 185 2230 1577 2280; baseline -0.002 -12"><span class='ocrx_word' id='word_1_308' title='bbox 185 2233 259 2268; x_wconf 74' lang='lat' dir='ltr'><strong>Off.</strong></span> <span class='ocrx_word' id='word_1_309' title='bbox 285 2235 314 2275; x_wconf 87' lang='lat'><strong>1,</strong></span> <span class='ocrx_word' id='word_1_310' title='bbox 337 2233 397 2269; x_wconf 87' lang='grc'><strong>23.</strong></span> <span class='ocrx_word' id='word_1_311' title='bbox 423 2233 481 2277; x_wconf 88' lang='grc'><strong>81,</strong></span> <span class='ocrx_word' id='word_1_312' title='bbox 529 2235 657 2280; x_wconf 79' lang='lat' dir='ltr'><strong>lngeui</strong></span> <span class='ocrx_word' id='word_1_313' title='bbox 679 2235 802 2280; x_wconf 78' lang='lat' dir='ltr'><strong>magni</strong></span> <span class='ocrx_word' id='word_1_314' title='bbox 827 2240 877 2268; x_wconf 83' lang='lat' dir='ltr'><strong>cst</strong></span> <span class='ocrx_word' id='word_1_315' title='bbox 901 2246 968 2267; x_wconf 84' lang='grc' dir='ltr'><strong>ποη</strong></span> <span class='ocrx_word' id='word_1_316' title='bbox 991 2235 1219 2276; x_wconf 79' lang='lat' dir='ltr'><strong>committere,</strong></span> <span class='ocrx_word' id='word_1_317' title='bbox 1246 2239 1284 2268; x_wconf 83' lang='lat' dir='ltr'><strong>ut</strong></span> <span class='ocrx_word' id='word_1_318' title='bbox 1310 2232 1497 2278; x_wconf 74' lang='lat' dir='ltr'><strong>aliquando</strong></span> <span class='ocrx_word' id='word_1_319' title='bbox 1521 2230 1577 2265; x_wconf 74' lang='lat' dir='ltr'><strong>di-</strong></span> 
     </span>
     <span class='ocr_line' id='line_1_32' title="bbox 185 2293 1576 2342; baseline -0.001 -13"><span class='ocrx_word' id='word_1_320' title='bbox 185 2296 329 2329; x_wconf 78' lang='lat' dir='ltr'><strong>cendum</strong></span> <span class='ocrx_word' id='word_1_321' title='bbox 353 2296 418 2329; x_wconf 77' lang='lat' dir='ltr'><strong>sit.-</strong></span> <span class='ocrx_word' id='word_1_322' title='bbox 442 2307 526 2330; x_wconf 71' lang='lat' dir='ltr'><strong>rto-n</strong></span> <span class='ocrx_word' id='word_1_323' title='bbox 549 2302 790 2341; x_wconf 79' lang='lat' dir='ltr'><strong>putaram,-</strong></span> <span class='ocrx_word' id='word_1_324' title='bbox 816 2295 877 2329; x_wconf 89' lang='lat' dir='ltr'><strong>ubi</strong></span> <span class='ocrx_word' id='word_1_325' title='bbox 902 2295 1047 2342; x_wconf 72' lang='lat' dir='ltr'><strong>Beicrus</strong></span> <span class='ocrx_word' id='word_1_326' title='bbox 1070 2295 1217 2329; x_wconf 84' lang='lat' dir='ltr'><strong>contulit</strong></span> <span class='ocrx_word' id='word_1_327' title='bbox 1239 2295 1362 2330; x_wconf 85' lang='lat' dir='ltr'><strong>Scncc.</strong></span> <span class='ocrx_word' id='word_1_328' title='bbox 1386 2295 1428 2327; x_wconf 89' lang='lat' dir='ltr'><strong>de</strong></span> <span class='ocrx_word' id='word_1_329' title='bbox 1451 2294 1508 2328; x_wconf 87' lang='lat' dir='ltr'><strong>Ira</strong></span> <span class='ocrx_word' id='word_1_330' title='bbox 1530 2293 1576 2334; x_wconf 84' lang='grc' dir='ltr'><strong>Π,</strong></span> 
     </span>
     <span class='ocr_line' id='line_1_33' title="bbox 187 2355 1577 2400; baseline -0.002 -10"><span class='ocrx_word' id='word_1_331' title='bbox 187 2356 245 2391; x_wconf 82' lang='grc'><strong>31.</strong></span> <span class='ocrx_word' id='word_1_332' title='bbox 270 2361 304 2391; x_wconf 83' lang='lat' dir='ltr'><strong>et</strong></span> <span class='ocrx_word' id='word_1_333' title='bbox 328 2357 442 2391; x_wconf 80' lang='lat' dir='ltr'><strong>Valer.</strong></span> <span class='ocrx_word' id='word_1_334' title='bbox 465 2359 562 2392; x_wconf 81' lang='lat' dir='ltr'><strong>Max.</strong></span> <span class='ocrx_word' id='word_1_335' title='bbox 586 2358 660 2400; x_wconf 84' lang='lat' dir='ltr'><strong>vn,</strong></span> <span class='ocrx_word' id='word_1_336' title='bbox 682 2358 719 2400; x_wconf 91' lang='grc'><strong>2,</strong></span> <span class='ocrx_word' id='word_1_337' title='bbox 744 2358 778 2391; x_wconf 92' lang='grc'><strong>2.</strong></span> <span class='ocrx_word' id='word_1_338' title='bbox 816 2357 947 2391; x_wconf 69' lang='lat' dir='ltr'><strong>Eadem</strong></span> <span class='ocrx_word' id='word_1_339' title='bbox 971 2357 1093 2391; x_wconf 61' lang='lat' dir='ltr'><strong>caussa</strong></span> <span class='ocrx_word' id='word_1_340' title='bbox 1117 2355 1239 2390; x_wconf 87' lang='lat' dir='ltr'><strong>nititur</strong></span> <span class='ocrx_word' id='word_1_341' title='bbox 1261 2355 1470 2389; x_wconf 74' lang='lat' dir='ltr'><strong>indicativus</strong></span> <span class='ocrx_word' id='word_1_342' title='bbox 1493 2365 1577 2388; x_wconf 76' lang='lat' dir='ltr'><strong>ver-</strong></span> 
     </span>
     <span class='ocr_line' id='line_1_34' title="bbox 185 2415 1573 2462; baseline -0.001 -11"><span class='ocrx_word' id='word_1_343' title='bbox 185 2418 311 2451; x_wconf 85' lang='lat' dir='ltr'><strong>borum</strong></span> <span class='ocrx_word' id='word_1_344' title='bbox 333 2429 446 2462; x_wconf 76' lang='lat' dir='ltr'><strong>posse,</strong></span> <span class='ocrx_word' id='word_1_345' title='bbox 471 2419 606 2461; x_wconf 78' lang='lat' dir='ltr'><strong>debere,</strong></span> <span class='ocrx_word' id='word_1_346' title='bbox 631 2422 665 2452; x_wconf 85' lang='lat' dir='ltr'><strong>ct</strong></span> <span class='ocrx_word' id='word_1_347' title='bbox 688 2417 872 2458; x_wconf 84' lang='lat' dir='ltr'><strong>similium,</strong></span> <span class='ocrx_word' id='word_1_348' title='bbox 895 2418 938 2450; x_wconf 82' lang='lat' dir='ltr'><strong>de</strong></span> <span class='ocrx_word' id='word_1_349' title='bbox 961 2417 1086 2461; x_wconf 79' lang='lat' dir='ltr'><strong>quibus</strong></span> <span class='ocrx_word' id='word_1_350' title='bbox 1112 2416 1263 2451; x_wconf 78' lang='lat' dir='ltr'><strong>diximus</strong></span> <span class='ocrx_word' id='word_1_351' title='bbox 1287 2417 1330 2450; x_wconf 85' lang='lat' dir='ltr'><strong>ad</strong></span> <span class='ocrx_word' id='word_1_352' title='bbox 1354 2429 1383 2450; x_wconf 91' lang='lat' dir='ltr'><strong>c.</strong></span> <span class='ocrx_word' id='word_1_353' title='bbox 1409 2416 1513 2457; x_wconf 80' lang='lat' dir='ltr'>XCV,</span> <span class='ocrx_word' id='word_1_354' title='bbox 1539 2415 1573 2450; x_wconf 80' lang='lat'><strong>3.</strong></span> 
     </span>
     <span class='ocr_line' id='line_1_35' title="bbox 184 2475 1573 2522; baseline -0.002 -11"><span class='ocrx_word' id='word_1_355' title='bbox 184 2479 229 2511; x_wconf 73' lang='lat' dir='ltr'><strong>cf.</strong></span> <span class='ocrx_word' id='word_1_356' title='bbox 258 2479 474 2514; x_wconf 81' lang='lat' dir='ltr'><strong>Ramshorn.</strong></span> <span class='ocrx_word' id='word_1_357' title='bbox 506 2480 668 2514; x_wconf 70' lang='lat' dir='ltr'><strong>Gratum.</strong></span> <span class='ocrx_word' id='word_1_358' title='bbox 699 2480 776 2514; x_wconf 77' lang='lat' dir='ltr'><strong>Lat.</strong></span> <span class='ocrx_word' id='word_1_359' title='bbox 810 2481 842 2521; x_wconf 80' lang='lat'><strong>§-</strong></span> <span class='ocrx_word' id='word_1_360' title='bbox 870 2478 950 2513; x_wconf 81' lang='lat'><strong>166.</strong></span> <span class='ocrx_word' id='word_1_361' title='bbox 978 2478 1014 2519; x_wconf 89' lang='grc'><strong>2,</strong></span> <span class='ocrx_word' id='word_1_362' title='bbox 1038 2491 1068 2514; x_wconf 89' lang='lat' dir='ltr'><strong>c.</strong></span> <span class='ocrx_word' id='word_1_363' title='bbox 1092 2480 1164 2514; x_wconf 89' lang='lat' dir='ltr'><strong>not.</strong></span> <span class='ocrx_word' id='word_1_364' title='bbox 1188 2489 1221 2522; x_wconf 75' lang='grc' dir='ltr'><strong>μ.</strong></span> <span class='ocrx_word' id='word_1_365' title='bbox 1246 2476 1327 2511; x_wconf 85' lang='grc'><strong>410.</strong></span> <span class='ocrx_word' id='word_1_366' title='bbox 1351 2477 1404 2510; x_wconf 85' lang='lat' dir='ltr'><strong>cd.</strong></span> <span class='ocrx_word' id='word_1_367' title='bbox 1430 2477 1457 2511; x_wconf 89' lang='lat'><strong>1.</strong></span> <span class='ocrx_word' id='word_1_368' title='bbox 1481 2475 1573 2520; x_wconf 80' lang='lat' dir='ltr'><strong>Aug.</strong></span> 
     </span>
     <span class='ocr_line' id='line_1_36' title="bbox 185 2535 1571 2583; baseline -0.001 -11"><span class='ocrx_word' id='word_1_369' title='bbox 185 2538 393 2573; x_wconf 84' lang='lat' dir='ltr'><strong>Gr’otcscndi</strong></span> <span class='ocrx_word' id='word_1_370' title='bbox 424 2541 586 2575; x_wconf 87' lang='lat' dir='ltr'><strong>Gramm.</strong></span> <span class='ocrx_word' id='word_1_371' title='bbox 621 2540 698 2574; x_wconf 88' lang='lat' dir='ltr'><strong>Lat.</strong></span> <span class='ocrx_word' id='word_1_372' title='bbox 731 2540 843 2574; x_wconf 80' lang='lat' dir='ltr'><strong>schol.</strong></span> <span class='ocrx_word' id='word_1_373' title='bbox 878 2540 912 2581; x_wconf 84' lang='lat'><strong>§.</strong></span> <span class='ocrx_word' id='word_1_374' title='bbox 942 2538 1022 2575; x_wconf 69' lang='lat'><strong>184.</strong></span> <span class='ocrx_word' id='word_1_375' title='bbox 1047 2551 1081 2583; x_wconf 77' lang='lat'><strong>1).</strong></span> <span class='ocrx_word' id='word_1_376' title='bbox 1106 2538 1186 2573; x_wconf 82' lang='grc'><strong>150.</strong></span> <span class='ocrx_word' id='word_1_377' title='bbox 1211 2557 1257 2563; x_wconf 91' lang='grc'>-</span> <span class='ocrx_word' id='word_1_378' title='bbox 1288 2538 1327 2571; x_wconf 87' lang='grc' dir='ltr'><strong>1η</strong></span> <span class='ocrx_word' id='word_1_379' title='bbox 1352 2536 1470 2571; x_wconf 79' lang='lat' dir='ltr'><strong>multis</strong></span> <span class='ocrx_word' id='word_1_380' title='bbox 1493 2535 1571 2571; x_wconf 86' lang='lat' dir='ltr'><strong>edd.</strong></span> 
     </span>
     <span class='ocr_line' id='line_1_37' title="bbox 185 2596 1572 2645; baseline -0.003 -12"><span class='ocrx_word' id='word_1_381' title='bbox 185 2600 271 2633; x_wconf 91' lang='lat' dir='ltr'><strong>olim</strong></span> <span class='ocrx_word' id='word_1_382' title='bbox 297 2604 377 2644; x_wconf 84' lang='lat' dir='ltr'><strong>post</strong></span> <span class='ocrx_word' id='word_1_383' title='bbox 400 2602 481 2635; x_wconf 83' lang='lat' dir='ltr'><strong>novi</strong></span> <span class='ocrx_word' id='word_1_384' title='bbox 504 2601 697 2635; x_wconf 78' lang='lat' dir='ltr'><strong>addebatur</strong></span> <span class='ocrx_word' id='word_1_385' title='bbox 728 2601 1021 2645; x_wconf 75' lang='lat' dir='ltr'><strong>opulentissimus,</strong></span> <span class='ocrx_word' id='word_1_386' title='bbox 1056 2599 1149 2644; x_wconf 85' lang='lat' dir='ltr'><strong>quod</strong></span> <span class='ocrx_word' id='word_1_387' title='bbox 1181 2610 1390 2642; x_wconf 84' lang='lat' dir='ltr'><strong>quamquam</strong></span> <span class='ocrx_word' id='word_1_388' title='bbox 1415 2597 1451 2631; x_wconf 87' lang='lat' dir='ltr'><strong>in</strong></span> <span class='ocrx_word' id='word_1_389' title='bbox 1475 2596 1572 2629; x_wconf 83' lang='lat' dir='ltr'><strong>nullo</strong></span> 
     </span>
     <span class='ocr_line' id='line_1_38' title="bbox 185 2656 1570 2706; baseline -0.003 -13"><span class='ocrx_word' id='word_1_390' title='bbox 185 2660 263 2694; x_wconf 85' lang='lat' dir='ltr'><strong>cod.</strong></span> <span class='ocrx_word' id='word_1_391' title='bbox 298 2661 429 2706; x_wconf 85' lang='lat' dir='ltr'><strong>legitur</strong></span> <span class='ocrx_word' id='word_1_392' title='bbox 461 2665 496 2696; x_wconf 84' lang='lat' dir='ltr'><strong>ct</strong></span> <span class='ocrx_word' id='word_1_393' title='bbox 529 2661 731 2695; x_wconf 72' lang='lat' dir='ltr'><strong>recentioris</strong></span> <span class='ocrx_word' id='word_1_394' title='bbox 766 2664 817 2695; x_wconf 79' lang='lat' dir='ltr'><strong>cst</strong></span> <span class='ocrx_word' id='word_1_395' title='bbox 850 2660 1128 2705; x_wconf 76' lang='lat' dir='ltr'><strong>interpolatoris,</strong></span> <span class='ocrx_word' id='word_1_396' title='bbox 1167 2664 1283 2694; x_wconf 75' lang='lat' dir='ltr'><strong>tamen</strong></span> <span class='ocrx_word' id='word_1_397' title='bbox 1312 2661 1488 2701; x_wconf 74' lang='lat' dir='ltr'><strong>receptum</strong></span> <span class='ocrx_word' id='word_1_398' title='bbox 1524 2656 1570 2690; x_wconf 86' lang='lat' dir='ltr'><strong>ab</strong></span> 
     </span>
     <span class='ocr_line' id='line_1_39' title="bbox 186 2718 1568 2767; baseline -0.002 -13"><span class='ocrx_word' id='word_1_399' title='bbox 186 2721 292 2765; x_wconf 79' lang='lat' dir='ltr'><strong>Bipp.</strong></span> <span class='ocrx_word' id='word_1_400' title='bbox 317 2722 501 2763; x_wconf 83' lang='lat' dir='ltr'><strong>Mucllcro,</strong></span> <span class='ocrx_word' id='word_1_401' title='bbox 525 2722 662 2767; x_wconf 71' lang='lat' dir='ltr'><strong>hangio</strong></span> <span class='ocrx_word' id='word_1_402' title='bbox 686 2726 722 2756; x_wconf 75' lang='lat' dir='ltr'><strong>ct</strong></span> <span class='ocrx_word' id='word_1_403' title='bbox 746 2721 891 2756; x_wconf 77' lang='lat' dir='ltr'><strong>Weisio.</strong></span> <span class='ocrx_word' id='word_1_404' title='bbox 938 2721 1084 2756; x_wconf 82' lang='lat' dir='ltr'><strong>Scilicet</strong></span> <span class='ocrx_word' id='word_1_405' title='bbox 1109 2731 1176 2755; x_wconf 91' lang='lat' dir='ltr'><strong>non</strong></span> <span class='ocrx_word' id='word_1_406' title='bbox 1201 2724 1365 2755; x_wconf 86' lang='lat' dir='ltr'><strong>curarunt</strong></span> <span class='ocrx_word' id='word_1_407' title='bbox 1389 2718 1455 2759; x_wconf 84' lang='lat' dir='ltr'><strong>illi,</strong></span> <span class='ocrx_word' id='word_1_408' title='bbox 1477 2718 1568 2762; x_wconf 87' lang='lat' dir='ltr'><strong>quod</strong></span> 
     </span>
     <span class='ocr_line' id='line_1_40' title="bbox 187 2779 1568 2828; baseline -0.001 -13"><span class='ocrx_word' id='word_1_409' title='bbox 187 2782 326 2818; x_wconf 76' lang='lat' dir='ltr'><strong>cortina</strong></span> <span class='ocrx_word' id='word_1_410' title='bbox 349 2786 441 2817; x_wconf 84' lang='lat' dir='ltr'><strong>recte</strong></span> <span class='ocrx_word' id='word_1_411' title='bbox 465 2783 588 2825; x_wconf 81' lang='lat' dir='ltr'><strong>sensit,</strong></span> <span class='ocrx_word' id='word_1_412' title='bbox 612 2783 692 2828; x_wconf 85' lang='lat' dir='ltr'><strong>qui:</strong></span> <span class='ocrx_word' id='word_1_413' title='bbox 727 2782 926 2826; x_wconf 74' lang='lat' dir='ltr'><strong>„vecordia</strong></span> <span class='ocrx_word' id='word_1_414' title='bbox 948 2783 1061 2826; x_wconf 77' lang='lat' dir='ltr'><strong>roret,</strong></span> <span class='ocrx_word' id='word_1_415' title='bbox 1083 2781 1212 2827; x_wconf 81' lang='lat' dir='ltr'><strong>inquit,</strong></span> <span class='ocrx_word' id='word_1_416' title='bbox 1244 2781 1276 2816; x_wconf 84' lang='lat' dir='ltr'><strong>ci</strong></span> <span class='ocrx_word' id='word_1_417' title='bbox 1300 2779 1471 2815; x_wconf 71' lang='lat' dir='ltr'><strong>vocabulo</strong></span> <span class='ocrx_word' id='word_1_418' title='bbox 1493 2789 1568 2814; x_wconf 78' lang='lat' dir='ltr'><strong>am-</strong></span> 
     </span>
    </p>
   </div>
  </div>
 </body>
</html>
