1630 3034
390 165 751 210 IUGURTHA.
813 166 938 208 (ΖΑΓ.
969 167 1219 210 LXXXIV.
1403 174 1488 215 437

105 283 236 342 gulos
272 283 438 340 modo,
477 282 613 327 modo
649 282 877 326 univorsos
912 282 1116 337 laedere3
1152 283 1353 329 dictitare
1387 300 1485 330 sese

103 379 381 424 consulatum
433 395 487 424 ex
521 379 644 424 victis
690 378 773 422 illis
813 378 957 438 spolia
992 379 1186 440 cepisse;
1227 381 1312 425 alia
1347 396 1482 441 prae—

101 527 198 561 Plebs
232 527 295 563 Cn.
320 528 475 563 Cornelio
501 528 700 563 Lentulo
724 533 760 563 et
791 528 833 564 L.
859 528 1084 563 Stertinio
1106 539 1170 573 pro
1192 531 1382 565 consulibus
1397 523 1481 566 'im-

93 588 270 631 perium
305 600 400 623 esse
431 589 584 623 iussit.
609 588 671 630 IX,
695 586 753 629 45,
772 587 806 622 8.
857 588 1009 632 Populus
1033 588 1133 623 Rom.
1164 590 1326 624 bellum
1359 592 1481 634 fieri

95 649 264 693 Aequis
295 649 445 683 iussit.
494 648 564 681 Sed
596 648 674 691 quis
707 659 775 681 non
799 647 911 689 videt,
936 648 971 683 in
995 648 1051 682 his
1074 649 1240 692 exemplis
1264 650 1380 684 iubere
1403 651 1476 685 vim
1534 664 1540 667 “

93 708 224 742 habero
257 709 358 743 verbi
396 709 489 753 quod
529 708 650 742 dicunt
683 708 916 742 declarandi?
962 709 1066 752 Quod
1097 721 1204 753 quum
1234 710 1393 754 legitime
1423 723 1474 745 se-

91 771 217 811 quatur
241 769 461 803 accusativus
484 781 564 803 cum
588 768 760 803 infinitivo
775 794 784 810 ,
810 768 949 803 dativus
971 769 1038 804 rite
1060 771 1185 813 pendet
1208 781 1248 804 ex
1269 770 1338 804 hoc
1360 770 1476 806 infini-

92 828 186 870 tivo,
209 841 278 863 non
301 841 342 864 ex
373 831 503 865 iubere.
549 831 677 865 Contra
700 829 766 863 illa
788 828 970 873 superiora
992 829 1042 864 ita
1066 834 1146 865 sunt
1175 834 1399 875 comparata,
1436 837 1476 867 ut

91 889 209 924 iubere
232 894 401 933 potestate
423 890 599 926 transitiva·
621 889 720 924 verbi
747 889 943 933 simplicem
967 889 1204 926 accusativum
1227 890 1354 925 obiecti
1375 897 1475 940 regat

89 953 124 982 et
147 949 252 987 simul
277 962 348 995 qua
379 950 516 985 ratione
548 950 602 992 id,
635 951 728 995 quod
751 949 980 992 enunciatur‚
1014 951 1059 984 ad
1082 962 1266 994 personam
1290 953 1474 996 pertineat,

86 1009 204 1045 addito
227 1011 366 1056 dativo,
390 1011 588 1046 remotioris
612 1011 739 1046 obiecti
763 1021 868 1052 casu,
893 1010 1062 1055 designet.
1109 1012 1228 1054 Quare
1249 1023 1357 1056 quum
1373 1017 1473 1048 utra-

84 1081 153 1113 que
183 1074 359 1106 structura
393 1083 472 1106 cum
500 1071 644 1107 Latinae
675 1072 818 1117 linguae
841 1071 980 1116 legibus
1003 1072 1208 1115 conveniat,
1240 1071 1472 1107 inconsultum

84 1133 136 1164 est
158 1131 305 1166 alteram
330 1133 376 1166 ad
399 1144 558 1167 normam
582 1132 726 1167 alterius
749 1132 890 1177 exigere
913 1132 1011 1166 velle.

176 1223 249 1254 tam
278 1224 385 1263 vero]
425 1221 512 1256 Vero
545 1231 626 1255 cum
659 1220 697 1255 vi
736 1220 838 1255 effert
868 1224 942 1254 tum
975 1230 1120 1262 vocem,
1158 1221 1256 1255 utin
1280 1224 1471 1258 vernacula

75 1279 170 1323 jetzt
202 1291 319 1325 ganz
351 1281 637 1323 besonder83
668 1282 716 1315 cf.
748 1281 825 1315 Cat.
860 1291 890 1313 c.
915 1279 1017 1320 LXI,
1050 1279 1084 1313 1.
1113 1284 1187 1314 tum
1209 1293 1289 1317 vero
1313 1275 1470 1319 cerneres

81 1344 147 1375 etc.
184 1341 293 1376 Plura
324 1341 475 1376 diximus
507 1342 550 1376 ad
587 1342 665 1376 Cat.
700 1339 856 1383 L11,15.
884 1358 927 1364 —
962 1340 1140 1374 Multus
1166 1347 1272 1387 atque
1287 1346 1391 1387 ferox
1414 1345 1468 1378 in-

79 1405 172 1435 stare
195 1401 374 1448 bangius,
398 1403 589 1436 Muellerus
613 1405 649 1436 et
671 1402 884 1436 laumannus
907 1399 1082 1444 explicant
1106 1412 1248 1446 saepe
1281 1408 1314 1438 et
1336 1406 1467 1447 feroci-

78 1466 132 1496 ter
155 1461 236 1497 inst.
289 1463 359 1497 sed
391 1463 554 1508 temporis
585 1461 682 1496 notio
713 1471 735 1495 a
766 1471 853 1493 voce
884 1459 1012 1493 multus
1041 1461 1158 1495 aliena
1180 1466 1241 1497 est.
1290 1463 1467 1508 Quocirca

77 1521 345 1566 interpretamur
375 1525 518 1559 modum
554 1522 720 1557 excedens
739 1546 751 1563 ,
791 1519 1022 1562 immodicus,
1065 1521 1134 1555 sibi
1170 1521 1194 1557 i.
1227 1535 1258 1557 e.
1291 1525 1371 1560 odio
1403 1537 1466 1560 suo

76 1594 144 1616 non
177 1586 384 1626 temperans.
431 1585 485 1618 De
515 1585 652 1618 ratione
683 1580 847 1617 adiectivi
878 1591 941 1624 pro
980 1581 1147 1615 adverbio
1179 1584 1283 1626 positi
1306 1597 1340 1619 v,
1365 1586 1409 1620 ad
1432 1599 1461 1621 c.

76 1644 268 1685 XXXVIII,
290 1644 324 1681 1.
350 1664 396 1670 —
419 1645 507 1679 Ante
530 1645 643 1690 spolia
666 1643 703 1677 in
726 1641 860 1685 aliquot
883 1641 983 1675 codd.
1009 1643 1111 1685 quasi
1141 1642 1298 1680 additum
1322 1647 1464 1692 legitur,

73 1714 165 1746 quae
195 1715 263 1737 vox
297 1703 506 1740 insolentiae
545 1716 587 1740 ac
618 1702 770 1738 ferociae
803 1700 910 1735 Marii
941 1701 1087 1735 minime
1119 1706 1301 1750 convenit,
1335 1708 1464 1751 quippe

71 1774 142 1808 qua
164 1764 296 1798 molliri
328 1767 438 1801 soleat
469 1766 498 1800 si
532 1766 615 1811 quid
645 1763 682 1798 in
711 1762 830 1805 aliquo
865 1763 1040 1796 vocabulo
1063 1763 1188 1797 durum
1213 1771 1274 1800 aut
1296 1769 1461 1802 acerbum

72 1824 183 1865 inest3
207 1836 242 1860 v,
267 1825 312 1859 ad
336 1837 365 1861 c.
390 1827 490 1869 XLI,
514 1826 573 1860 lo.
619 1824 740 1869 Spolia
772 1822 1007 1867 ignominiose
1029 1823 1159 1858 dicitur
1180 1828 1330 1871 pretium
1354 1829 1459 1861 vieto-

71 1884 166 1927 riae,
198 1884 291 1919 victo
315 1886 470 1930 potentia
501 1889 535 1920 et
558 1885 693 1920 viribus
717 1887 840 1924 exuto;
870 1883 915 1917 cf.
939 1884 1085 1928 Fragm.
1112 1885 1265 1920 Historr.
1287 1888 1316 1930 1,
1342 1885 1398 1930 15,
1425 1887 1458 1921 7.

72 1937 258 1990 Agendum
292 1951 396 1991 atque
418 1947 552 1981 obviam
585 1946 735 1982 eundum
769 1949 841 1986 est,
881 1944 1051 1985 Quirites,
1083 1956 1126 1978 ne
1159 1947 1308 1990 spolia
1341 1952 1458 1981 vostra

70 2016 174 2049 penes
199 2007 277 2040 illos
311 2007 391 2041 sint.
430 2006 480 2040 ib.
504 2007 573 2048 111,
597 2006 656 2048 22,
679 2006 715 2039 6.
765 2004 970 2050 Aerarium,
997 2005 1184 2048 exercitus,
1214 2018 1351 2052 regna,
1373 2019 1456 2052 pro-

69 2067 203 2100 vincias
226 2077 448 2112 occupavere,
474 2070 508 2100 ct
531 2077 646 2100 arcem
671 2066 800 2100 habent
825 2075 865 2098 ex
889 2064 1062 2108 spoliis
1086 2066 1222 2100 vostris.
1244 2067 1303 2110 lv,
1326 2068 1381 2110 12,
1398 2068 1456 2103 11.

74 2127 191 2161 Asiam
227 2128 426 2172 spolium
457 2128 553 2172 regis
587 2126 749 2162 Antiochi
778 2124 903 2169 recepi.
935 2123 1009 2157 Cic.
1041 2136 1074 2168 p.
1106 2124 1226 2167 Quint.
1259 2138 1291 2160 c.
1313 2127 1371 2169 31,
1395 2128 1453 2163 99.

70 2189 144 2222 Hoc
177 2194 213 2223 te
243 2190 418 2231 obsecrat,
452 2200 496 2222 ne
529 2189 742 2223 ornamentis
773 2188 846 2221 eins
885 2185 1040 2218 omnibus
1075 2185 1153 2218 Sex.
1187 2185 1345 2221 Naevius
1366 2198 1452 2231 pro

68 2249 230 2295 spoliis
264 2250 441 2284 abutatur.
490 2249 653 2283 Ceterum
684 2250 778 2283 hunc
808 2245 970 2282 Sallustii
1011 2245 1128 2279 locum
1168 2247 1334 2291 expressit
1366 2248 1451 2281 Plu-

68 2311 209 2345 tarchus
241 2309 278 2344 in
309 2310 428 2345 Mario
460 2321 491 2343 c.
524 2310 585 2343 lx.
619 2311 701 2354 (ed.
729 2309 851 2344 Reisk.
879 2307 957 2340 Vol.
983 2307 1024 2340 11.
1052 2318 1086 2351 p.
1112 2305 1222 2350 816.)
1273 2306 1320 2342 Οὶ
1348 2306 1447 2352 λόγοι

66 2371 161 2415 (τοῦ
193 2370 375 2415 Μαρίου)
407 2373 613 2415 θρασεῖς
644 2368 747 2411 ὄντες
784 2366 1027 2413 ὑπεροψίᾳ
1067 2366 1146 2402 καὶ
1189 2363 1328 2413 ’ὕβρει
1360 2367 1448 2409 τούς

65 2430 290 2476 πρώτους
324 2429 565 2474 ἐλύπουν,
608 2432 782 2467 σκῦλον
814 2429 979 2476 βοῶντος
1009 2426 1130 2463 αὐτοῦ
1160 2424 1229 2473 τήν
1266 2427 1448 2465 ὑπατείαν

66 2491 151 2538 φέρ
165 2494 311 2528 εσθαι
331 2492 397 2538 τῆς
419 2493 496 2528 τῶν
519 2490 676 2538 εὐγενῶν
697 2490 760 2527 καὶ
782 2489 968 2525 πλουσίων
991 2489 1182 2532 μαλακίας.
1205 2509 1251 2515 -
1276 2491 1352 2524 Illis
1375 2492 1445 2526 do-

67 2554 239 2596 lentia,
263 2553 287 2589 i.
313 2565 343 2588 e.
370 2564 460 2597 quae
483 2553 552 2587 illis
576 2554 731 2587 dolerent
740 2565 753 2594 ,-
785 2562 867 2585 nam
891 2550 983 2583 dolet
1006 2550 1092 2583 mihi
1115 2550 1248 2595 aliquid
1269 2551 1445 2597 significat

64 2614 214 2648 dolorem
244 2615 330 2648 mihi
360 2614 480 2658 affert,
514 2623 604 2657 quae
636 2611 772 2647 dicendi
797 2610 888 2645 ratio
920 2609 1046 2643 Plauto
1075 2610 1170 2645 haud
1192 2610 1358 2646 inusitata
1379 2614 1444 2654 est,

65 2673 223 2708 Ciceroni
257 2677 293 2709 et
324 2673 529 2718 aequalibus
560 2685 628 2708 non
662 2673 764 2715 item3
798 2673 843 2706 cf.
873 2671 988 2705 Plaut.
1013 2670 1147 2714 Epidio.
1171 2671 1199 2713 1,
1223 2672 1257 2714 2,
1281 2671 1338 2706 44.
1363 2673 1440 2707 Μο-

64 2734 222 2770 naechm.
245 2735 301 2777 Π,
322 2735 358 2778 ὃ,
380 2735 436 2771 84.
462 2736 561 2780 Capt.
585 2736 613 2777 1,
635 2734 669 2776 2,
696 2733 753 2770 49.
777 2733 861 2768 Cist.
884 2731 926 2772 Π,
949 2730 982 2773 l,
1007 2730 1064 2765 20.
