1630 3034
456 126 818 171 IUGURTHA.
879 126 1010 170 GAP.
1045 126 1211 170 XXIV.
1451 132 1536 172 143

147 250 269 289 tanta
302 244 460 290 lubido
493 243 802 305 exstinguendi
836 258 910 288 me
949 243 1126 301 invasit,
1169 243 1233 287 uti
1269 257 1416 302 neque
1452 259 1535 290 vos

146 357 292 400 neque
327 341 438 386 deos
472 341 732 386 immortalis
766 340 812 383 in
847 340 994 389 animo
1044 340 1234 395 habeat,
1275 340 1534 400 sanguinem

145 453 296 483 meum
332 453 467 497 quam
497 438 646 482 omnia
676 437 810 483 malit.
848 436 1006 495 Itaque
1041 437 1244 495 quintum
1278 436 1366 480 iam
1400 444 1568 483 men-3

144 550 240 579 sem
267 534 410 579 socius
447 540 491 578 et
530 534 695 578 amicus
735 533 894 593 populi
928 533 1122 577 Romani
1157 533 1289 576 armis
1326 533 1531 578 obsessus

142 637 322 688 teneor,
370 646 517 689 neque
558 630 667 674 mihi
709 629 931 690 Micipsae
969 630 1108 689 patris
1161 630 1250 674 mei
1295 629 1529 689 beneficia,

141 743 289 786 neque
344 733 494 771 vostra
548 727 731 771 decreta
788 727 1074 779 auxiliantur3
1128 726 1250 770 ferro
1300 741 1356 769 an
1408 725 1530 771 fame

141 824 284 867 acrius
316 837 483 884 urge-1·
507 824 699 868 incertus
736 838 846 870 sum.
917 823 1051 866 Plura
1079 821 1137 865 de
1170 821 1389 882 Iugurtha
1418 823 1565 873 scri-4

139 919 250 963 bere
287 919 551 964 dehortatur
592 935 665 964 me
701 921 881 965 fortuna
916 934 1040 973 mea,
1078 924 1122 962 et
1158 918 1247 961 iam
1278 925 1409 963 antea
1449 935 1528 964 ex-

140 1068 204 1100 etc.
228 1067 416 1109 supplenda
440 1069 501 1102 sed
524 1068 696 1112 particula
726 1066 770 1100 ad
794 1066 912 1110 priora
935 1066 1156 1107 referuntnr3
1180 1077 1215 1100 v.
1240 1066 1333 1101 infra
1357 1068 1389 1109 §.
1415 1067 1471 1102 10.
1496 1072 1530 1104 et

139 1125 184 1159 ad
208 1137 237 1159 c.
262 1127 368 1169 XXI,
394 1127 428 1161 2.

233 1188 265 1228 ς.
290 1185 325 1220 3.
372 1188 481 1221 socius
512 1193 544 1222 et
573 1189 704 1221 amicus
730 1188 849 1232 populi
875 1188 1038 1231 Romam]
1072 1187 1251 1230 Frequens
1283 1188 1413 1222 mentio
1437 1189 1530 1233 apud

139 1245 327 1289 scriptores
350 1247 456 1281 huius
481 1249 620 1282 artificii
643 1250 904 1289 Romanorum,
931 1259 1031 1292 reges
1055 1248 1194 1280 nomine
1222 1248 1436 1291 amicorum,
1467 1262 1529 1284 so-

139 1306 273 1340 ciorum
306 1307 493 1342 deliniendi
520 1314 554 1342 et
576 1309 723 1343 honesta
757 1309 870 1352 specie
894 1320 954 1341 suo
983 1308 1132 1351 imperio
1156 1308 1330 1343 subiectos
1353 1311 1530 1347 reddendi.

138 1366 183 1399 cs.
209 1367 366 1412 Herzog.
392 1370 435 1401 ad
461 1370 558 1404 Caes.
583 1370 626 1402 B.
654 1371 696 1403 G.
722 1371 758 1411 1,
782 1371 816 1404 3.
846 1370 894 1403 ib.
917 1370 953 1410 1,
976 1368 1034 1402 43.
1072 1369 1203 1402 Caesar
1239 1373 1529 1414 commemoravit,

137 1427 228 1471 quod
263 1439 342 1461 res
381 1431 658 1472 appellatus
694 1435 815 1464 esset
849 1441 871 1462 a
904 1434 1048 1470 senatu,
1085 1430 1174 1473 quod
1212 1431 1406 1472 amicus,
1438 1432 1530 1476 quod

136 1497 281 1521 munera
314 1490 526 1532 amplissima
559 1492 677 1524 missa.
734 1490 865 1534 Qualia
897 1489 963 1523 ista
1000 1501 1145 1523 munera
1176 1490 1306 1524 fuerint
1336 1502 1529 1535 cognoscas

135 1558 178 1580 ex
201 1547 279 1583 Liv.
306 1550 459 1591 xxva,
484 1551 529 1592 ἐξ,
558 1550 591 1584 8.
639 1551 758 1584 Etiam
783 1552 941 1584 civitates
966 1549 1031 1582 isto
1056 1549 1202 1583 honoris
1237 1551 1336 1584 titulo
1371 1556 1528 1595 ornatae,

133 1668 250 1709 XLV,
275 1668 340 1710 20,
373 1668 406 1702 S.
432 1690 477 1695 -
503 1671 624 1715 Neque
648 1671 746 1715 prius
770 1684 837 1705 non
862 1671 1067 1714 respondere
1094 1671 1195 1704 alteri
1219 1683 1348 1716 neque,
1380 1673 1439 1705 sed
1463 1685 1526 1717 pro

133 1734 168 1763 ct
198 1741 266 1762 uon
302 1730 460 1773 positum
493 1732 720 1773 sententiam,
755 1731 812 1764 cni
845 1732 1078 1775 praemissum
1115 1736 1184 1775 eet,
1210 1737 1392 1766 annectere
1414 1733 1526 1777 priori

134 1789 207 1824 iam
227 1790 428 1824 monuimus
452 1792 494 1824 ad
521 1792 597 1826 Cat.
622 1791 754 1833 Lvffl,
779 1791 812 1824 1.
840 1803 872 1834 p.
897 1791 977 1825 303.
1001 1810 1047 1816 ——
1073 1792 1146 1826 Mei
1171 1798 1249 1837 post
1269 1794 1384 1836 patris
1408 1805 1528 1828 omnes

131 1851 273 1885 omnino
298 1851 398 1886 codd.
423 1856 580 1893 servant,
605 1864 675 1886 uno
699 1842 859 1895 excqsto,
886 1863 991 1895 quem
1015 1852 1152 1886 Cortius
1176 1857 1316 1887 secutus
1344 1857 1405 1888 est.
1439 1855 1528 1889 Ger-

130 1911 269 1945 lachius
302 1911 466 1954 retinuit,
501 1912 583 1955 quia
607 1911 764 1956 sequenti
789 1917 907 1945 vostra
932 1913 1150 1956 respondeat.
1196 1913 1305 1948 'Nobis
1328 1914 1443 1958 potius
1467 1926 1526 1950 ca-

131 1971 244 2006 ritatis
272 1973 444 2015 quendam
468 1972 635 2006 affectum
661 1972 809 2016 prodere
832 1971 980 2005 videtur.

225 2032 256 2075 §.
287 2032 322 2066 4.
380 2033 584 2066 dehortatur
619 2033 696 2076 me]
737 2032 796 2065 Me
830 2042 897 2065 non
928 2032 1100 2077 reperitur
1130 2032 1166 2065 in
1198 2033 1342 2067 Eccard.
1378 2034 1459 2069 Sen.
1491 2035 1526 2071 2.

132 2091 250 2124 Guell'.
285 2091 319 2125 9.
353 2092 450 2126 Leia.
484 2092 526 2125 A.
563 2093 602 2125 C.
636 2093 680 2125 D.
706 2093 746 2124 Ε.
772 2092 812 2126 F.
836 2093 886 2126 M.
913 2093 955 2126 N.
981 2093 1157 2126 nonnullis
1180 2093 1300 2135 nivii,
1324 2095 1408 2129 Bas.
1432 2096 1466 2130 4.
1491 2100 1526 2131 et

130 2150 237 2184 Bern.
263 2150 296 2184 3.
322 2150 388 2184 Sed
415 2152 632 2195 aliquantum
657 2162 719 2184 nos
742 2156 861 2185 mox-et
884 2154 1090 2196 optimorum
1115 2153 1306 2198 librorum,
1327 2157 1424 2191 velut
1446 2157 1526 2191 Vat.

130 2211 172 2245 A.
210 2211 296 2244 Bas.
329 2211 362 2245 l.
401 2211 498 2245 Leid.
532 2212 572 2246 L.
605 2212 713 2246 Fabr.
739 2212 772 2247 1.
795 2212 874 2246 Seu.
900 2213 933 2249 1.
956 2214 1064 2248 Fabr.
1091 2213 1214 2255 nivii,
1239 2215 1350 2250 Paris.
1375 2228 1405 2250 c.
1430 2229 1462 2251 x.
1491 2230 1524 2252 z.

130 2272 341 2313 auctoritas,
365 2272 574 2315 quibuscum
597 2272 702 2318 longe
725 2273 871 2317 plurimi
895 2274 1134 2315 consentiunt3
1167 2286 1278 2318 quare
1307 2287 1375 2310 non
1408 2279 1524 2321 expel-

129 2333 270 2366 lendum
303 2332 484 2376 duximus,
515 2333 607 2377 quod
640 2334 778 2367 Cottius
810 2334 912 2377 fecit,
953 2336 1158 2379 praesertim
1195 2348 1302 2380 quum
1332 2349 1524 2381 pronomen

129 2405 191 2437 per
213 2402 250 2427 ee
272 2393 543 2437 haudquaquam
568 2399 764 2438 suspectum
789 2395 844 2429 sit.
891 2396 983 2430 Nam
1008 2398 1101 2441 quod
1135 2398 1362 2442 Gerlachius,
1394 2400 1454 2443 qni
1486 2400 1522 2434 in

128 2453 182 2489 ed.
213 2453 297 2487 mai.
329 2453 469 2495 omisit,
503 2454 538 2487 in
571 2454 657 2489 min.
682 2455 830 2499 recepit,
854 2456 889 2489 in
914 2457 1123 2492 Commentt.
1149 2471 1183 2502 p.
1211 2457 1292 2493 251.
1317 2458 1352 2492 id
1387 2472 1521 2503 „quam

127 2513 280 2547 maxime
305 2513 574 2547 inconcinnum“
600 2513 703 2556 dicit,
736 2515 986 2561 ignoscendum
1012 2522 1062 2551 est
1085 2518 1125 2551 V.
1149 2519 1212 2560 D.,
1248 2519 1306 2563 qui
1332 2520 1412 2563 quid
1437 2532 1517 2554 con-

128 2574 267 2608 cinnum
302 2579 361 2609 aut
393 2575 635 2609 inconcinnum
667 2575 735 2616 sit,
770 2587 837 2610 non
868 2578 1086 2621 cogitaverit.
1140 2579 1301 2613 ceterum
1328 2581 1519 2615 Muellerus

128 2646 265 2668 sensum
289 2637 381 2670 male
404 2635 452 2668 ita
475 2634 587 2678 cepit:
611 2635 757 2679 impedit
774 2637 983 2680 festinatio,
1008 2650 1113 2682 qnam
1138 2640 1320 2674 calamitas
1344 2652 1425 2675 men.
1448 2642 1515 2675 rni-

128 2693 166 2726 hi
190 2694 347 2738 imponit.
392 2695 486 2739 Quin
509 2695 623 2738 potius
648 2697 825 2731 Adherbal
850 2709 887 2731 se
911 2698 996 2732 dicit
1019 2703 1092 2733 tam
1108 2700 1300 2744 despectum
1330 2707 1364 2736 et
1393 2703 1511 2747 negle-
