1630 3034
434 125 798 169 IUGURTHA.
857 125 984 169 CAP.
1014 125 1136 167 XIV.-
1439 129 1494 169 71

103 246 170 288 ius
208 250 252 288 et
286 243 523 302 imperium
552 243 645 287 eius
680 257 819 302 penes
854 254 936 285 vos
973 256 1093 295 esse3
1137 241 1268 285 simul
1304 241 1495 286 eniterer

103 341 226 385 dorni
269 340 538 398 militiaeque
587 354 723 398 quam
767 352 976 399 maxumo
1026 338 1126 382 usui
1172 354 1270 382 esse
1318 340 1493 399 populo

102 438 334 493 Romano,
380 452 458 480 vos
505 434 612 479 mihi
661 440 982 494 cognatorum,
1026 449 1105 479 vos
1151 435 1352 479 affinium
1388 437 1491 479 loco

101 534 336 586 ducerem3
372 533 409 576 si
453 548 506 576 ea
550 531 782 587 fecissem,
827 532 873 574 in
907 536 1056 575 vostra
1090 532 1282 576 amicitia
1319 532 1492 576 exerci—

101 637 211 684 tum,
248 629 443 684 divitias,
480 629 752 671 munimenta
786 627 922 687 regni
948 643 1020 671 me
1051 627 1317 672 habiturum.
1358 628 1524 683 Quae2

101 741 239 784 quum
283 731 527 786 praecepta
573 725 767 785 parentis
825 725 913 768 mei
961 724 1202 784 agitarem,
1259 724 1490 786 Iugurtha,

99 892 134 923 et
157 889 234 922 Vat.
261 887 297 924 5.
345 887 512 921 Proxime
540 886 677 921 accedit
708 887 885 931 scriptura
917 887 1024 921 Fabr.
1057 886 1091 920 l.
1128 887 1248 921 Guelf.
1280 887 1315 922 9.
1348 887 1402 921 10.
1434 888 1490 922 12.

97 949 195 984 Iaeid.
219 950 261 983 E.
284 950 332 982 ἰπ
356 949 439 982 loco.
489 947 629 981 Relicui
653 948 689 981 in
712 949 841 987 locum,
875 949 926 982 ita
948 952 987 981 ut
1009 949 1170 992 affinium
1194 950 1251 983 vel
1275 950 1491 983 interiectum

99 1010 167 1052 uit,
193 1012 231 1043 ut
255 1009 348 1052 apud
373 1009 467 1043 Cort.
493 1013 527 1042 et
559 1009 744 1047 Gerlach.‚
770 1009 826 1042 vel
857 1014 1039 1052 sequatur,
1074 1012 1114 1041 ut
1145 1010 1238 1053 apud
1265 1011 1490 1044 Havercam-

99 1069 210 1113 pium.
257 1069 444 1102 Praeterea
476 1072 554 1101 octo
592 1068 699 1103 Cortii
733 1070 832 1103 codd.
861 1070 898 1102 in
931 1070 1038 1103 etiam
1069 1069 1184 1112 priore
1213 1070 1290 1104 loco
1322 1069 1490 1113 inserunt,

98 1141 158 1163 vos
182 1130 268 1163 mihi
292 1130 338 1162 in
362 1139 437 1172 cog.
463 1138 496 1160 v.
525 1128 574 1160 ἰτι
599 1129 658 1172 off.
687 1129 834 1163 locum
864 1131 1035 1165 ducerem.
1083 1130 1121 1163 In
1150 1141 1220 1173 qua
1244 1134 1339 1164 tanta
1363 1129 1492 1163 discre-

98 1184 218 1234 panti‘a
241 1193 336 1234 patet
360 1190 429 1221 loco
454 1199 575 1221 veram
601 1189 810 1232 scripturam
834 1202 928 1231 esse3
963 1190 1023 1233 qui
1047 1190 1156 1222 nudus
1181 1191 1286 1224 ablat.
1311 1202 1418 1234 quum
1447 1191 1492 1224 li·

99 1251 236 1285 brarios
271 1249 482 1290 offenderet,
516 1247 580 1281 alii
603 1249 640 1281 in
662 1250 888 1294 addiderunt,
917 1251 980 1284 alii
1009 1251 1076 1284 hoc
1100 1250 1214 1293 ipsum
1238 1263 1306 1285 non
1339 1252 1423 1286 satis
1449 1263 1492 1286 ex

97 1323 166 1345 usu
181 1311 311 1343 dictum
328 1321 404 1342 esse
419 1308 733 1343 animadvertentes
755 1309 995 1344 accusativum
1020 1314 1225 1354 posuerunt,
1251 1323 1352 1356 quem
1370 1323 1491 1346 casum

96 1383 140 1406 ex
163 1369 435 1413 interpolatione
468 1369 608 1404 illatum
633 1381 709 1404 esse
736 1371 855 1416 arguit
886 1372 993 1406 etiam
1032 1372 1132 1406 varia
1167 1373 1354 1406 verborum
1379 1374 1415 1406 in
1439 1373 1490 1405 lo-

99 1444 175 1466 cum
205 1430 402 1465 collocatio·
459 1431 579 1474 Neque
611 1434 817 1474 reputarunt
859 1433 1071 1476 depravatae
1109 1432 1306 1476 scripturae
1350 1432 1490 1477 patroni

97 1503 238 1537 prorsus
260 1491 434 1524 soloecam
456 1491 534 1525 fieri
558 1495 780 1534 structuram,
804 1493 841 1526 in
864 1493 1132 1537 praepositione,
1155 1505 1198 1527 ex
1218 1504 1287 1537 qua
1303 1497 1337 1527 et
1361 1505 1490 1538 cogna-

97 1558 212 1588 torum
238 1555 274 1585 et
303 1552 464 1595 affinium
486 1552 635 1595 pendere
666 1554 789 1596 debet,
825 1555 976 1588 secundo
1010 1554 1142 1588 nomini
1177 1553 1392 1598 praemissa,
1417 1565 1488 1597 quo

96 1614 138 1648 fit
155 1617 193 1647 ut
217 1611 332 1656 primo
349 1623 454 1656 quam
470 1624 696 1657 praegressus
720 1614 895 1659 genitivus
910 1615 1083 1649 rationem
1098 1615 1228 1648 habe-at
1242 1614 1385 1656 nescius,
1409 1625 1490 1648 mox

96 1672 364 1708 inconcinnitate
391 1678 588 1708 structurae
611 1674 714 1708 valde
747 1674 946 1710 offendaris.
994 1675 1059 1709 Cui
1083 1674 1305 1709 incommodo
1329 1674 1387 1718 qui
1412 1685 1488 1707 me-

96 1734 172 1768 deri
196 1734 400 1775 voluerunt,
426 1735 462 1768 in
480 1734 588 1768 etiam
611 1738 692 1768 aute
716 1741 942 1780 cognatorum
967 1735 1173 1777 inserentes,
1197 1735 1488 1769 constructionem

97 1795 238 1840 quidem
261 1795 417 1828 fecerunt
440 1794 645 1837 meliorem,
670 1798 707 1828 ut
732 1795 815 1829 fecit
840 1796 1032 1840 Sellingius
1054 1796 1091 1830 iu
1116 1796 1225 1829 Lectt.
1250 1796 1340 1829 Sall.
1366 1808 1400 1838 p.
1417 1795 1490 1837 21„

96 1856 157 1890 sed
180 1867 221 1890 eo
246 1855 321 1899 ipso
346 1856 567 1889 declararunt
594 1854 777 1898 vulgatam
812 1857 932 1890 malae
962 1856 1044 1890 fidei
1074 1868 1159 1890 esse.
1208 1856 1328 1899 Quare
1351 1856 1488 1890 levissi-

95 1928 195 1951 mum
222 1921 274 1950 est
298 1916 480 1950 Gerlachii
502 1915 691 1956 iudicium,
717 1916 798 1958 qui,
826 1917 882 1950 his
908 1917 1068 1951 omnibus
1094 1916 1282 1961 neglectis,
1318 1917 1390 1949 loco
1413 1927 1484 1949 me-

96 1989 174 2012 ram
197 1976 517 2020 interpretationem
541 1987 615 2009 esse
642 1975 728 2010 dicit
752 1976 895 2010 rarioris
924 1978 1095 2011 formulae
1120 1979 1155 2010 in
1191 1979 1320 2017 locum,
1353 1976 1488 2010 duobus

96 2038 266 2081 exemplis
283 2062 293 2078 ‚
329 2036 451 2070 Iustini
475 2038 561 2079 ΧΠ,
588 2036 654 2077 12,
680 2035 715 2070 9.
746 2041 779 2069 et
804 2037 876 2070 Cic.
902 2037 939 2070 in
963 2038 1059 2071 verr.
1088 2038 1129 2078 V,
1153 2037 1210 2077 28,
1234 2037 1306 2076 73„
1331 2036 1488 2071 Sallustii

98 2098 206 2131 verba
228 2097 312 2131 satis
335 2097 539 2130 confirmata
565 2100 671 2130 ratus.
721 2098 774 2130 De
798 2099 954 2132 ablativo
977 2109 1012 2131 v,
1039 2097 1159 2131 Daris.
1185 2098 1229 2131 ad
1253 2098 1351 2132 Caes.
1375 2099 1418 2132 B.
1443 2099 1485 2132 C.

97 2160 126 2203 Ι,
149 2160 207 2201 67,
229 2159 265 2192 2.
284 2178 329 2183 —
353 2158 412 2191 Me
435 2157 635 2190 habiturum
658 2169 738 2190 cum
764 2159 953 2192 Gerlachio
975 2157 1210 2200 reposuimus3
1232 2150 1372 2192 Cottius
1392 2158 1486 2192 enim

97 2231 166 2254 non
198 2219 311 2252 solum
344 2229 398 2251 me
431 2218 625 2259 deleverat,
662 2219 870 2252 auctoritate
899 2220 1005 2252 Fabr.
1031 2219 1065 2252 l.
1093 2222 1128 2252 et
1153 2219 1273 2252 Guelf.
1301 2219 1356 2253 12.
1381 2219 1488 2261 nisuae,

98 2281 159 2315 sed
182 2280 291 2314 etiam
313 2290 377 2322 pro
402 2279 523 2312 futuro
545 2278 672 2311 habere
695 2290 736 2312 ex
761 2280 867 2313 Fabr.
889 2280 923 2313 2.
951 2283 985 2313 et
1009 2279 1126 2312 Guelf.
1146 2278 1179 2311 5.
1205 2279 1371 2313 ediderat.
1418 2279 1486 2313 Sed

98 2340 138 2374 hi
161 2340 261 2373 codd.
286 2350 433 2383 quorum
459 2339 547 2373 alter
571 2339 607 2372 in
631 2339 784 2374 Catilina
803 2351 885 2374 sane
910 2339 1075 2384 egregius
1099 2343 1165 2378 est,
1203 2340 1291 2374 alter
1314 2351 1382 2374 non
1405 2351 1487 2374 con-

98 2400 319 2441 temnendus,
351 2399 388 2433 in
422 2399 597 2444 Iugurtha
625 2399 774 2434 mirifice
806 2400 840 2434 in
864 2400 1037 2445 perversis
1059 2400 1238 2443 scripturis
1269 2400 1319 2434 ita
1345 2411 1487 2434 consen-

98 2460 209 2504 tiunt,
244 2465 282 2493 ut
305 2464 452 2503 uterque
476 2460 536 2493 hic
558 2471 599 2494 ex
622 2461 744 2494 codem
773 2462 932 2505 exemplo
963 2473 1031 2495 non
1062 2461 1147 2495 satis
1180 2462 1271 2494 bono
1295 2461 1486 2505 descriptus

98 2520 271 2554 videatur.
319 2521 438 2563 Quare
460 2521 521 2554 ubi
553 2521 619 2555 soli
648 2522 825 2556 diversam
857 2523 1068 2567 scripturam
1100 2522 1286 2564 exhibent,
1317 2523 1414 2555 nulla
1444 2521 1488 2556 iis

97 2582 183 2615 fides
206 2585 267 2617 est.
314 2581 478 2615 ceterum
510 2581 718 2617 Gerlachius
749 2587 842 2617 recte
876 2583 1011 2617 monuit
1040 2585 1254 2617 munimenta
1286 2584 1388 2628 regni
1420 2594 1487 2616 non

98 2652 162 2686 pro
180 2641 395 2685 appositione
410 2642 700 2687 praecedentium,
724 2645 781 2679 sed
807 2655 872 2689 pro
892 2644 1084 2678 sententiae
1107 2648 1204 2687 parte
1228 2643 1332 2678 tertia
1354 2643 1490 2688 priores

101 2706 338 2748 exaggerante
364 2714 441 2737 esse
462 2704 636 2738 habenda.
