1630 3034
498 150 863 193 IUGURTHA.
925 148 1051 191 GAP.
1084 148 1176 188 Vll.
1479 148 1534 187 39

147 269 181 311 si
216 268 350 311 talem
386 268 528 312 virum
560 268 673 312 dolis
700 266 1011 315 interfecisset,
1059 279 1114 309 ne
1146 278 1235 321 qua
1265 261 1421 304 seditio
1457 267 1532 305 aut

144 363 312 408 bellum
343 365 531 408 oriretur
562 363 713 408 anxius
742 369 846 407 erat.

280 460 376 504 VII.
447 461 530 505 His
565 458 900 503 difficultatibus
942 457 1263 500 circumventus
1301 453 1377 497 ubi
1412 452 1531 496 w'det

144 572 289 615 neque
315 572 400 616 per
433 557 521 600 vim
546 572 694 615 neque
719 555 883 599 insidiis
916 552 1114 613 opprimi
1146 566 1279 612 posse
1301 550 1530 594 hominem

144 659 233 697 tam
259 661 495 713 acceptum
527 653 845 713 popularibus,
883 650 1005 709 quod
1030 657 1123 693 erat
1149 648 1364 708 Iugurtha
1395 660 1529 691 manu

233 801 269 833 in
295 800 504 845 Iugurtham
528 799 698 844 accensa]
732 798 809 833 vin.
835 797 868 830 2.
900 797 1006 831 Acad.
1028 797 1097 830 Ine.
1121 795 1154 829 2.
1188 795 1328 828 Vratisl.
1353 794 1386 829 3.
1413 794 1529 827 Guelf.

141 858 174 893 6.
200 863 234 893 ct
257 860 313 893 11.
350 860 385 893 ἰη
412 861 587 906 Iugurtha
611 872 775 903 accensa,
810 858 901 902 quod
926 868 1048 890 verum
1073 855 1183 889 videri
1207 855 1334 898 possit,
1356 867 1463 898 quum
1486 866 1529 888 eo

141 920 244 954 modo
268 921 400 954 dictum
423 921 488 962 sit,
521 933 623 964 quem
648 920 766 955 multis
796 918 1048 953 illustravimus
1079 918 1122 951 ad
1147 916 1249 950 Catil.
1274 918 1342 956 lx,
1366 917 1398 950 2.
1424 928 1458 960 p.
1482 915 1530 952 46

139 993 234 1024 sqq.‚
258 981 461 1025 praesertim
488 994 594 1025 quum
619 982 654 1016 in
678 981 786 1015 simili
805 992 842 1014 re
866 980 989 1014 cadem
1013 979 1265 1013 constructione
1287 990 1368 1012 usus
1391 977 1435 1011 sit
1456 977 1530 1010 Te-

140 1041 274 1075 rentius
298 1043 388 1075 Eun.
413 1043 472 1083 III,
496 1042 530 1083 5,
558 1043 612 1076 19.
651 1044 697 1076 In
723 1043 775 1076 Ιια
790 1054 806 1075 c
831 1046 1016 1075 commotus
1039 1052 1124 1073 sum.
1173 1039 1242 1073 Sed
1263 1039 1292 1072 si
1314 1038 1530 1082 reputaveris

141 1103 336 1136 ablativum
361 1102 538 1136 codicibus
562 1104 655 1136 haud
681 1115 832 1148 magnae
856 1102 934 1135 fidei
959 1100 1097 1142 deberi,
1126 1111 1191 1133 non
1216 1098 1282 1133 erit
1305 1112 1367 1133 cur
1390 1100 1426 1133 iu
1449 1100 1529 1132 vul-

140 1168 224 1207 gata
247 1163 420 1204 offendas,
460 1175 564 1207 quam
589 1165 771 1198 coufirmat
794 1163 960 1203 Tacitus,
998 1162 1120 1195 iisdem
1145 1161 1261 1194 verbis
1283 1172 1385 1202 usus,
1421 1163 1458 1194 ut
1483 1160 1526 1193 ad

141 1222 348 1256 Sallustium
369 1225 558 1267 respexisse
581 1225 691 1258 videri
714 1229 833 1268 quent,
867 1224 1003 1258 Annali,
1028 1224 1088 1264 III,
1114 1222 1147 1256 4.
1171 1222 1261 1256 med.
1302 1221 1402 1255 Nihil
1425 1221 1528 1254 Tibe-

140 1284 229 1316 rium
258 1285 375 1328 magis
404 1286 625 1328 penetravit,
665 1298 766 1330 quam
800 1286 961 1320 studia
998 1284 1221 1317 hominum
1254 1293 1449 1316 accensa
1484 1282 1528 1315 in

142 1345 474 1389 Agrippinam.
522 1345 609 1379 Orta
635 1352 751 1379 autom
777 1346 968 1388 scripturae
992 1343 1222 1387 discrepantia
1254 1356 1296 1377 ex
1319 1343 1449 1376 lineola
1469 1353 1527 1375 su-

141 1417 203 1448 per
226 1416 249 1437 α
274 1405 425 1438 litteram
460 1405 583 1439 deleta.
606 1426 648 1429 —
684 1406 815 1438 Dolis
846 1407 1072 1448 interfecisset
1095 1406 1226 1449 optime
1257 1405 1385 1445 hahet,
1404 1415 1527 1447 quam-

141 1476 246 1507 quam
273 1466 360 1498 dolis
383 1475 404 1499 a
435 1467 556 1500 cottio
591 1466 741 1500 eiectum
776 1471 844 1506 est,
877 1478 943 1499 non
976 1468 1092 1501 solum
1119 1467 1200 1510 quia
1228 1467 1272 1500 ab
1297 1465 1414 1500 Guelf.
1437 1464 1471 1500 4.
1494 1468 1528 1498 et

140 1525 282 1559 Vratisl.
307 1525 340 1560 2.
368 1527 484 1568 abest,
519 1528 578 1560 sed
612 1528 719 1560 etiam
755 1528 836 1571 quia
871 1528 959 1560 dolis
995 1529 1122 1561 callide
1154 1526 1257 1561 factis
1290 1538 1358 1560 non
1388 1537 1529 1559 necesse

140 1586 248 1620 fucrit
271 1587 475 1621 seditionem
498 1588 608 1629 oriri,
643 1593 678 1621 et
702 1587 784 1631 quia
811 1588 890 1621 talis
914 1600 995 1622 sune
1019 1589 1120 1622 dolus
1142 1587 1250 1622 fuerit
1272 1587 1466 1632 Iugurthae
1492 1585 1528 1620 in

137 1647 347 1690 Hispaniam
376 1647 507 1681 missio.
556 1648 624 1681 Sed
659 1648 816 1693 Langius
850 1654 944 1682 recte
968 1649 1125 1690 monuit,
1159 1649 1256 1681 hunc
1279 1648 1396 1681 dolum
1421 1648 1528 1681 talem

137 1707 265 1748 fuisse,
299 1708 359 1751 qui
382 1708 456 1742 sine
488 1708 636 1742 consciis
670 1710 858 1751 patrandus
882 1710 976 1743 omni
1009 1710 1167 1754 periculo
1189 1712 1343 1749 careret3
1367 1707 1527 1741 omnino—

136 1779 204 1812 que
227 1773 366 1809 errant,
398 1769 459 1813 qui
491 1774 614 1813 putant
647 1770 734 1802 dotis
768 1771 960 1813 interficere
994 1771 1018 1804 i.
1047 1783 1121 1805 esse
1145 1783 1176 1814 q.
1202 1771 1294 1804 clam
1329 1774 1362 1803 et
1392 1768 1527 1813 ignaris

137 1829 300 1862 omnibus
324 1830 540 1871 interficere,
571 1841 680 1873 quum
705 1831 818 1873 potius
844 1831 889 1866 sit
921 1831 1054 1865 insidiis
1084 1831 1222 1866 structis
1252 1830 1435 1873 caedisque
1458 1829 1525 1862 mi-

135 1888 253 1922 nistris
278 1890 478 1923 subornatis
509 1894 569 1923 aut
602 1891 862 1934 percussoribus
884 1891 1052 1925 immissis
1087 1891 1239 1936 aliquem
1263 1892 1407 1931 tollere,
1433 1890 1525 1933 quod

135 1960 242 1993 quam
277 1950 382 1984 facile
412 1955 588 1985 notescere
632 1951 738 1994 possit
770 1951 906 1986 etiamsi
937 1954 982 1986 ab
1014 1953 1115 1987 initio
1151 1953 1367 1987 occultatum
1398 1949 1523 1991 fuerit,

136 2009 252 2053 quivis
276 2009 461 2056 intelliget.

229 2072 302 2105 vn.
350 2074 381 2114 §.
409 2072 441 2105 1.
492 2073 754 2115 circumventus]
784 2072 1059 2115 Circumvcnire,
1084 2073 1176 2116 quod
1200 2072 1242 2106 ad
1267 2071 1369 2105 Catil.
1394 2071 1523 2111 XXXI,

136 2131 169 2166 9.
195 2144 226 2175 p.
249 2132 329 2166 149.
354 2132 538 2166 docuimus
562 2132 604 2165 de
628 2132 670 2165 iis
696 2133 785 2173 dici,
804 2133 864 2176 qui
882 2133 1035 2176 aliquem
1054 2132 1188 2166 insidiis
1210 2132 1420 2176 opprimunt,
1441 2131 1478 2165 h.
1498 2132 1520 2165 I.

139 2196 311 2235 cognata,
343 2193 403 2225 sed
437 2192 614 2236 aliquanto
649 2193 779 2225 leviore
812 2193 847 2225 vi
883 2193 1035 2237 positum
1069 2193 1243 2237 significat
1266 2193 1443 2236 implicare
1464 2193 1520 2226 vel

137 2253 318 2296 impedire..
348 2271 393 2277 —
417 2254 470 2286 De
500 2252 638 2286 variata
673 2253 825 2298 eiusdem
859 2254 1049 2287 sentcntiae
1080 2258 1254 2288 structura
1286 2254 1423 2298 (neque
1441 2264 1521 2297 per

137 2313 226 2345 vim
260 2324 370 2356 neque
394 2313 632 2357 insidiis),
665 2325 770 2355 quarn
796 2314 947 2347 breviter
971 2314 1150 2359 tetigimus
1173 2315 1217 2348 ad
1242 2328 1272 2349 c.
1294 2316 1333 2358 V,
1359 2316 1407 2358 4„
1433 2315 1521 2349 Cor-

136 2373 206 2407 tius
227 2374 343 2407 multa
367 2378 442 2407 tum
468 2373 511 2407 ad
548 2374 585 2406 h.
608 2374 632 2406 Ι.
657 2377 730 2407 tum
759 2375 805 2408 ad
828 2375 932 2409 catil.
965 2386 994 2408 c.
1019 2375 1127 2418 xvll,
1150 2375 1183 2409 6.
1218 2380 1253 2410 et
1283 2376 1326 2410 ad
1351 2376 1459 2417 XXV,
1482 2375 1517 2411 2.

137 2433 297 2469 contulit.
321 2435 368 2468 cf.
393 2435 531 2468 Walch.
558 2434 724 2467 Emendd.
748 2434 848 2467 Livv.
875 2447 908 2478 p.
928 2434 984 2469 78.
1009 2437 1224 2480 eundemque
1247 2438 1291 2471 ad
1307 2438 1393 2473 Tac.
1414 2437 1519 2482 Agri-

136 2495 202 2528 col.
236 2506 266 2528 c.
292 2496 331 2528 V.
368 2506 401 2538 p.
428 2495 507 2529 147.
533 2501 567 2529 et
599 2495 643 2528 ad
667 2496 728 2530 lx.
763 2507 798 2539 p.
827 2495 906 2529 173.
938 2496 999 2530 ubi
1033 2508 1067 2531 v·
1091 2497 1197 2531 etiam
1230 2499 1363 2532 Hes-tel.
1409 2498 1517 2532 Plura

136 2566 241 2599 quam
280 2555 317 2588 Ιιί
353 2566 472 2590 omnes
505 2556 612 2590 habet
641 2556 910 2591 Drakenborch.
945 2557 989 2591 ad
1020 2557 1097 2592 Liv.
1133 2559 1334 2602 XXXVIII,
1367 2559 1434 2602 39,
1458 2559 1515 2595 10.

135 2616 260 2651 Noster
283 2616 361 2662 Iug.
385 2617 575 2660 Lxxxm
600 2617 630 2651 1.
684 2619 855 2652 Dictitare
879 2619 972 2662 alia,
997 2619 1187 2664 magnifica
1208 2630 1291 2663 pro
1315 2631 1376 2661 se,
1401 2625 1433 2654 et
1458 2621 1512 2653 it-

137 2677 194 2710 lis
225 2677 393 2712 dolentia.
441 2679 603 2712 ceterum
636 2679 751 2713 verbis
785 2681 931 2724 opprimi
964 2691 1029 2713 nou
1059 2692 1158 2724 posse
1194 2692 1260 2714 uon
1293 2679 1512 2724 significatur

135 2742 268 2780 frustra
292 2739 324 2772 vi
350 2744 409 2773 aut
436 2739 566 2773 insidiis
590 2739 733 2784 petitum
762 2752 833 2774 esse
856 2741 1082 2785 Iugurtham,
1115 2741 1174 2775 scd
1206 2740 1262 2775 his
1282 2740 1416 2776 artibus
1440 2739 1509 2773 Mi-
