1630 3034
506 159 863 203 IUGURTHA.
903 161 1032 206 GAP.
1062 161 1196 207 LXII.
1445 166 1530 208 333

146 292 311 337 magna
344 291 477 337 pars,
512 283 561 321 ut
593 277 760 321 iussum
795 282 910 336 erat,
946 279 1154 335 adducti3
1185 278 1349 339 pauci,
1385 294 1524 338 quum

143 375 342 434 primum
372 373 538 418 deditio
570 375 733 435 coepit,
768 373 829 419 ad
862 390 1020 435 regem
1053 375 1290 421 Bocchum
1321 376 1368 420 in
1388 375 1527 420 Mau-

140 471 355 515 retaniam
392 472 603 515 abierant.
673 470 815 531 Igitur
849 470 1080 533 Iugurtha,
1114 473 1191 518 ubi
1225 473 1357 518 armis
1392 473 1559 521 viris-8

140 583 229 627 que
277 574 322 612 et
361 569 553 628 pecunia
595 567 807 628 spoliatus
843 574 934 626 est,
980 584 1118 628 quum
1146 569 1243 629 ipse
1284 569 1343 613 ad
1377 570 1525 630 impe-

141 663 332 710 randum
377 665 595 709 Tisidium
639 672 903 724 vocaretur,
952 680 1102 711 rursus
1147 667 1298 727 coepit
1342 667 1524 711 flectere

138 798 196 832 sit.
222 817 268 822 —
298 797 466 832 Dictionis
497 798 545 832 ad
575 799 815 844 imperandum
850 798 1070 834 insolentiam
1104 799 1287 834 sentientes
1319 798 1457 834 librarii
1488 798 1526 833 in

139 859 215 895 cod.
238 858 316 892 viu.
339 858 375 894 2.
399 859 564 894 dederunt
587 862 635 895 ad
658 861 861 905 imperium,
890 860 927 894 in
952 861 1071 895 Struv.
1097 865 1132 895 et
1160 860 1304 894 Goerlit.
1328 872 1375 895 m.
1401 873 1454 905 pr.
1476 861 1525 894 ad

135 920 404 965 imperatorem,
438 920 530 963 quod
554 921 655 955 unice
686 933 808 955 verum
844 921 976 956 iudicat
1001 923 1188 965 Gruterus,
1224 920 1259 955 in
1283 921 1392 956 Laud.
1417 922 1450 955 2.
1476 921 1526 955 ad

136 982 379 1026 imperandum
408 982 622 1026 praesidium
642 1007 654 1025 ‚
694 982 730 1016 in
768 982 978 1016 Pembroch.
1009 984 1056 1017 ad
1090 982 1330 1027 imperandum
1372 980 1523 1016 exilium.

134 1041 205 1076 Sed
229 1043 431 1086 vulgatam,
457 1053 564 1086 quam
587 1042 711 1077 relicui
735 1042 834 1077 codd.
860 1046 1021 1085 tuentur,
1045 1042 1246 1087 planissime
1267 1043 1386 1077 firmat
1409 1041 1526 1076 Servii

135 1102 373 1137 testimonium
397 1101 441 1136 ad
471 1103 569 1148 Vir-g.
597 1104 719 1148 Eclog.
751 1104 850 1146 vlu,
874 1104 931 1138 71.
968 1104 1028 1148 qui
1059 1108 1176 1139 tamen
1210 1104 1315 1139 simul
1338 1113 1527 1148 perversae

135 1162 430 1207 interpretationis
454 1164 499 1198 ab
524 1164 685 1198 omnibus
718 1164 907 1199 editoribus
939 1165 1097 1209 proditae
1132 1167 1256 1198 auctor
1284 1165 1426 1199 exstitit.
1471 1163 1526 1198 Ad

136 1236 245 1258 unum
278 1224 373 1258 enim
404 1234 523 1257 omnes
556 1235 637 1258 cum
677 1224 801 1259 Servio
836 1229 996 1260 asserunt
1036 1226 1083 1260 ad
1113 1226 1354 1270 imperandum
1385 1224 1526 1269 passivo

135 1296 237 1319 sensu
259 1284 458 1329 significare
482 1290 520 1319 ut
545 1285 577 1319 ei
599 1286 851 1329 imperaretur,
885 1287 929 1320 de
959 1297 1027 1330 qua
1051 1285 1281 1330 explicatione
1304 1296 1393 1330 quae
1414 1295 1525 1329 nuper

135 1345 173 1379 in
198 1344 344 1379 Diurnis
366 1345 484 1380 Schol.
509 1357 540 1380 a.
566 1345 668 1381 1830.
701 1347 793 1381 Sect.
817 1348 860 1381 11.
895 1347 939 1382 N.
963 1347 1043 1381 112.
1078 1359 1111 1391 p.
1138 1346 1208 1381 907
1231 1358 1306 1390 sqq.
1332 1345 1524 1390 disputavi-

126 1418 214 1442 mus
237 1407 297 1440 hic
320 1417 410 1450 quae
435 1407 480 1441 ad
502 1419 577 1442 rem
604 1407 735 1442 faciunt
758 1411 912 1452 repetere
935 1407 1050 1442 liceat.
1091 1408 1181 1443 Nam
1205 1407 1296 1452 quod
1320 1406 1422 1441 multi
1445 1410 1525 1441 tan-

134 1479 240 1513 quam
268 1471 399 1502 certum
423 1471 458 1502 et
480 1469 698 1512 exploratum
722 1471 862 1512 ponunt,
887 1468 1096 1513 gerundium
1119 1468 1214 1502 haud
1238 1479 1320 1502 raro
1345 1467 1524 1512 passivam

133 1529 208 1564 vim
231 1529 385 1571 habere,
421 1527 457 1561 in
486 1539 556 1572 qua
586 1528 754 1563 sententia
779 1533 858 1563 sunt
882 1529 1042 1563 Perizon.
1064 1522 1121 1563 *ad
1145 1529 1268 1564 Sanct.
1290 1529 1378 1563 Min.
1404 1529 1466 1570 111,
1488 1527 1524 1561 8.

134 1603 167 1635 p.
193 1590 274 1625 628.
300 1591 354 1625 ed.
380 1590 508 1623 Bauer.
532 1589 745 1624 Ruddiman.
778 1590 859 1624 Inst.
895 1591 1055 1625 Gramm.
1077 1589 1156 1623 Vol.
1177 1590 1220 1623 11.
1247 1601 1281 1633 p.
1306 1587 1384 1623 255.
1409 1588 1523 1622 Erne-

132 1651 219 1686 stius
241 1651 286 1685 ad
311 1649 426 1684 Tacit.
450 1649 602 1683 Historr.
628 1651 656 1692 Ι,
679 1649 737 1684 52.
763 1650 952 1685 Ruhnken.
978 1651 1022 1685 ad
1045 1651 1135 1684 vell.
1159 1650 1204 1692 ΙΙ,
1228 1648 1286 1684 15.
1310 1650 1451 1683 Passov.
1477 1648 1523 1682 ad

133 1710 222 1744 Tac.
247 1709 368 1744 Germ.
396 1721 426 1744 c.
450 1709 508 1745 44.
534 1711 675 1745 lValch.
698 1712 866 1746 Emendd.
891 1711 991 1746 Livv.
1015 1723 1051 1755 p.
1073 1710 1153 1745 181.
1176 1709 1340 1744 Bremius
1365 1710 1410 1744 ad
1433 1710 1521 1754 Nep.

132 1770 236 1805 Attio.
262 1782 292 1804 c.
315 1771 385 1813 lx,
408 1770 442 1804 2.
475 1770 639 1806 Ochsner
675 1773 720 1807 ad
749 1774 900 1818 Eclogg.
936 1772 1007 1808 Cic.
1042 1784 1076 1816 p.
1099 1770 1183 1806 265.
1207 1772 1419 1806 Ramshorn.
1444 1771 1520 1805 Lat.

136 1832 298 1867 Gramm.
321 1844 358 1876 p.
383 1830 464 1865 442.
492 1832 664 1868 Weberus
687 1833 851 1867 Exercitt.
876 1833 969 1879 styli
992 1834 1072 1868 Lat.
1097 1834 1173 1868 Vol.
1192 1834 1219 1868 1.
1242 1845 1275 1877 p.
1293 1832 1374 1867 273.
1398 1832 1522 1866 Kueh-

133 1904 209 1931 ner.
234 1893 278 1926 ad
303 1892 377 1927 Cic.
399 1892 528 1927 Tuscc.
554 1894 582 1935 I,
607 1893 667 1936 23,
691 1892 748 1928 53.
774 1894 958 1938 Zumptius
982 1895 1026 1928 ad
1051 1894 1124 1929 Cic.
1150 1905 1201 1929 or.
1226 1894 1261 1928 in
1278 1894 1376 1928 Verr.
1400 1894 1475 1928 Act.
1493 1893 1522 1934 Ι,

134 1953 194 1995 18,
220 1952 279 1988 54.
304 1957 339 1987 et
363 1957 503 1997 praeter
525 1953 590 1987 hos
613 1954 716 1988 multi
744 1955 830 1997 alii,
863 1956 898 1989 id
922 1967 1064 2000 prorsus
1090 1966 1260 2000 negamus
1290 1954 1523 1997 omnibusque

135 2013 222 2047 locis
244 2013 442 2058 legitimam
465 2012 490 2046 i.
522 2025 553 2047 e.
585 2014 738 2048 activam
765 2016 928 2060 gerundii
960 2018 1168 2060 potestatem
1199 2013 1356 2049 obtinere
1387 2013 1522 2048 iudica-

135 2085 225 2108 mus.
270 2073 362 2107 Nam
384 2085 493 2117 quum
515 2078 633 2108 rectae
655 2075 783 2110 rationi
806 2075 947 2110 omnino
977 2079 1167 2121 repugnet,
1200 2075 1345 2110 eandem
1367 2074 1521 2109 formam

134 2136 260 2178 suapte
281 2136 406 2167 natura
430 2133 584 2169 diversas
607 2138 642 2169 et
673 2136 776 2179 plane
807 2136 998 2170 contrarias
1030 2136 1188 2170 notiones
1213 2135 1409 2177 continere,
1444 2137 1520 2169 tum

135 2206 276 2239 prorsus
301 2195 472 2228 absonum
505 2198 577 2237 est,
609 2196 802 2240 gerundio,
833 2197 927 2241 quod
951 2200 1084 2231 constat
1112 2199 1269 2241 respectu
1291 2207 1409 2230 sensus
1431 2194 1522 2229 nihil

135 2255 231 2290 aliud
266 2266 358 2296 esse,
394 2265 499 2298 quam
531 2266 631 2290 casus
654 2256 818 2292 infinitivi
849 2257 958 2292 activi
991 2257 1143 2302 obliquos
1173 2257 1236 2301 (v.
1269 2257 1409 2301 Zumpt.
1441 2256 1520 2292 Lat.

136 2316 295 2350 Gramm.
320 2317 354 2358 §.
377 2314 434 2356 82,
457 2315 531 2360 1.),
555 2315 752 2360 duplicem,
786 2321 822 2352 et
844 2318 950 2352 activi
973 2322 1007 2352 et
1030 2317 1162 2362 passivi
1185 2317 1258 2351 vim
1283 2328 1378 2360 esse,
1402 2317 1518 2352 infini-

135 2375 208 2410 tivo
240 2378 379 2416 autem,
413 2374 437 2408 i.
463 2387 495 2412 e.
530 2377 627 2410 casui
650 2382 742 2412 recto
759 2402 770 2420 ‚
803 2389 873 2412 non
896 2389 980 2414 esse.
1029 2379 1150 2423 Neque
1173 2389 1215 2413 ea
1237 2389 1312 2421 res,
1336 2378 1429 2422 quod
1450 2378 1519 2413 ista

135 2434 299 2481 gerundii
322 2436 481 2480 exempla
504 2438 685 2472 commode
708 2438 849 2483 passiva
872 2440 1045 2474 structura
1067 2438 1330 2482 circumscribi,
1354 2443 1414 2474 aut
1436 2450 1520 2485 ger-

134 2495 271 2530 manice
297 2495 332 2529 in
356 2495 534 2539 passivum
557 2497 711 2531 converti
734 2502 893 2542 possunt,
926 2499 1083 2534 virorum
1108 2500 1290 2535 doctorum
1311 2500 1519 2535 sententiam

135 2557 341 2600 confirmat,
376 2556 436 2591 sed
467 2557 582 2601 potins
605 2557 812 2594 documento
836 2563 907 2602 est,
938 2571 997 2595 eos
1020 2561 1057 2595 in
1079 2561 1210 2596 iudicio
1233 2572 1295 2596 suo
1318 2560 1435 2606 magis
1458 2571 1519 2594 ex-

136 2619 271 2651 ternam
294 2617 457 2661 speciem,
485 2627 592 2660 quam
614 2628 735 2653 veram
757 2623 951 2655 structurae
973 2621 1127 2656 indolem
1150 2633 1225 2657 esse
1245 2625 1393 2656 secutos.
1425 2621 1517 2656 Nam

121 2688 176 2731 ‘re
199 2678 397 2712 accuratius
420 2681 576 2722 spectata
601 2682 745 2723 apparet
766 2680 803 2714 in
827 2681 988 2716 omnibus
1011 2682 1173 2728 gerundii
1196 2682 1331 2728 passive
1353 2680 1517 2727 explicati

139 2737 307 2782 exemplis
329 2737 464 2774 dicendi
488 2739 729 2785 insolentiam,
763 2741 793 2778 si
818 2754 886 2787 qua
909 2746 978 2786 est,
1011 2742 1046 2777 in
1070 2754 1112 2779 eo
1134 2754 1208 2779 esse
1230 2742 1398 2788 positam,
1423 2741 1515 2786 quod
