<?xml version="1.0" encoding="UTF-8"?>
<!DOCTYPE html PUBLIC "-//W3C//DTD XHTML 1.0 Transitional//EN"
    "http://www.w3.org/TR/xhtml1/DTD/xhtml1-transitional.dtd">
<html xmlns="http://www.w3.org/1999/xhtml" xml:lang="en" lang="en">
 <head>
  <title>
</title>
<meta http-equiv="Content-Type" content="text/html;charset=utf-8" />
  <meta name='ocr-system' content='tesseract 3.04.00' />
  <meta name='ocr-capabilities' content='ocr_page ocr_carea ocr_par ocr_line ocrx_word'/>
</head>
<body>
  <div class='ocr_page' id='page_1' title='image "./operaquaesupeappx01salluoft_0858.png"; bbox 0 0 1630 3034; ppageno 0'>
   <div class='ocr_carea' id='block_1_1' title="bbox 183 137 1206 211">
    <p class='ocr_par' dir='ltr' id='par_1_1' title="bbox 183 137 1206 211">
     <span class='ocr_line' id='line_1_1' title="bbox 183 137 1206 211; baseline -0.002 0"><span class='ocrx_word' id='word_1_1' title='bbox 183 170 268 211; x_wconf 77' lang='lat'>478</span> <span class='ocrx_word' id='word_1_2' title='bbox 547 137 1206 209; x_wconf 79' lang='lat' dir='ltr'>c.SA1.LUST1cRISP1</span> 
     </span>
    </p>
   </div>
   <div class='ocr_carea' id='block_1_2' title="bbox 138 281 1583 925">
    <p class='ocr_par' dir='ltr' id='par_1_2' title="bbox 138 281 1583 925">
     <span class='ocr_line' id='line_1_2' title="bbox 183 281 1583 342; baseline 0.001 -16"><span class='ocrx_word' id='word_1_3' title='bbox 183 282 452 341; x_wconf 88' lang='lat' dir='ltr'>castellaque</span> <span class='ocrx_word' id='word_1_4' title='bbox 496 282 664 326; x_wconf 83' lang='lat' dir='ltr'>munita</span> <span class='ocrx_word' id='word_1_5' title='bbox 707 281 855 338; x_wconf 88' lang='lat' dir='ltr'>adire,</span> <span class='ocrx_word' id='word_1_6' title='bbox 899 281 1062 342; x_wconf 77' lang='lat' dir='ltr'>partim</span> <span class='ocrx_word' id='word_1_7' title='bbox 1102 282 1170 338; x_wconf 86' lang='lat' dir='ltr'>vi,</span> <span class='ocrx_word' id='word_1_8' title='bbox 1210 283 1296 326; x_wconf 87' lang='lat' dir='ltr'>alia</span> <span class='ocrx_word' id='word_1_9' title='bbox 1330 289 1452 328; x_wconf 91' lang='lat' dir='ltr'>metu</span> <span class='ocrx_word' id='word_1_10' title='bbox 1487 288 1583 328; x_wconf 66' lang='lat' dir='ltr'>aut&#39;</span> 
     </span>
     <span class='ocr_line' id='line_1_3' title="bbox 144 379 1562 440; baseline 0.001 -16"><span class='ocrx_word' id='word_1_11' title='bbox 144 379 379 438; x_wconf 77' lang='lat' dir='ltr'>2praemia</span> <span class='ocrx_word' id='word_1_12' title='bbox 409 379 675 423; x_wconf 87' lang='lat' dir='ltr'>ostentando</span> <span class='ocrx_word' id='word_1_13' title='bbox 706 384 910 423; x_wconf 81' lang='lat' dir='ltr'>avortere</span> <span class='ocrx_word' id='word_1_14' title='bbox 943 379 1001 422; x_wconf 93' lang='lat' dir='ltr'>ab</span> <span class='ocrx_word' id='word_1_15' title='bbox 1036 379 1250 427; x_wconf 78' lang='lat' dir='ltr'>hostibus,</span> <span class='ocrx_word' id='word_1_16' title='bbox 1320 380 1389 424; x_wconf 87' lang='lat' dir='ltr'>Ac</span> <span class='ocrx_word' id='word_1_17' title='bbox 1417 381 1562 440; x_wconf 86' lang='lat' dir='ltr'>primo</span> 
     </span>
     <span class='ocr_line' id='line_1_4' title="bbox 182 475 1563 537; baseline 0.002 -19"><span class='ocrx_word' id='word_1_18' title='bbox 182 475 430 520; x_wconf 83' lang='lat' dir='ltr'><strong>mediocria</strong></span> <span class='ocrx_word' id='word_1_19' title='bbox 476 477 691 537; x_wconf 83' lang='lat' dir='ltr'>gerebat,</span> <span class='ocrx_word' id='word_1_20' title='bbox 739 476 1004 520; x_wconf 83' lang='lat' dir='ltr'>existumans</span> <span class='ocrx_word' id='word_1_21' title='bbox 1051 476 1318 536; x_wconf 86' lang='lat' dir='ltr'>Iugurtham</span> <span class='ocrx_word' id='word_1_22' title='bbox 1366 478 1425 521; x_wconf 91' lang='lat' dir='ltr'>ob</span> <span class='ocrx_word' id='word_1_23' title='bbox 1461 492 1563 521; x_wconf 87' lang='lat' dir='ltr'>suos</span> 
     </span>
     <span class='ocr_line' id='line_1_5' title="bbox 144 566 1564 634; baseline 0.001 -19"><span class='ocrx_word' id='word_1_24' title='bbox 144 573 386 620; x_wconf 83' lang='lat' dir='ltr'>3tutandos</span> <span class='ocrx_word' id='word_1_25' title='bbox 422 573 466 616; x_wconf 83' lang='lat' dir='ltr'>in</span> <span class='ocrx_word' id='word_1_26' title='bbox 500 588 656 617; x_wconf 88' lang='lat' dir='ltr'>manus</span> <span class='ocrx_word' id='word_1_27' title='bbox 692 578 941 618; x_wconf 82' lang='lat' dir='ltr'>venturum.</span> <span class='ocrx_word' id='word_1_28' title='bbox 1010 573 1105 618; x_wconf 88' lang='lat' dir='ltr'>Sed</span> <span class='ocrx_word' id='word_1_29' title='bbox 1140 575 1216 618; x_wconf 91' lang='lat' dir='ltr'>ubi</span> <span class='ocrx_word' id='word_1_30' title='bbox 1251 575 1372 618; x_wconf 92' lang='lat' dir='ltr'>illum</span> <span class='ocrx_word' id='word_1_31' title='bbox 1397 566 1564 634; x_wconf 57' lang='lat' dir='ltr'>&#39;procul</span> 
     </span>
     <span class='ocr_line' id='line_1_6' title="bbox 179 659 1564 758; baseline 0 -45"><span class='ocrx_word' id='word_1_32' title='bbox 179 670 335 714; x_wconf 87' lang='lat' dir='ltr'>abesse</span> <span class='ocrx_word' id='word_1_33' title='bbox 378 677 423 714; x_wconf 90' lang='lat' dir='ltr'>et</span> <span class='ocrx_word' id='word_1_34' title='bbox 466 671 579 758; x_wconf 60' lang='lat' dir='ltr'>aliis3</span> <span class='ocrx_word' id='word_1_35' title='bbox 598 659 788 730; x_wconf 84' lang='lat' dir='ltr'>negotiis</span> <span class='ocrx_word' id='word_1_36' title='bbox 825 670 1041 714; x_wconf 84' lang='lat' dir='ltr'>intentum</span> <span class='ocrx_word' id='word_1_37' title='bbox 1081 672 1281 731; x_wconf 84' lang='lat' dir='ltr'>accepit,</span> <span class='ocrx_word' id='word_1_38' title='bbox 1316 672 1485 715; x_wconf 87' lang='lat' dir='ltr'>maiora</span> <span class='ocrx_word' id='word_1_39' title='bbox 1520 677 1564 714; x_wconf 91' lang='lat' dir='ltr'>et</span> 
     </span>
     <span class='ocr_line' id='line_1_7' title="bbox 138 766 1563 828; baseline 0.001 -18"><span class='ocrx_word' id='word_1_40' title='bbox 138 766 316 827; x_wconf 81' lang='lat' dir='ltr'>4magis</span> <span class='ocrx_word' id='word_1_41' title='bbox 356 783 518 828; x_wconf 86' lang='lat' dir='ltr'>aspera</span> <span class='ocrx_word' id='word_1_42' title='bbox 553 767 742 828; x_wconf 84' lang='lat' dir='ltr'>aggredi</span> <span class='ocrx_word' id='word_1_43' title='bbox 773 774 951 827; x_wconf 87' lang='lat' dir='ltr'>tempus</span> <span class='ocrx_word' id='word_1_44' title='bbox 991 768 1132 812; x_wconf 74' lang='lat' dir='ltr'>visum</span> <span class='ocrx_word' id='word_1_45' title='bbox 1160 774 1236 812; x_wconf 84' lang='lat' dir='ltr'>est.</span> <span class='ocrx_word' id='word_1_46' title='bbox 1307 769 1418 812; x_wconf 83' lang='lat' dir='ltr'>Erat</span> <span class='ocrx_word' id='word_1_47' title='bbox 1451 769 1563 812; x_wconf 85' lang='lat' dir='ltr'>inter</span> 
     </span>
     <span class='ocr_line' id='line_1_8' title="bbox 172 864 1577 925; baseline 0.002 -19"><span class='ocrx_word' id='word_1_48' title='bbox 172 864 364 924; x_wconf 80' lang='lat' dir='ltr'>ingentis</span> <span class='ocrx_word' id='word_1_49' title='bbox 404 865 660 909; x_wconf 85' lang='lat' dir='ltr'>solitudines</span> <span class='ocrx_word' id='word_1_50' title='bbox 708 864 1191 925; x_wconf 62' lang='lat' dir='ltr'>oppidum“&#39;magnum</span> <span class='ocrx_word' id='word_1_51' title='bbox 1227 872 1361 924; x_wconf 89' lang='lat' dir='ltr'>atque</span> <span class='ocrx_word' id='word_1_52' title='bbox 1397 866 1577 921; x_wconf 44' lang='lat' dir='ltr'>valens,</span> 
     </span>
    </p>
   </div>
   <div class='ocr_carea' id='block_1_3' title="bbox 174 953 1561 1023">
    <p class='ocr_par' dir='ltr' id='par_1_3' title="bbox 174 953 1561 1023">
     <span class='ocr_line' id='line_1_9' title="bbox 174 953 1561 1023; baseline 0.001 -19"><span class='ocrx_word' id='word_1_53' title='bbox 174 953 359 1006; x_wconf 30' lang='lat' dir='ltr'>nomine*</span> <span class='ocrx_word' id='word_1_54' title='bbox 401 961 576 1023; x_wconf 83' lang='lat' dir='ltr'>Capsa,</span> <span class='ocrx_word' id='word_1_55' title='bbox 624 962 746 1006; x_wconf 86' lang='lat' dir='ltr'>cuius</span> <span class='ocrx_word' id='word_1_56' title='bbox 784 961 989 1005; x_wconf 86' lang='lat' dir='ltr'>conditor</span> <span class='ocrx_word' id='word_1_57' title='bbox 1030 963 1249 1007; x_wconf 72' lang='lat' dir='ltr'>Hercules</span> <span class='ocrx_word' id='word_1_58' title='bbox 1284 963 1427 1022; x_wconf 75' lang='lat' dir='ltr'>Libys</span> <span class='ocrx_word' id='word_1_59' title='bbox 1463 978 1561 1006; x_wconf 88' lang='lat' dir='ltr'>me-</span> 
     </span>
    </p>
   </div>
   <div class='ocr_carea' id='block_1_4' title="bbox 154 1119 1562 2813">
    <p class='ocr_par' dir='ltr' id='par_1_4' title="bbox 163 1119 1562 1774">
     <span class='ocr_line' id='line_1_10' title="bbox 175 1119 1562 1166; baseline 0.002 -12"><span class='ocrx_word' id='word_1_60' title='bbox 175 1119 210 1154; x_wconf 83' lang='lat'>3.</span> <span class='ocrx_word' id='word_1_61' title='bbox 249 1120 365 1156; x_wconf 82' lang='lat' dir='ltr'>Tacit.</span> <span class='ocrx_word' id='word_1_62' title='bbox 399 1121 534 1158; x_wconf 86' lang='lat' dir='ltr'>Histor.</span> <span class='ocrx_word' id='word_1_63' title='bbox 558 1124 626 1166; x_wconf 86' lang='lat' dir='ltr'>IV,</span> <span class='ocrx_word' id='word_1_64' title='bbox 650 1123 707 1166; x_wconf 80' lang='lat'>71,</span> <span class='ocrx_word' id='word_1_65' title='bbox 731 1125 818 1158; x_wconf 82' lang='lat' dir='ltr'>extr.</span> <span class='ocrx_word' id='word_1_66' title='bbox 873 1123 919 1157; x_wconf 83' lang='lat' dir='ltr'>Ut</span> <span class='ocrx_word' id='word_1_67' title='bbox 949 1128 1129 1158; x_wconf 75' lang='lat' dir='ltr'>ventum</span> <span class='ocrx_word' id='word_1_68' title='bbox 1162 1123 1207 1158; x_wconf 78' lang='lat' dir='ltr'>in</span> <span class='ocrx_word' id='word_1_69' title='bbox 1239 1134 1413 1165; x_wconf 75' lang='lat' dir='ltr'>manns,</span> <span class='ocrx_word' id='word_1_70' title='bbox 1437 1124 1562 1158; x_wconf 80' lang='lat' dir='ltr'>detur-</span> 
     </span>
     <span class='ocr_line' id='line_1_11' title="bbox 171 1182 1560 1228; baseline 0.003 -14"><span class='ocrx_word' id='word_1_71' title='bbox 171 1182 248 1216; x_wconf 75' lang='lat' dir='ltr'>bati</span> <span class='ocrx_word' id='word_1_72' title='bbox 277 1185 568 1228; x_wconf 80' lang='lat' dir='ltr'>praecipitantur.</span> <span class='ocrx_word' id='word_1_73' title='bbox 603 1185 739 1220; x_wconf 81' lang='lat' dir='ltr'>Annali.</span> <span class='ocrx_word' id='word_1_74' title='bbox 767 1184 819 1227; x_wconf 86' lang='lat'>11,</span> <span class='ocrx_word' id='word_1_75' title='bbox 845 1183 911 1225; x_wconf 83' lang='lat'>80,</span> <span class='ocrx_word' id='word_1_76' title='bbox 944 1182 978 1217; x_wconf 77' lang='grc'>4.</span> <span class='ocrx_word' id='word_1_77' title='bbox 1034 1185 1079 1220; x_wconf 83' lang='lat' dir='ltr'>Ut</span> <span class='ocrx_word' id='word_1_78' title='bbox 1116 1196 1284 1219; x_wconf 80' lang='lat' dir='ltr'>venere</span> <span class='ocrx_word' id='word_1_79' title='bbox 1316 1186 1363 1219; x_wconf 79' lang='lat' dir='ltr'>in</span> <span class='ocrx_word' id='word_1_80' title='bbox 1393 1196 1560 1225; x_wconf 77' lang='lat' dir='ltr'>manus,</span> 
     </span>
     <span class='ocr_line' id='line_1_12' title="bbox 168 1245 1560 1290; baseline 0.003 -15"><span class='ocrx_word' id='word_1_81' title='bbox 168 1249 309 1278; x_wconf 83' lang='lat' dir='ltr'>vertunt</span> <span class='ocrx_word' id='word_1_82' title='bbox 333 1250 439 1290; x_wconf 81' lang='lat' dir='ltr'>terga</span> <span class='ocrx_word' id='word_1_83' title='bbox 464 1247 596 1280; x_wconf 77' lang='lat' dir='ltr'>Cilices.</span> <span class='ocrx_word' id='word_1_84' title='bbox 621 1266 666 1271; x_wconf 97' lang='lat'><strong>—</strong></span> <span class='ocrx_word' id='word_1_85' title='bbox 691 1247 792 1279; x_wconf 85' lang='lat' dir='ltr'>Illam</span> <span class='ocrx_word' id='word_1_86' title='bbox 815 1245 955 1279; x_wconf 77' lang='lat' dir='ltr'>eortius</span> <span class='ocrx_word' id='word_1_87' title='bbox 978 1246 1076 1280; x_wconf 88' lang='lat' dir='ltr'>nulla</span> <span class='ocrx_word' id='word_1_88' title='bbox 1095 1246 1301 1280; x_wconf 86' lang='lat' dir='ltr'>auctoritate</span> <span class='ocrx_word' id='word_1_89' title='bbox 1323 1245 1473 1287; x_wconf 79' lang='lat' dir='ltr'>delevit3</span> <span class='ocrx_word' id='word_1_90' title='bbox 1497 1256 1560 1279; x_wconf 87' lang='lat' dir='ltr'>ne-</span> 
     </span>
     <span class='ocr_line' id='line_1_13' title="bbox 168 1304 1560 1352; baseline 0.002 -15"><span class='ocrx_word' id='word_1_91' title='bbox 168 1315 236 1347; x_wconf 87' lang='lat' dir='ltr'>que</span> <span class='ocrx_word' id='word_1_92' title='bbox 259 1304 351 1339; x_wconf 89' lang='lat' dir='ltr'>idem</span> <span class='ocrx_word' id='word_1_93' title='bbox 376 1306 646 1350; x_wconf 82' lang='lat' dir='ltr'>intemperantes</span> <span class='ocrx_word' id='word_1_94' title='bbox 670 1318 794 1341; x_wconf 85' lang='lat' dir='ltr'>manus</span> <span class='ocrx_word' id='word_1_95' title='bbox 829 1305 996 1341; x_wconf 83' lang='lat' dir='ltr'>abstinuit</span> <span class='ocrx_word' id='word_1_96' title='bbox 1020 1318 1042 1340; x_wconf 90' lang='lat' dir='ltr'>a</span> <span class='ocrx_word' id='word_1_97' title='bbox 1073 1307 1206 1341; x_wconf 85' lang='lat' dir='ltr'>voculis</span> <span class='ocrx_word' id='word_1_98' title='bbox 1230 1307 1346 1352; x_wconf 84' lang='lat' dir='ltr'>magis</span> <span class='ocrx_word' id='word_1_99' title='bbox 1368 1311 1402 1341; x_wconf 89' lang='lat' dir='ltr'>et</span> <span class='ocrx_word' id='word_1_100' title='bbox 1425 1311 1497 1349; x_wconf 87' lang='lat' dir='ltr'>est,</span> <span class='ocrx_word' id='word_1_101' title='bbox 1522 1305 1560 1340; x_wconf 85' lang='lat' dir='ltr'>in</span> 
     </span>
     <span class='ocr_line' id='line_1_14' title="bbox 166 1366 1560 1412; baseline 0.003 -14"><span class='ocrx_word' id='word_1_102' title='bbox 166 1366 358 1409; x_wconf 78' lang='lat' dir='ltr'>posteriore</span> <span class='ocrx_word' id='word_1_103' title='bbox 391 1379 477 1401; x_wconf 85' lang='lat' dir='ltr'>voce</span> <span class='ocrx_word' id='word_1_104' title='bbox 517 1378 696 1401; x_wconf 80' lang='lat' dir='ltr'>assensum</span> <span class='ocrx_word' id='word_1_105' title='bbox 727 1372 848 1403; x_wconf 83' lang='lat' dir='ltr'>nactus</span> <span class='ocrx_word' id='word_1_106' title='bbox 883 1367 1066 1402; x_wconf 84' lang='lat' dir='ltr'>Gerlachii</span> <span class='ocrx_word' id='word_1_107' title='bbox 1098 1367 1132 1400; x_wconf 90' lang='lat' dir='ltr'>in</span> <span class='ocrx_word' id='word_1_108' title='bbox 1166 1368 1374 1402; x_wconf 85' lang='lat' dir='ltr'>Commentt-</span> <span class='ocrx_word' id='word_1_109' title='bbox 1409 1379 1444 1412; x_wconf 81' lang='lat' dir='ltr'>p.</span> <span class='ocrx_word' id='word_1_110' title='bbox 1476 1366 1560 1402; x_wconf 79' lang='lat'>32⁰.</span> 
     </span>
     <span class='ocr_line' id='line_1_15' title="bbox 165 1426 1558 1473; baseline 0.002 -14"><span class='ocrx_word' id='word_1_111' title='bbox 165 1431 309 1470; x_wconf 82' lang='lat' dir='ltr'>propter</span> <span class='ocrx_word' id='word_1_112' title='bbox 338 1428 420 1461; x_wconf 74' lang='lat' dir='ltr'>Ven-</span> <span class='ocrx_word' id='word_1_113' title='bbox 446 1427 491 1469; x_wconf 91' lang='lat'>1.‚</span> <span class='ocrx_word' id='word_1_114' title='bbox 515 1440 730 1472; x_wconf 89' lang='lat' dir='ltr'>quamquam</span> <span class='ocrx_word' id='word_1_115' title='bbox 761 1429 797 1463; x_wconf 91' lang='lat' dir='ltr'>in</span> <span class='ocrx_word' id='word_1_116' title='bbox 822 1430 875 1464; x_wconf 88' lang='lat' dir='ltr'>ed.</span> <span class='ocrx_word' id='word_1_117' title='bbox 909 1429 993 1463; x_wconf 85' lang='lat' dir='ltr'>min.</span> <span class='ocrx_word' id='word_1_118' title='bbox 1025 1428 1209 1473; x_wconf 83' lang='lat' dir='ltr'>vulgatam</span> <span class='ocrx_word' id='word_1_119' title='bbox 1231 1439 1351 1462; x_wconf 88' lang='lat' dir='ltr'>rursus</span> <span class='ocrx_word' id='word_1_120' title='bbox 1373 1426 1558 1472; x_wconf 79' lang='lat' dir='ltr'>amplecti-</span> 
     </span>
     <span class='ocr_line' id='line_1_16' title="bbox 166 1488 1557 1536; baseline 0.003 -16"><span class='ocrx_word' id='word_1_121' title='bbox 166 1490 234 1520; x_wconf 89' lang='lat' dir='ltr'>tur.</span> <span class='ocrx_word' id='word_1_122' title='bbox 259 1507 305 1512; x_wconf 89' lang='lat'>-—</span> <span class='ocrx_word' id='word_1_123' title='bbox 330 1490 513 1534; x_wconf 79' lang='lat' dir='ltr'>Aggredi,</span> <span class='ocrx_word' id='word_1_124' title='bbox 538 1490 631 1533; x_wconf 88' lang='lat' dir='ltr'>quod</span> <span class='ocrx_word' id='word_1_125' title='bbox 657 1491 782 1525; x_wconf 75' lang='lat' dir='ltr'>volunt</span> <span class='ocrx_word' id='word_1_126' title='bbox 815 1500 879 1534; x_wconf 87' lang='lat' dir='ltr'>pro</span> <span class='ocrx_word' id='word_1_127' title='bbox 904 1489 1143 1536; x_wconf 78' lang='lat' dir='ltr'>aggrediendi</span> <span class='ocrx_word' id='word_1_128' title='bbox 1176 1488 1307 1523; x_wconf 91' lang='lat' dir='ltr'>dictum</span> <span class='ocrx_word' id='word_1_129' title='bbox 1331 1501 1426 1531; x_wconf 86' lang='lat' dir='ltr'>esse,</span> <span class='ocrx_word' id='word_1_130' title='bbox 1450 1500 1557 1533; x_wconf 84' lang='lat' dir='ltr'>quam</span> 
     </span>
     <span class='ocr_line' id='line_1_17' title="bbox 165 1549 1556 1596; baseline 0.005 -16"><span class='ocrx_word' id='word_1_131' title='bbox 165 1549 362 1582; x_wconf 82' lang='lat' dir='ltr'>structurae</span> <span class='ocrx_word' id='word_1_132' title='bbox 392 1549 564 1584; x_wconf 89' lang='lat' dir='ltr'>rationem</span> <span class='ocrx_word' id='word_1_133' title='bbox 597 1550 728 1585; x_wconf 89' lang='lat' dir='ltr'>habeat</span> <span class='ocrx_word' id='word_1_134' title='bbox 763 1550 940 1596; x_wconf 83' lang='lat' dir='ltr'>intelliges</span> <span class='ocrx_word' id='word_1_135' title='bbox 975 1562 1018 1584; x_wconf 84' lang='lat' dir='ltr'>ex</span> <span class='ocrx_word' id='word_1_136' title='bbox 1056 1552 1140 1584; x_wconf 85' lang='lat' dir='ltr'>nota</span> <span class='ocrx_word' id='word_1_137' title='bbox 1169 1550 1213 1584; x_wconf 86' lang='lat' dir='ltr'>ad</span> <span class='ocrx_word' id='word_1_138' title='bbox 1245 1551 1322 1586; x_wconf 83' lang='lat' dir='ltr'>Cat.</span> <span class='ocrx_word' id='word_1_139' title='bbox 1362 1551 1486 1594; x_wconf 80' lang='lat' dir='ltr'>XXX,</span> <span class='ocrx_word' id='word_1_140' title='bbox 1521 1549 1556 1587; x_wconf 83' lang='lat'>5.</span> 
     </span>
     <span class='ocr_line' id='line_1_18' title="bbox 168 1607 1554 1656; baseline 0.005 -16"><span class='ocrx_word' id='word_1_141' title='bbox 168 1607 316 1651; x_wconf 82' lang='lat' dir='ltr'>Tempus</span> <span class='ocrx_word' id='word_1_142' title='bbox 351 1609 444 1643; x_wconf 87' lang='lat' dir='ltr'>enim</span> <span class='ocrx_word' id='word_1_143' title='bbox 477 1611 686 1656; x_wconf 84' lang='lat' dir='ltr'>praegnanti</span> <span class='ocrx_word' id='word_1_144' title='bbox 714 1623 816 1646; x_wconf 84' lang='lat' dir='ltr'>sensu</span> <span class='ocrx_word' id='word_1_145' title='bbox 849 1616 902 1646; x_wconf 85' lang='lat' dir='ltr'>est</span> <span class='ocrx_word' id='word_1_146' title='bbox 932 1615 1160 1656; x_wconf 81' lang='lat' dir='ltr'>opportunum</span> <span class='ocrx_word' id='word_1_147' title='bbox 1192 1615 1353 1656; x_wconf 77' lang='lat' dir='ltr'>tempus,·</span> <span class='ocrx_word' id='word_1_148' title='bbox 1385 1624 1420 1646; x_wconf 83' lang='lat' dir='ltr'>v.</span> <span class='ocrx_word' id='word_1_149' title='bbox 1445 1612 1489 1646; x_wconf 82' lang='lat' dir='ltr'>ad</span> <span class='ocrx_word' id='word_1_150' title='bbox 1520 1623 1554 1648; x_wconf 81' lang='lat' dir='ltr'>c.</span> 
     </span>
     <span class='ocr_line' id='line_1_19' title="bbox 163 1667 1557 1715; baseline 0.005 -15"><span class='ocrx_word' id='word_1_151' title='bbox 163 1667 323 1710; x_wconf 82' lang='lat' dir='ltr'>LXXIX,</span> <span class='ocrx_word' id='word_1_152' title='bbox 347 1668 380 1703; x_wconf 80' lang='lat'>7.</span> <span class='ocrx_word' id='word_1_153' title='bbox 402 1671 664 1708; x_wconf 86' lang='lat' dir='ltr'>Drakenborch.</span> <span class='ocrx_word' id='word_1_154' title='bbox 689 1674 733 1707; x_wconf 90' lang='lat' dir='ltr'>ad</span> <span class='ocrx_word' id='word_1_155' title='bbox 765 1672 842 1707; x_wconf 80' lang='lat' dir='ltr'>Liv.</span> <span class='ocrx_word' id='word_1_156' title='bbox 867 1673 925 1714; x_wconf 77' lang='lat' dir='ltr'>vl,</span> <span class='ocrx_word' id='word_1_157' title='bbox 950 1672 1007 1714; x_wconf 88' lang='grc'>18,</span> <span class='ocrx_word' id='word_1_158' title='bbox 1032 1671 1089 1706; x_wconf 84' lang='lat'>12.</span> <span class='ocrx_word' id='word_1_159' title='bbox 1114 1672 1210 1715; x_wconf 86' lang='lat' dir='ltr'>XXI,</span> <span class='ocrx_word' id='word_1_160' title='bbox 1234 1671 1292 1715; x_wconf 65' lang='lat'>51,</span> <span class='ocrx_word' id='word_1_161' title='bbox 1316 1673 1350 1708; x_wconf 83' lang='lat'>2.</span> <span class='ocrx_word' id='word_1_162' title='bbox 1374 1673 1457 1707; x_wconf 87' lang='lat' dir='ltr'>Ter.</span> <span class='ocrx_word' id='word_1_163' title='bbox 1481 1673 1557 1707; x_wconf 84' lang='lat' dir='ltr'>He-</span> 
     </span>
     <span class='ocr_line' id='line_1_20' title="bbox 163 1729 465 1774; baseline 0.017 -12"><span class='ocrx_word' id='word_1_164' title='bbox 163 1739 237 1774; x_wconf 80' lang='lat' dir='ltr'>cyr.</span> <span class='ocrx_word' id='word_1_165' title='bbox 263 1729 322 1772; x_wconf 87' lang='lat' dir='ltr'>IV,</span> <span class='ocrx_word' id='word_1_166' title='bbox 350 1730 384 1772; x_wconf 83' lang='lat'>2,</span> <span class='ocrx_word' id='word_1_167' title='bbox 408 1731 465 1768; x_wconf 85' lang='lat'>21.</span> 
     </span>
    </p>

    <p class='ocr_par' dir='ltr' id='par_1_5' title="bbox 154 1791 1553 2813">
     <span class='ocr_line' id='line_1_21' title="bbox 254 1791 1551 1838; baseline 0.002 -13"><span class='ocrx_word' id='word_1_168' title='bbox 254 1793 286 1833; x_wconf 74' lang='lat'>§-</span> <span class='ocrx_word' id='word_1_169' title='bbox 312 1791 346 1827; x_wconf 72' lang='lat'>4.</span> <span class='ocrx_word' id='word_1_170' title='bbox 394 1794 535 1838; x_wconf 80' lang='lat' dir='ltr'>valens]</span> <span class='ocrx_word' id='word_1_171' title='bbox 576 1794 703 1827; x_wconf 82' lang='lat' dir='ltr'>Valens</span> <span class='ocrx_word' id='word_1_172' title='bbox 737 1793 902 1837; x_wconf 81' lang='lat' dir='ltr'>oppidum</span> <span class='ocrx_word' id='word_1_173' title='bbox 939 1792 1104 1827; x_wconf 84' lang='lat' dir='ltr'>Bremius</span> <span class='ocrx_word' id='word_1_174' title='bbox 1137 1793 1181 1827; x_wconf 86' lang='lat' dir='ltr'>ad</span> <span class='ocrx_word' id='word_1_175' title='bbox 1217 1792 1304 1837; x_wconf 80' lang='lat' dir='ltr'>Nep.</span> <span class='ocrx_word' id='word_1_176' title='bbox 1328 1793 1484 1828; x_wconf 85' lang='lat' dir='ltr'>Hamilc.</span> <span class='ocrx_word' id='word_1_177' title='bbox 1507 1794 1551 1834; x_wconf 86' lang='lat'>11,</span> 
     </span>
     <span class='ocr_line' id='line_1_22' title="bbox 161 1850 1553 1898; baseline 0.004 -15"><span class='ocrx_word' id='word_1_178' title='bbox 161 1850 195 1884; x_wconf 74' lang='lat'>4.</span> <span class='ocrx_word' id='word_1_179' title='bbox 230 1853 413 1886; x_wconf 87' lang='lat' dir='ltr'>commode</span> <span class='ocrx_word' id='word_1_180' title='bbox 444 1854 709 1898; x_wconf 79' lang='lat' dir='ltr'>interpretatur:</span> <span class='ocrx_word' id='word_1_181' title='bbox 733 1865 841 1897; x_wconf 90' lang='lat' dir='ltr'>quum</span> <span class='ocrx_word' id='word_1_182' title='bbox 876 1853 985 1888; x_wconf 85' lang='lat' dir='ltr'>armis</span> <span class='ocrx_word' id='word_1_183' title='bbox 1018 1858 1054 1888; x_wconf 85' lang='lat' dir='ltr'>et</span> <span class='ocrx_word' id='word_1_184' title='bbox 1082 1852 1239 1895; x_wconf 80' lang='lat' dir='ltr'>viribus,</span> <span class='ocrx_word' id='word_1_185' title='bbox 1264 1858 1339 1888; x_wconf 84' lang='lat' dir='ltr'>tum</span> <span class='ocrx_word' id='word_1_186' title='bbox 1362 1855 1487 1898; x_wconf 85' lang='lat' dir='ltr'>opibus</span> <span class='ocrx_word' id='word_1_187' title='bbox 1510 1866 1553 1889; x_wconf 85' lang='lat' dir='ltr'>ac</span> 
     </span>
     <span class='ocr_line' id='line_1_23' title="bbox 161 1912 1552 1959; baseline 0.002 -14"><span class='ocrx_word' id='word_1_188' title='bbox 161 1912 293 1947; x_wconf 86' lang='lat' dir='ltr'>divitiis</span> <span class='ocrx_word' id='word_1_189' title='bbox 313 1917 444 1956; x_wconf 81' lang='lat' dir='ltr'>potens.</span> <span class='ocrx_word' id='word_1_190' title='bbox 471 1935 515 1940; x_wconf 90' lang='lat'>—</span> <span class='ocrx_word' id='word_1_191' title='bbox 551 1916 601 1948; x_wconf 86' lang='lat' dir='ltr'>De</span> <span class='ocrx_word' id='word_1_192' title='bbox 629 1915 744 1959; x_wconf 83' lang='lat' dir='ltr'>Capsa</span> <span class='ocrx_word' id='word_1_193' title='bbox 775 1916 890 1956; x_wconf 89' lang='lat' dir='ltr'>urbe,</span> <span class='ocrx_word' id='word_1_194' title='bbox 923 1914 959 1948; x_wconf 86' lang='lat' dir='ltr'>in</span> <span class='ocrx_word' id='word_1_195' title='bbox 991 1914 1148 1959; x_wconf 76' lang='lat' dir='ltr'>Byzacio</span> <span class='ocrx_word' id='word_1_196' title='bbox 1180 1913 1268 1948; x_wconf 85' lang='lat' dir='ltr'>inter</span> <span class='ocrx_word' id='word_1_197' title='bbox 1291 1914 1494 1958; x_wconf 80' lang='lat' dir='ltr'>Bagradam</span> <span class='ocrx_word' id='word_1_198' title='bbox 1517 1917 1552 1949; x_wconf 81' lang='lat' dir='ltr'>et</span> 
     </span>
     <span class='ocr_line' id='line_1_24' title="bbox 161 1971 1552 2020; baseline 0.003 -14"><span class='ocrx_word' id='word_1_199' title='bbox 161 1972 346 2008; x_wconf 84' lang='lat' dir='ltr'>Tritonem</span> <span class='ocrx_word' id='word_1_200' title='bbox 370 1974 458 2017; x_wconf 82' lang='lat' dir='ltr'>sita,</span> <span class='ocrx_word' id='word_1_201' title='bbox 493 1975 538 2009; x_wconf 74' lang='lat' dir='ltr'>cf.</span> <span class='ocrx_word' id='word_1_202' title='bbox 563 1975 772 2010; x_wconf 82' lang='lat' dir='ltr'>Strabonem</span> <span class='ocrx_word' id='word_1_203' title='bbox 797 1976 905 2019; x_wconf 69' lang='lat' dir='ltr'>xvn,</span> <span class='ocrx_word' id='word_1_204' title='bbox 930 1975 977 2020; x_wconf 85' lang='lat'>3,</span> <span class='ocrx_word' id='word_1_205' title='bbox 1002 1975 1062 2019; x_wconf 87' lang='lat' dir='ltr'>qui</span> <span class='ocrx_word' id='word_1_206' title='bbox 1085 1986 1164 2009; x_wconf 87' lang='lat' dir='ltr'>eam</span> <span class='ocrx_word' id='word_1_207' title='bbox 1197 1973 1239 2010; x_wconf 76' lang='grc' dir='ltr'>τὸ</span> <span class='ocrx_word' id='word_1_208' title='bbox 1275 1971 1552 2019; x_wconf 74' lang='grc' dir='ltr'><strong><em>γαζοφυλάκιον</em></strong></span> 
     </span>
     <span class='ocr_line' id='line_1_25' title="bbox 160 2033 1550 2082; baseline 0.001 -13"><span class='ocrx_word' id='word_1_209' title='bbox 160 2036 229 2070; x_wconf 81' lang='grc' dir='ltr'>τοῦ</span> <span class='ocrx_word' id='word_1_210' title='bbox 259 2033 484 2081; x_wconf 82' lang='grc' dir='ltr'><em>Ἰουγούρθα</em></span> <span class='ocrx_word' id='word_1_211' title='bbox 513 2037 690 2078; x_wconf 89' lang='lat' dir='ltr'>nominat,</span> <span class='ocrx_word' id='word_1_212' title='bbox 721 2041 757 2072; x_wconf 83' lang='lat' dir='ltr'>et</span> <span class='ocrx_word' id='word_1_213' title='bbox 785 2036 961 2071; x_wconf 84' lang='lat' dir='ltr'>Mannerti</span> <span class='ocrx_word' id='word_1_214' title='bbox 994 2037 1198 2082; x_wconf 82' lang='lat' dir='ltr'>Geograph.</span> <span class='ocrx_word' id='word_1_215' title='bbox 1225 2036 1350 2070; x_wconf 86' lang='lat' dir='ltr'>Graec.</span> <span class='ocrx_word' id='word_1_216' title='bbox 1385 2040 1420 2071; x_wconf 84' lang='lat' dir='ltr'>et</span> <span class='ocrx_word' id='word_1_217' title='bbox 1445 2036 1550 2070; x_wconf 87' lang='lat' dir='ltr'>Rom.</span> 
     </span>
     <span class='ocr_line' id='line_1_26' title="bbox 159 2097 1550 2143; baseline 0.002 -14"><span class='ocrx_word' id='word_1_218' title='bbox 159 2097 266 2131; x_wconf 88' lang='lat' dir='ltr'>Tom.</span> <span class='ocrx_word' id='word_1_219' title='bbox 292 2098 334 2131; x_wconf 86' lang='lat' dir='ltr'>X.</span> <span class='ocrx_word' id='word_1_220' title='bbox 368 2099 408 2132; x_wconf 88' lang='lat' dir='ltr'>P.</span> <span class='ocrx_word' id='word_1_221' title='bbox 435 2098 478 2133; x_wconf 90' lang='lat'>11.</span> <span class='ocrx_word' id='word_1_222' title='bbox 510 2109 544 2141; x_wconf 81' lang='lat' dir='ltr'>p.</span> <span class='ocrx_word' id='word_1_223' title='bbox 570 2097 639 2131; x_wconf 63' lang='lat'>314</span> <span class='ocrx_word' id='word_1_224' title='bbox 663 2109 736 2141; x_wconf 85' lang='lat' dir='ltr'>sqq.</span> <span class='ocrx_word' id='word_1_225' title='bbox 763 2117 810 2123; x_wconf 90' lang='lat'>—</span> <span class='ocrx_word' id='word_1_226' title='bbox 841 2099 1009 2132; x_wconf 82' lang='lat' dir='ltr'>Hercules</span> <span class='ocrx_word' id='word_1_227' title='bbox 1041 2098 1144 2142; x_wconf 75' lang='lat' dir='ltr'>Libys</span> <span class='ocrx_word' id='word_1_228' title='bbox 1176 2108 1200 2132; x_wconf 85' lang='lat' dir='ltr'>a</span> <span class='ocrx_word' id='word_1_229' title='bbox 1232 2097 1357 2132; x_wconf 85' lang='lat' dir='ltr'>Servio</span> <span class='ocrx_word' id='word_1_230' title='bbox 1383 2098 1427 2132; x_wconf 87' lang='lat' dir='ltr'>ad</span> <span class='ocrx_word' id='word_1_231' title='bbox 1450 2097 1550 2143; x_wconf 65' lang='lat' dir='ltr'>Vir-g.</span> 
     </span>
     <span class='ocr_line' id='line_1_27' title="bbox 159 2157 1551 2202; baseline 0.001 -11"><span class='ocrx_word' id='word_1_232' title='bbox 159 2157 245 2191; x_wconf 82' lang='lat' dir='ltr'>Aen.</span> <span class='ocrx_word' id='word_1_233' title='bbox 271 2158 359 2200; x_wconf 81' lang='lat' dir='ltr'>vul,</span> <span class='ocrx_word' id='word_1_234' title='bbox 382 2158 464 2194; x_wconf 62' lang='lat'>564.</span> <span class='ocrx_word' id='word_1_235' title='bbox 491 2158 617 2192; x_wconf 81' lang='lat' dir='ltr'>dicitur</span> <span class='ocrx_word' id='word_1_236' title='bbox 642 2158 778 2202; x_wconf 68' lang='lat' dir='ltr'>Libyas.</span> <span class='ocrx_word' id='word_1_237' title='bbox 819 2158 912 2194; x_wconf 73' lang='lat' dir='ltr'>Num</span> <span class='ocrx_word' id='word_1_238' title='bbox 935 2159 979 2193; x_wconf 85' lang='lat' dir='ltr'>ad</span> <span class='ocrx_word' id='word_1_239' title='bbox 1003 2159 1152 2193; x_wconf 84' lang='lat' dir='ltr'>eandem</span> <span class='ocrx_word' id='word_1_240' title='bbox 1177 2158 1219 2192; x_wconf 85' lang='lat' dir='ltr'>de</span> <span class='ocrx_word' id='word_1_241' title='bbox 1242 2170 1285 2193; x_wconf 90' lang='lat' dir='ltr'>eo</span> <span class='ocrx_word' id='word_1_242' title='bbox 1309 2159 1468 2193; x_wconf 77' lang='lat' dir='ltr'>fabulam</span> <span class='ocrx_word' id='word_1_243' title='bbox 1490 2158 1551 2193; x_wconf 90' lang='lat' dir='ltr'>hic</span> 
     </span>
     <span class='ocr_line' id='line_1_28' title="bbox 158 2219 1547 2264; baseline 0.001 -12"><span class='ocrx_word' id='word_1_244' title='bbox 158 2219 387 2264; x_wconf 83' lang='lat' dir='ltr'>respiciatur,</span> <span class='ocrx_word' id='word_1_245' title='bbox 422 2232 528 2264; x_wconf 88' lang='lat' dir='ltr'>quam</span> <span class='ocrx_word' id='word_1_246' title='bbox 565 2220 753 2254; x_wconf 84' lang='lat' dir='ltr'>Sallustius</span> <span class='ocrx_word' id='word_1_247' title='bbox 776 2231 881 2264; x_wconf 84' lang='lat' dir='ltr'>supra</span> <span class='ocrx_word' id='word_1_248' title='bbox 913 2232 942 2253; x_wconf 92' lang='lat' dir='ltr'>c.</span> <span class='ocrx_word' id='word_1_249' title='bbox 967 2221 1093 2262; x_wconf 73' lang='lat' dir='ltr'>xvm,</span> <span class='ocrx_word' id='word_1_250' title='bbox 1118 2220 1153 2255; x_wconf 80' lang='lat'>2.</span> <span class='ocrx_word' id='word_1_251' title='bbox 1177 2224 1455 2262; x_wconf 76' lang='lat' dir='ltr'>memoraverat,</span> <span class='ocrx_word' id='word_1_252' title='bbox 1481 2219 1547 2254; x_wconf 85' lang='lat' dir='ltr'>du-</span> 
     </span>
     <span class='ocr_line' id='line_1_29' title="bbox 157 2279 1547 2325; baseline 0.003 -13"><span class='ocrx_word' id='word_1_253' title='bbox 157 2279 256 2313; x_wconf 84' lang='lat' dir='ltr'>bium</span> <span class='ocrx_word' id='word_1_254' title='bbox 288 2285 350 2315; x_wconf 83' lang='lat' dir='ltr'>cst.</span> <span class='ocrx_word' id='word_1_255' title='bbox 398 2281 517 2325; x_wconf 74' lang='lat' dir='ltr'>Neque</span> <span class='ocrx_word' id='word_1_256' title='bbox 547 2286 665 2316; x_wconf 87' lang='lat' dir='ltr'>tamen</span> <span class='ocrx_word' id='word_1_257' title='bbox 705 2281 876 2316; x_wconf 80' lang='lat' dir='ltr'>Hercules</span> <span class='ocrx_word' id='word_1_258' title='bbox 909 2281 1012 2325; x_wconf 75' lang='lat' dir='ltr'>Libys</span> <span class='ocrx_word' id='word_1_259' title='bbox 1046 2293 1126 2316; x_wconf 90' lang='lat' dir='ltr'>cum</span> <span class='ocrx_word' id='word_1_260' title='bbox 1161 2282 1333 2316; x_wconf 77' lang='lat' dir='ltr'>Mueller-o</span> <span class='ocrx_word' id='word_1_261' title='bbox 1355 2286 1390 2316; x_wconf 83' lang='lat' dir='ltr'>et</span> <span class='ocrx_word' id='word_1_262' title='bbox 1413 2281 1547 2316; x_wconf 84' lang='lat' dir='ltr'>Weisio</span> 
     </span>
     <span class='ocr_line' id='line_1_30' title="bbox 157 2341 1543 2389; baseline 0.002 -16"><span class='ocrx_word' id='word_1_263' title='bbox 157 2341 405 2386; x_wconf 82' lang='lat' dir='ltr'>intelligen&#39;lus</span> <span class='ocrx_word' id='word_1_264' title='bbox 431 2347 482 2377; x_wconf 80' lang='lat' dir='ltr'>est</span> <span class='ocrx_word' id='word_1_265' title='bbox 518 2344 731 2389; x_wconf 78' lang='lat' dir='ltr'>Aegyptius,</span> <span class='ocrx_word' id='word_1_266' title='bbox 765 2343 825 2376; x_wconf 85' lang='lat' dir='ltr'>sed</span> <span class='ocrx_word' id='word_1_267' title='bbox 856 2342 970 2386; x_wconf 85' lang='lat' dir='ltr'>potius</span> <span class='ocrx_word' id='word_1_268' title='bbox 997 2344 1121 2387; x_wconf 76' lang='lat' dir='ltr'>Tyrius</span> <span class='ocrx_word' id='word_1_269' title='bbox 1146 2343 1206 2377; x_wconf 87' lang='lat' dir='ltr'>ille</span> <span class='ocrx_word' id='word_1_270' title='bbox 1230 2343 1305 2378; x_wconf 78' lang='lat' dir='ltr'>sive</span> <span class='ocrx_word' id='word_1_271' title='bbox 1329 2343 1543 2384; x_wconf 71' lang='lat' dir='ltr'>Phoenicius,</span> 
     </span>
     <span class='ocr_line' id='line_1_31' title="bbox 157 2400 1544 2448; baseline 0.004 -15"><span class='ocrx_word' id='word_1_272' title='bbox 157 2400 200 2433; x_wconf 92' lang='lat' dir='ltr'>de</span> <span class='ocrx_word' id='word_1_273' title='bbox 222 2413 292 2444; x_wconf 89' lang='lat' dir='ltr'>quo</span> <span class='ocrx_word' id='word_1_274' title='bbox 318 2413 349 2435; x_wconf 74' lang='grc' dir='ltr'>ν.</span> <span class='ocrx_word' id='word_1_275' title='bbox 382 2404 513 2438; x_wconf 83' lang='lat' dir='ltr'>Herod.</span> <span class='ocrx_word' id='word_1_276' title='bbox 538 2405 591 2445; x_wconf 87' lang='lat'>11,</span> <span class='ocrx_word' id='word_1_277' title='bbox 616 2404 672 2438; x_wconf 69' lang='lat'>44.</span> <span class='ocrx_word' id='word_1_278' title='bbox 699 2403 843 2438; x_wconf 86' lang='lat' dir='ltr'>Diodor.</span> <span class='ocrx_word' id='word_1_279' title='bbox 874 2404 909 2445; x_wconf 90' lang='lat'>1,</span> <span class='ocrx_word' id='word_1_280' title='bbox 935 2415 967 2447; x_wconf 82' lang='lat' dir='ltr'>p.</span> <span class='ocrx_word' id='word_1_281' title='bbox 991 2404 1090 2446; x_wconf 72' lang='lat'>202.;</span> <span class='ocrx_word' id='word_1_282' title='bbox 1125 2405 1216 2439; x_wconf 82' lang='lat' dir='ltr'>unde</span> <span class='ocrx_word' id='word_1_283' title='bbox 1238 2407 1332 2448; x_wconf 81' lang='lat' dir='ltr'>patet</span> <span class='ocrx_word' id='word_1_284' title='bbox 1354 2405 1422 2437; x_wconf 85' lang='lat' dir='ltr'>hac</span> <span class='ocrx_word' id='word_1_285' title='bbox 1447 2404 1544 2438; x_wconf 81' lang='lat' dir='ltr'>fama</span> 
     </span>
     <span class='ocr_line' id='line_1_32' title="bbox 156 2460 1543 2509; baseline 0.004 -16"><span class='ocrx_word' id='word_1_286' title='bbox 156 2460 247 2495; x_wconf 86' lang='lat' dir='ltr'>nihil</span> <span class='ocrx_word' id='word_1_287' title='bbox 281 2462 376 2498; x_wconf 78' lang='lat' dir='ltr'>aliud</span> <span class='ocrx_word' id='word_1_288' title='bbox 401 2463 615 2509; x_wconf 77' lang='lat' dir='ltr'>significari,</span> <span class='ocrx_word' id='word_1_289' title='bbox 650 2464 716 2499; x_wconf 83' lang='lat' dir='ltr'>nisi</span> <span class='ocrx_word' id='word_1_290' title='bbox 740 2465 911 2508; x_wconf 82' lang='lat' dir='ltr'>Capsam,</span> <span class='ocrx_word' id='word_1_291' title='bbox 946 2468 986 2499; x_wconf 85' lang='lat' dir='ltr'>ut</span> <span class='ocrx_word' id='word_1_292' title='bbox 1010 2465 1162 2509; x_wconf 80' lang='lat' dir='ltr'>plurima</span> <span class='ocrx_word' id='word_1_293' title='bbox 1184 2466 1256 2500; x_wconf 87' lang='lat' dir='ltr'>alia</span> <span class='ocrx_word' id='word_1_294' title='bbox 1279 2465 1419 2499; x_wconf 75' lang='lat' dir='ltr'>Africae</span> <span class='ocrx_word' id='word_1_295' title='bbox 1444 2464 1543 2509; x_wconf 80' lang='lat' dir='ltr'>oppi-</span> 
     </span>
     <span class='ocr_line' id='line_1_33' title="bbox 155 2521 1542 2570; baseline 0.004 -16"><span class='ocrx_word' id='word_1_296' title='bbox 155 2521 221 2563; x_wconf 87' lang='lat' dir='ltr'>da,</span> <span class='ocrx_word' id='word_1_297' title='bbox 247 2523 456 2558; x_wconf 83' lang='lat' dir='ltr'>Phoeniciae</span> <span class='ocrx_word' id='word_1_298' title='bbox 483 2526 588 2559; x_wconf 83' lang='lat' dir='ltr'>fuisse</span> <span class='ocrx_word' id='word_1_299' title='bbox 614 2525 782 2570; x_wconf 83' lang='lat' dir='ltr'>originis,</span> <span class='ocrx_word' id='word_1_300' title='bbox 817 2527 906 2569; x_wconf 88' lang='lat' dir='ltr'>quod</span> <span class='ocrx_word' id='word_1_301' title='bbox 938 2527 1092 2570; x_wconf 81' lang='lat' dir='ltr'>apertius</span> <span class='ocrx_word' id='word_1_302' title='bbox 1114 2528 1220 2562; x_wconf 80' lang='lat' dir='ltr'>ctiam</span> <span class='ocrx_word' id='word_1_303' title='bbox 1244 2526 1374 2560; x_wconf 83' lang='lat' dir='ltr'>indicat</span> <span class='ocrx_word' id='word_1_304' title='bbox 1398 2526 1542 2560; x_wconf 79' lang='lat' dir='ltr'>Orosius</span> 
     </span>
     <span class='ocr_line' id='line_1_34' title="bbox 155 2583 1538 2625; baseline 0.004 -9"><span class='ocrx_word' id='word_1_305' title='bbox 155 2583 206 2623; x_wconf 73' lang='lat' dir='ltr'>V,</span> <span class='ocrx_word' id='word_1_306' title='bbox 242 2583 320 2625; x_wconf 60' lang='lat'>15„</span> <span class='ocrx_word' id='word_1_307' title='bbox 353 2586 398 2619; x_wconf 85' lang='lat' dir='ltr'>ab</span> <span class='ocrx_word' id='word_1_308' title='bbox 435 2587 586 2621; x_wconf 80' lang='lat' dir='ltr'>Hercule</span> <span class='ocrx_word' id='word_1_309' title='bbox 624 2587 790 2621; x_wconf 75' lang='lat' dir='ltr'>Phoenice</span> <span class='ocrx_word' id='word_1_310' title='bbox 821 2587 994 2621; x_wconf 84' lang='lat' dir='ltr'>conditam</span> <span class='ocrx_word' id='word_1_311' title='bbox 1027 2599 1102 2622; x_wconf 84' lang='lat' dir='ltr'>esse</span> <span class='ocrx_word' id='word_1_312' title='bbox 1133 2588 1281 2623; x_wconf 84' lang='lat' dir='ltr'>tradens.</span> <span class='ocrx_word' id='word_1_313' title='bbox 1312 2588 1358 2621; x_wconf 80' lang='lat' dir='ltr'>cf.</span> <span class='ocrx_word' id='word_1_314' title='bbox 1391 2589 1538 2621; x_wconf 69' lang='lat' dir='ltr'>flueren.</span> 
     </span>
     <span class='ocr_line' id='line_1_35' title="bbox 155 2643 1539 2692; baseline 0.004 -16"><span class='ocrx_word' id='word_1_315' title='bbox 155 2643 289 2677; x_wconf 86' lang='lat' dir='ltr'>ldecn</span> <span class='ocrx_word' id='word_1_316' title='bbox 314 2649 378 2678; x_wconf 83' lang='lat' dir='ltr'>etc.</span> <span class='ocrx_word' id='word_1_317' title='bbox 405 2647 449 2681; x_wconf 93' lang='lat' dir='ltr'>T.</span> <span class='ocrx_word' id='word_1_318' title='bbox 477 2649 503 2681; x_wconf 89' lang='lat'>1.</span> <span class='ocrx_word' id='word_1_319' title='bbox 530 2649 567 2682; x_wconf 81' lang='lat' dir='ltr'>P.</span> <span class='ocrx_word' id='word_1_320' title='bbox 594 2649 636 2684; x_wconf 91' lang='lat' dir='ltr'>ll.</span> <span class='ocrx_word' id='word_1_321' title='bbox 671 2661 705 2692; x_wconf 87' lang='lat' dir='ltr'>p.</span> <span class='ocrx_word' id='word_1_322' title='bbox 729 2648 775 2681; x_wconf 80' lang='lat'>26</span> <span class='ocrx_word' id='word_1_323' title='bbox 798 2659 871 2691; x_wconf 84' lang='lat' dir='ltr'>sqq.</span> <span class='ocrx_word' id='word_1_324' title='bbox 919 2648 1082 2682; x_wconf 73' lang='lat' dir='ltr'>Ceterum</span> <span class='ocrx_word' id='word_1_325' title='bbox 1112 2649 1204 2692; x_wconf 85' lang='lat' dir='ltr'>quod</span> <span class='ocrx_word' id='word_1_326' title='bbox 1235 2647 1422 2682; x_wconf 82' lang='lat' dir='ltr'>Sallustius</span> <span class='ocrx_word' id='word_1_327' title='bbox 1452 2647 1539 2682; x_wconf 79' lang='lat' dir='ltr'>dicit</span> 
     </span>
     <span class='ocr_line' id='line_1_36' title="bbox 155 2707 1537 2753; baseline 0.004 -15"><span class='ocrx_word' id='word_1_328' title='bbox 155 2707 431 2750; x_wconf 80' lang='lat' dir='ltr'>memorabatur,</span> <span class='ocrx_word' id='word_1_329' title='bbox 467 2720 533 2741; x_wconf 82' lang='lat' dir='ltr'>non</span> <span class='ocrx_word' id='word_1_330' title='bbox 567 2714 797 2747; x_wconf 79' lang='lat' dir='ltr'>memoratur.</span> <span class='ocrx_word' id='word_1_331' title='bbox 831 2720 873 2742; x_wconf 80' lang='lat' dir='ltr'>eo</span> <span class='ocrx_word' id='word_1_332' title='bbox 903 2709 1078 2750; x_wconf 80' lang='lat' dir='ltr'>declarat,</span> <span class='ocrx_word' id='word_1_333' title='bbox 1109 2710 1193 2752; x_wconf 82' lang='lat' dir='ltr'>sibi,</span> <span class='ocrx_word' id='word_1_334' title='bbox 1229 2720 1331 2753; x_wconf 81' lang='lat' dir='ltr'>quum</span> <span class='ocrx_word' id='word_1_335' title='bbox 1356 2709 1391 2742; x_wconf 76' lang='lat' dir='ltr'>in</span> <span class='ocrx_word' id='word_1_336' title='bbox 1418 2711 1537 2752; x_wconf 72' lang='lat' dir='ltr'>Africa</span> 
     </span>
     <span class='ocr_line' id='line_1_37' title="bbox 154 2769 1534 2813; baseline 0.004 -13"><span class='ocrx_word' id='word_1_337' title='bbox 154 2772 239 2802; x_wconf 74' lang='lat' dir='ltr'>esset</span> <span class='ocrx_word' id='word_1_338' title='bbox 259 2778 447 2810; x_wconf 82' lang='lat' dir='ltr'>rerumque</span> <span class='ocrx_word' id='word_1_339' title='bbox 469 2769 711 2813; x_wconf 80' lang='lat' dir='ltr'>antiquitatem</span> <span class='ocrx_word' id='word_1_340' title='bbox 726 2770 926 2813; x_wconf 83' lang='lat' dir='ltr'>inquireret,</span> <span class='ocrx_word' id='word_1_341' title='bbox 947 2771 994 2805; x_wconf 83' lang='lat' dir='ltr'>ab</span> <span class='ocrx_word' id='word_1_342' title='bbox 1019 2770 1139 2805; x_wconf 79' lang='lat' dir='ltr'>incolis</span> <span class='ocrx_word' id='word_1_343' title='bbox 1166 2770 1214 2804; x_wconf 75' lang='lat' dir='ltr'>itu</span> <span class='ocrx_word' id='word_1_344' title='bbox 1240 2773 1421 2805; x_wconf 77' lang='lat' dir='ltr'>narratum</span> <span class='ocrx_word' id='word_1_345' title='bbox 1437 2782 1534 2811; x_wconf 77' lang='lat' dir='ltr'>esse;</span> 
     </span>
    </p>
   </div>
  </div>
 </body>
</html>
