1630 3034
432 138 799 182 IUGURTHA.
859 138 981 182 CAP.
1007 138 1229 182 LXXVII.
1451 147 1535 190 407

152 255 351 302 hostibus
382 271 552 316 poenas
588 259 856 311 metuerant,
893 270 967 299 eas
1002 255 1088 315 ipsi
1123 240 1320 306 volentes
1355 272 1532 318 pepen-

151 352 273 399 dere.

285 447 513 493 LXXVII.
575 447 670 491 Sed
704 446 872 506 pariter
907 461 1009 491 cum
1046 452 1181 507 capta
1210 446 1359 492 Thala
1394 447 1532 508 legati

149 560 203 589 ex
246 543 422 605 oppido
469 543 604 603 Lepti
649 542 707 587 ad
758 541 994 586 Metellum
1049 550 1290 604 venerant,
1337 552 1530 603 orantes,

148 643 210 689 uti
246 630 517 702 praesidium
551 639 920 700 praefectumque
955 653 1011 682 eo
1041 640 1256 694 mitteret3
1295 640 1529 686 Hamilca-

145 753 243 782 rem
277 736 543 797 quemdam,
577 735 806 782 hominem
840 735 1065 791 nobilem,
1105 736 1367 794 factiosum,
1403 738 1527 783 novis

144 909 302 944 ciationis
323 912 460 954 partem
483 908 605 953 potiti,
629 907 758 952 quibus
780 907 897 942 verbis
920 907 1126 953 interposita
1149 910 1201 942 est
1223 908 1421 944 accuratior
1442 912 1530 945 tem-

142 970 238 1014 poris
262 969 519 1015 oppugnatione
537 968 732 1013 consumpti
755 972 789 1003 et
811 968 979 1003 molestiis
1004 968 1097 1012 pleni
1123 968 1344 1012 significatio.
1363 989 1407 995 -—
1426 971 1530 1006 Modo

142 1030 318 1074 particula
351 1030 514 1075 oppidum
545 1030 690 1075 gravius
724 1027 854 1073 opponi
873 1075 877 1078 η
887 1030 1044 1073 praedae
1076 1029 1214 1063 Cottius
1245 1034 1339 1064 recte
1361 1030 1459 1065 vidit.
1483 1049 1529 1056 ——

141 1092 200 1124 Ab
223 1093 316 1136 pers.
347 1103 426 1125 cum
462 1091 579 1126 Cor-tio
603 1094 637 1125 et
662 1089 850 1125 Gerlachio
874 1089 1076 1133 scriprimus
1100 1101 1141 1123 ex
1165 1089 1245 1125 Sen.
1268 1091 1302 1126 1.
1326 1091 1469 1125 Fabric.
1492 1091 1528 1127 1.

141 1151 219 1186 Vin.
244 1151 277 1185 1.
301 1151 335 1185 2.
370 1152 450 1185 Ecc.
486 1151 604 1185 Guelf.
629 1150 661 1185 1.
685 1149 719 1186 4.
742 1150 776 1184 7.
811 1150 928 1183 Berol.
952 1151 984 1184 1.
1019 1154 1053 1184 ct
1087 1150 1204 1184 Goerl.
1252 1150 1366 1185 Ceteri
1397 1151 1529 1187 habent

142 1224 164 1245 a
184 1214 277 1257 pers.

231 1275 264 1316 §-
289 1271 323 1307 6.
370 1282 505 1305 murum
530 1270 695 1305 arietibus
712 1270 838 1314 feriri]
873 1269 943 1304 Ubi
973 1268 1066 1303 enim
1100 1269 1191 1304 aries
1223 1280 1363 1306 murum
1388 1283 1529 1316 percue-

137 1332 249 1375 sisset,
273 1332 371 1366 nulla
393 1343 472 1376 spes
496 1332 618 1366 salutis
641 1329 825 1375 oppidanis
849 1330 1021 1371 dabatur3
1049 1330 1096 1367 cf.
1120 1331 1260 1365 Caesar.
1277 1332 1319 1367 B.
1339 1333 1382 1367 G.
1407 1334 1450 1374 11,
1469 1332 1526 1367 32.

138 1393 199 1427 ubi
234 1403 271 1429 v.
301 1394 473 1437 Herzog,
509 1391 569 1436 qui
606 1390 710 1425 simul
744 1391 787 1424 de
817 1392 934 1425 forma
967 1394 1070 1434 atque
1100 1402 1167 1425 usu
1200 1391 1319 1426 arietis
1352 1392 1526 1428 disseruit.

138 1452 278 1488 cortius
302 1451 436 1487 remisit
463 1453 505 1487 ad
525 1453 646 1497 Veget.
671 1451 729 1492 IV,
753 1450 809 1486 14.
834 1456 867 1484 et
893 1451 936 1485 ad
961 1451 1055 1495 Lips.
1080 1452 1233 1486 Poliorc.
1258 1453 1316 1495 111,
1333 1452 1367 1487 1.
1394 1471 1441 1477 -
1461 1454 1527 1496 Af-

131 1515 250 1560 flictas
273 1512 298 1547 i.
322 1524 353 1547 e.
383 1513 640 1557 pessumdatas,
677 1523 815 1555 prorsus
849 1511 1075 1555 desperata83
1102 1511 1172 1546 Cic.
1195 1523 1230 1556 p.
1256 1513 1350 1547 Sext.
1378 1525 1407 1547 c.
1433 1513 1468 1556 2,
1491 1513 1524 1548 5.

136 1576 174 1608 in
196 1574 305 1608 ruinis
329 1584 469 1608 eversae
493 1579 598 1618 atque
621 1574 778 1617 afflictae
800 1573 1017 1617 reipublicae.
1045 1572 1159 1607 Tacit.
1184 1573 1275 1607 Hist.
1300 1574 1362 1617 111,
1385 1573 1442 1608 46.
1465 1573 1525 1615 IV,

136 1635 194 1669 14,
219 1635 330 1669 ConT.
354 1652 400 1658 —
429 1633 542 1676 Atque
566 1633 646 1664 ante
669 1638 857 1678 argentum
882 1633 1025 1677 plurimi
1054 1634 1137 1668 libri
1161 1635 1312 1675 habent3
1345 1634 1380 1667 in
1404 1634 1525 1678 paucis

135 1695 192 1728 vel
217 1699 268 1734 et,
293 1694 350 1727 vel
374 1704 460 1738 que,
485 1692 542 1725 vel
566 1692 662 1726 nulla
687 1692 828 1726 omnino
852 1695 977 1737 copula
1001 1698 1064 1729 cst.
1086 1714 1132 1720 -—
1150 1696 1239 1729 Ante
1263 1695 1401 1729 domum
1421 1698 1524 1738 quat-

133 1760 216 1790 tuor
234 1754 334 1790 codd.
359 1755 396 1787 in
420 1753 569 1795 addunt,
594 1764 662 1797 quo
687 1765 754 1786 non
778 1757 829 1788 est
853 1765 962 1797 opus3
989 1768 1021 1790 v,
1046 1756 1090 1790 ad
1109 1768 1139 1790 c.
1165 1754 1284 1798 LXVI,
1309 1755 1342 1789 3.
1362 1774 1407 1780 —
1434 1756 1523 1789 One·

133 1816 206 1850 rati
228 1816 340 1848 multo
362 1813 507 1859 gravius
530 1813 682 1857 dietum,
718 1826 823 1858 quam
846 1815 1016 1860 gravati,
1049 1815 1140 1859 quod
1164 1815 1199 1848 in
1229 1815 1306 1849 edd.
1335 1814 1464 1858 antiqq.
1489 1818 1525 1848 et

133 1875 257 1921 paucis
289 1874 390 1908 codd.
421 1877 483 1908 est.
531 1874 672 1908 Cottius
706 1878 785 1918 apte
817 1875 966 1908 contulit
999 1877 1094 1909 Curt.
1126 1876 1192 1917 IV,
1218 1875 1252 1917 4,
1279 1873 1313 1909 5.
1337 1886 1523 1909 oneravere
1595 1892 1603 1900 ν

135 1947 170 1969 se
193 1936 282 1968 vino.
306 1935 356 1968 ld.
380 1934 422 1975 V,
445 1934 490 1975 7,
517 1934 550 1969 4.
584 1945 676 1967 mero
697 1935 843 1969 onerati.
879 1934 1002 1969 lustin.
1026 1937 1053 1977 1,
1077 1935 1111 1977 8,
1137 1935 1171 1970 6.
1202 1936 1282 1969 υὲηο
1307 1946 1344 1968 se
1367 1945 1521 1971 onerare.

132 1995 275 2028 Sneton.
300 1993 422 2027 Tiber.
446 2005 476 2026 c.
501 1994 592 2029 LXI.
616 1994 754 2028 Petron.
783 2008 815 2029 c.
841 1996 878 2030 [ι.
895 2015 940 2020 -
965 1995 1034 2028 Pro
1058 1999 1253 2029 metuerant
1277 1993 1416 2029 Cor-tius
1443 2005 1521 2038 pes-

129 2054 222 2089 sime
254 2065 295 2087 ex
324 2053 466 2088 Fabric.
490 2054 522 2087 1.
556 2053 590 2088 2.
623 2053 706 2088 sen.
734 2054 768 2088 1.
803 2055 921 2089 Guelf.
954 2055 984 2088 1.
1012 2060 1046 2088 et
1075 2055 1110 2089 6.
1143 2054 1282 2099 scripsit
1314 2059 1520 2096 metuerent,

132 2115 225 2160 qood
256 2114 353 2147 nullo
385 2117 486 2157 pacto
518 2113 662 2148 tolerari
696 2118 821 2158 potest.
855 2135 899 2139 —
940 2115 1009 2149 Pro
1053 2116 1247 2160 pependere
1280 2113 1518 2159 duodeviginti

132 2175 231 2210 codd.
253 2173 384 2207 habent
413 2175 584 2219 pendere,
616 2175 676 2218 qui
699 2173 888 2208 infinitivus
920 2173 955 2207 in
989 2175 1058 2208 hoc
1081 2187 1171 2209 nexu
1194 2175 1434 2209 incommodus
1456 2177 1519 2210 est.

225 2235 397 2269 LXXVII.
423 2235 456 2275 ἓ.
481 2234 515 2268 1.
559 2236 695 2279 pariter
718 2234 820 2278 cum]
855 2235 909 2268 De
933 2235 988 2269 his
1012 2236 1157 2270 vocibus
1182 2247 1216 2270 v.
1240 2235 1284 2269 ud
1307 2246 1338 2269 c.
1363 2235 1519 2278 mum,

132 2298 166 2332 1.
193 2316 235 2321 —-
260 2296 314 2328 De
339 2295 439 2339 Lepti
465 2293 616 2328 diximus
640 2295 684 2329 ad
708 2307 739 2332 c.
763 2295 859 2336 xlx,
883 2294 917 2329 3.
944 2313 988 2320 —
1011 2296 1096 2329 Post
1121 2296 1357 2330 Hamilcarem
1381 2295 1517 2329 scribae

131 2357 165 2391 in
200 2355 377 2394 nonnullis
408 2354 506 2388 codd.
539 2355 747 2389 addiderunt
778 2356 959 2396 dicebant,
1001 2355 1190 2390 nescientes
1221 2357 1367 2390 verbum
1395 2356 1514 2391 decla-

131 2417 257 2458 randi,
291 2416 381 2450 unde
413 2415 578 2459 penderet
610 2427 723 2451 accus.
760 2427 791 2449 c.
827 2415 904 2457 inf„
924 2426 970 2449 ex
994 2421 1132 2450 orantes
1155 2427 1228 2450 esse
1259 2417 1513 2460 supplendum3

130 2478 176 2512 cf.
211 2477 255 2512 ad
286 2488 318 2511 c.
351 2475 444 2516 ull,
469 2475 503 2509 1.
535 2487 571 2519 p,
603 2475 660 2510 44.
692 2498 738 2503 —
768 2477 822 2510 De
852 2476 980 2519 copula
1010 2476 1100 2510 inter
1132 2477 1296 2518 nobilem,
1320 2464 1510 2520 factiosum

130 2537 261 2576 omissa
283 2549 317 2571 v.
342 2536 386 2570 ad
410 2535 580 2579 XXVIII,
603 2536 639 2570 4.
673 2547 708 2580 p.
726 2535 806 2572 162.
829 2555 875 2562 --
912 2536 1020 2569 Novis
1052 2537 1154 2570 rebus
1186 2536 1211 2571 i.
1243 2547 1273 2570 e.
1303 2535 1508 2577 defectioni3

130 2598 175 2632 cf.
199 2597 243 2631 ad
267 2608 298 2630 c.
321 2596 431 2640 Lxx,
456 2598 490 2631 l.
515 2617 559 2623 —
596 2597 647 2631 Na·
676 2597 713 2631 id
740 2597 931 2640 festinaret
953 2596 1132 2641 tetigimus
1153 2597 1199 2631 ad
1222 2608 1253 2631 c.
1275 2596 1450 2638 xxxvn,
1472 2596 1507 2630 4.

130 2669 164 2701 p.
186 2654 256 2692 215
280 2667 332 2700 sq.
355 2675 398 2688 —.
423 2658 538 2692 Verba
561 2657 744 2692 illorum
775 2658 880 2692 socios
905 2657 948 2691 ad
983 2657 1160 2693 Romanos
1191 2657 1363 2702 pertinere
1385 2656 1508 2691 clarin-

130 2716 218 2752 rime
240 2717 422 2755 ostendunt
444 2717 644 2762 sequentia,
669 2729 736 2753 non
761 2717 831 2752 alio
860 2717 1004 2752 coneilio
1027 2717 1165 2760 addita,
1197 2717 1264 2753 nisi
1286 2721 1323 2752 ut
1344 2717 1507 2762 probetur
