1630 3034
500 195 856 238 IUGURTHA.
916 196 1050 238 CAP.
1079 195 1220 237 LXX.
1463 198 1548 239 375

171 312 406 357 exercitum
434 312 709 372 profectus,
760 327 895 370 quem
933 313 1047 356 inter
1089 312 1276 355 hiberna
1309 310 1544 354 Romano-

167 425 262 453 rum
296 410 437 454 iussus
473 409 693 463 habebat,
736 424 790 452 ne
834 424 945 468 ager
985 409 1128 452 inultis
1158 407 1361 452 hostibus
1393 413 1539 451 vasta-

165 512 295 551 retur.
368 506 411 550 ls
452 513 692 566 postquam
728 505 1033 565 magnitudine
1068 504 1274 549 facinoris
1310 504 1578 562 perculsus5

159 655 215 694 74,
241 655 273 689 1.
322 654 575 688 Perniciem
606 655 687 687 aliis
717 664 758 686 ac
787 656 998 696 postremum
1029 653 1095 686 sibi
1123 653 1350 687 invenere.
1376 653 1419 687 cf.
1445 654 1541 686 Goe—

159 726 250 750 muz.
274 715 317 749 ad
343 714 414 747 cxc.
440 715 482 747 de
513 714 612 747 Pina.
640 714 672 753 1,
701 712 744 754 ⁷,
770 712 826 745 23.
853 702 1042 748 Ruhnken.
1064 713 1109 746 ad
1131 711 1213 745 Ter.
1240 713 1346 747 Andr.
1372 714 1398 754 1,
1424 714 1456 755 1,
1481 713 1540 750 39.

156 777 209 810 De
232 775 266 809 vi
288 774 397 808 dativi
420 784 454 806 v.
478 776 641 807 annotata
666 773 710 806 ad
735 785 764 806 c.
789 774 908 813 XLVI,
933 771 968 809 3.

246 837 279 877 5.
302 833 335 868 3.
363 838 398 868 et
422 833 457 867 4.
515 832 672 877 insidiis]
707 834 810 867 Hunc
845 834 1002 867 dativum
1036 830 1246 865 Gen-lachim
1278 843 1462 876 perperam
1494 834 1539 867 ab

151 908 238 931 voce
259 896 333 929 dies
359 897 482 938 aptum
505 905 579 927 esse
604 893 793 934 contendit3
818 904 851 927 v.
875 894 920 928 ad
943 905 972 928 c.
997 892 1141 935 XXXV,
1166 891 1199 924 4.
1226 910 1267 916 ——
1295 893 1423 927 Paruri
1446 894 1538 927 Lau-

150 957 231 1003 gins
253 955 349 989 male
373 954 524 998 explicat
547 955 728 998 componi,
750 965 818 988 non
843 959 1039 995 assecutus,
1067 956 1246 986 auctorem
1269 953 1338 987 hoc
1361 953 1437 997 ipso
1460 955 1537 988 loco

151 1019 194 1052 de
223 1015 358 1050 insidiis
393 1015 586 1059 compositis
617 1015 753 1057 dicere,
788 1015 900 1059 iisque
929 1024 1103 1059 opponere
1136 1024 1198 1054 ea,
1230 1025 1339 1057 quae,
1364 1026 1471 1057 quum
1495 1026 1537 1049 ex

149 1089 233 1112 casu
261 1075 471 1120 penderent,
511 1087 578 1108 non
606 1081 744 1119 possent
781 1076 961 1120 componi,
1003 1074 1060 1107 sed
1097 1084 1160 1118 pro
1191 1084 1307 1107 rerum
1342 1076 1440 1120 copia
1473 1087 1535 1120 pa—

146 1139 272 1174 tranda
300 1141 336 1171 et
360 1135 576 1179 exsequenda
599 1140 721 1171 essent.
745 1156 788 1161 —
823 1138 922 1180 Quae
945 1140 1133 1179 sequuntur
1157 1135 1285 1175 verba,
1314 1135 1350 1168 in
1375 1135 1536 1169 omnibus

145 1198 353 1234 editionibus
389 1207 515 1230 novam
548 1197 825 1231 enunciationem
859 1197 1059 1241 incipientia
1078 1223 1087 1237 ‚
1120 1202 1246 1240 puncto
1278 1195 1314 1228 iu
1346 1194 1536 1231 semicolon

145 1264 279 1296 mutato
301 1262 434 1302 partem
460 1257 599 1292 tertiam
632 1259 865 1301 praecedentis
900 1258 1076 1293 enunciati
1101 1257 1258 1291 fecimus.
1294 1255 1451 1290 scilicet
1483 1256 1533 1291 ita

144 1320 223 1355 fieri
247 1318 342 1363 cogit
369 1319 397 1352 is
420 1329 611 1361 pronomen
636 1322 715 1352 ante
736 1325 919 1364 postquam
945 1319 1109 1363 positum,
1133 1329 1201 1361 quo
1224 1315 1446 1361 significatur
1469 1329 1532 1350 no-

143 1391 228 1414 vum
250 1378 393 1422 aliquod
416 1378 458 1412 ad
483 1378 696 1412 Nabdalsam
722 1380 893 1423 pertinens
916 1379 1048 1413 inferri.
1097 1379 1186 1412 Nam
1211 1389 1318 1420 quum
1343 1377 1530 1412 Sallustius

143 1441 315 1476 discernat
338 1438 428 1472 inter
450 1450 513 1482 ea,
548 1451 640 1483 quae
664 1444 820 1484 tempore
851 1441 1027 1484 compositi
1058 1439 1129 1473 doli
1154 1443 1234 1472 acta
1258 1442 1356 1480 sunt,
1385 1442 1419 1473 et
1441 1439 1530 1473 inter

142 1514 203 1541 ea,
229 1511 317 1544 quae
338 1503 460 1542 postea
486 1500 605 1533 dolum
631 1501 792 1534 dirimere
820 1501 1046 1543 videbantur,
1081 1486 1162 1534 luce
1182 1497 1311 1532 clarius
1334 1503 1407 1540 est,
1431 1499 1527 1533 Nab-

141 1563 261 1597 dalsae
291 1561 538 1605 profectionem
572 1562 617 1595 ad
641 1561 831 1595 exercitum
857 1562 898 1595 ad
924 1561 1043 1605 priora
1077 1561 1139 1594 illa
1163 1559 1345 1603 pertinere.
1396 1559 1527 1594 Caussa

140 1628 260 1658 autem
283 1620 420 1655 consilii
444 1621 577 1656 turbati
599 1634 706 1666 quum
731 1623 766 1655 in
789 1622 966 1656 Nabdalsa
990 1627 1101 1663 esset,
1138 1624 1259 1654 auctor
1283 1620 1374 1653 hanc
1397 1632 1524 1654 novam

139 1695 216 1718 rem
239 1685 334 1716 recte
357 1680 407 1715 ita
430 1682 585 1716 orditur:
617 1684 657 1716 Is
679 1688 863 1727 postquam
891 1688 967 1724 etc„
994 1682 1087 1727 quod
1111 1692 1208 1715 secus
1233 1684 1284 1713 est
1308 1680 1343 1713 in
1368 1681 1522 1725 vulgata,

138 1744 200 1779 ubi
223 1743 280 1786 id,
313 1741 402 1786 quod
430 1742 466 1776 in
490 1754 580 1777 nova
611 1755 651 1777 re
685 1743 892 1787 primarium
926 1747 999 1784 est,
1030 1740 1272 1776 secundarium
1304 1741 1344 1774 fit
1368 1745 1402 1775 et
1425 1742 1523 1785 quasi

137 1803 377 1840 delitescit.—
400 1803 536 1838 Inter
558 1805 701 1838 hiberna
725 1803 878 1837 Weisius
902 1803 1052 1846 explicat
1074 1812 1222 1846 prope
1246 1801 1402 1843 hiberna,
1429 1803 1520 1845 qnod

136 1857 261 1912 p‘arum
285 1867 446 1898 accurate
469 1864 600 1899 dictum
633 1868 696 1900 est.
742 1864 832 1898 Nam
865 1864 1007 1908 proprio
1033 1875 1132 1898 sensu
1155 1862 1420 1906 intelligendum
1445 1875 1520 1897 esse

136 1929 226 1962 inter
250 1922 562 1970 praepositionem,
587 1929 681 1968 patet
699 1937 741 1959 ex
765 1937 794 1958 c.
819 1925 909 1966 LXI,
934 1924 966 1957 1.
993 1924 1052 1957 ubi
1076 1927 1254 1956 narratum
1280 1922 1369 1965 fuit,
1394 1923 1520 1957 Metel-

134 1990 209 2022 lum
234 1998 296 2030 per
320 1986 472 2019 hiemem
497 1986 540 2018 iis
564 1986 714 2026 urbibus,
739 1997 828 2030 quae
854 1985 900 2017 ad
924 1996 959 2018 se
992 1985 1212 2026 defecerant,
1249 1983 1424 2025 praesidia
1450 1983 1516 2016 im—

134 2047 299 2092 posuisse.
344 2044 459 2090 Igitur
483 2045 552 2079 liae
576 2047 678 2079 urbes
706 2046 741 2079 in
767 2045 957 2090 Iugurthae
980 2055 1089 2089 regno
1113 2044 1251 2076 fuerunt
1274 2043 1451 2087 dispersae
1480 2049 1514 2079 et

133 2108 252 2152 aliquo
275 2105 460 2139 intervallo
488 2105 577 2139 inter
607 2117 644 2139 se
671 2107 860 2146 distantes,
885 2111 922 2138 nt
946 2103 1128 2137 commode
1151 2103 1241 2136 inter
1263 2104 1423 2147 singulas
1444 2105 1510 2139 ho-

131 2170 237 2204 stium
260 2166 382 2209 copiae
404 2166 526 2199 haberi
544 2171 692 2209 possent.
716 2185 761 2191 —-
789 2167 911 2200 Inultis
935 2166 1085 2199 hostibus
1110 2175 1175 2197 non
1202 2169 1280 2197 sunt
1307 2164 1428 2206 dativi,
1452 2177 1514 2209 pro

132 2229 288 2265 ablativo
312 2238 391 2259 cum
412 2237 435 2259 α
458 2238 617 2271 praepos.
644 2227 760 2271 positi,
778 2228 834 2260 sed
860 2225 1006 2260 ablativi
1030 2224 1194 2266 absoluti,
1220 2224 1287 2257 hoc
1305 2236 1426 2257 seusu:
1453 2225 1512 2269 ita,

132 2294 171 2324 ut
196 2290 314 2322 hostes
338 2287 461 2329 inulti,
492 2287 515 2322 i.
541 2299 572 2321 e.
596 2289 694 2321 nulio
729 2287 854 2320 damno
888 2287 1005 2320 affecti
1039 2286 1183 2320 abirent.
1235 2286 1371 2319 Inultus
1401 2285 1510 2331 igitur

129 2349 268 2395 passivo
297 2359 397 2382 sensu
421 2351 471 2381 est
496 2347 519 2381 i.
544 2359 576 2392 q.
602 2349 811 2393 impunitum,-
837 2348 883 2381 cf.
911 2348 1032 2389 LVIII,
1056 2347 1089 2381 5.
1113 2347 1196 2387 cvl,
1222 2346 1254 2379 6.

221 2413 254 2453 §.
277 2408 311 2443 5.
359 2409 407 2442 ad
429 2408 584 2453 tempus]
609 2408 633 2443 i.
658 2420 689 2442 e.
720 2409 766 2442 ad
791 2410 1012 2443 constitutum
1036 2408 1110 2442 sive
1143 2408 1186 2441 ad
1210 2408 1334 2441 iustum
1360 2411 1504 2450 tempus,

126 2482 233 2515 qnam
257 2469 330 2503 vim
353 2469 461 2503 habet
484 2469 576 2504 istud
601 2471 810 2504 vocabulum
835 2468 1040 2514 praegnanti
1065 2480 1164 2503 sensu
1188 2467 1360 2511 positun13
1386 2478 1419 2501 v.
1443 2478 1505 2501 an-

124 2536 245 2566 notata
267 2531 313 2566 ad
336 2543 367 2564 c.
395 2531 554 2573 LXXIX,
579 2530 614 2566 7.
659 2531 764 2565 Istam
792 2531 927 2564 dicendi
954 2529 1142 2562 formulam
1165 2532 1327 2562 accurate
1352 2527 1503 2570 explica-

126 2593 176 2627 vit
200 2592 360 2626 Handius
383 2591 425 2624 de
448 2591 595 2626 Particc.
618 2592 710 2626 Lau.
734 2591 811 2625 vol.
835 2592 859 2626 1.
895 2603 926 2635 p.
954 2590 1022 2624 126
1039 2601 1090 2633 sq.
1115 2609 1160 2615 —
1193 2590 1292 2632 Quae
1316 2591 1504 2632 sequuntur

125 2653 235 2687 verba
267 2657 443 2697 metusque
474 2663 543 2686 rem
579 2652 864 2697 impediebat
897 2661 1056 2686 caussam
1079 2649 1230 2684 afferunt
1252 2649 1351 2684 dilati
1372 2650 1502 2684 adven-

126 2716 199 2755 tus;
223 2724 315 2757 quae
338 2723 461 2746 caussa
484 2723 592 2756 quum
615 2713 777 2754 duraret,
802 2723 912 2756 neque
936 2710 1017 2746 talis
1039 2722 1095 2745 res
1120 2714 1228 2751 esset,
1252 2720 1357 2754 quam
1382 2715 1503 2759 auctor

127 2784 187 2817 per
224 2785 262 2809 se
292 2777 473 2817 narraret,
514 2776 609 2808 recte
641 2773 848 2819 imperfecto
879 2776 1034 2816 tempore
1063 2770 1246 2806 enunciata
1277 2774 1339 2806 est.
1389 2770 1503 2804 Verba
