1630 3034
153 233 238 274 186
517 226 563 268 C.
594 226 937 268 SALLUSTI
968 227 1195 269 CRISPI

152 350 231 388 aut
272 357 357 401 per
399 342 507 385 alios
551 342 842 397 sollicitabat,
888 359 1035 401 neque
1081 345 1225 389 solum
1281 344 1411 399 civis,
1454 345 1534 388 sed

151 435 368 491 cuiusque
412 433 537 477 modi
582 449 724 494 genus
761 433 1020 491 hominum,
1066 435 1193 493 quod
1238 435 1378 479 modo
1411 436 1536 480 bello

149 525 250 568 usui
283 525 415 568 foret.

289 615 386 659 XL.
456 615 602 678 Igitur
661 615 715 660 P.
759 616 993 662 Umbreno
1057 617 1238 663 cuidam
1299 617 1535 677 negotium

150 705 256 764 dat,
302 707 367 753 uti
416 707 594 766 legatos
636 708 947 768 Allobrogum
993 709 1216 766 requirat,
1264 723 1465 767 eosque,
1498 708 1535 752 si

146 797 315 857 possit,
375 798 584 857 impellat
641 799 700 842 ad
757 799 1013 844 societatem
1068 800 1202 854 belli,
1269 800 1535 844 existumans

148 889 334 949 publice
368 890 668 949 privatimque
703 906 806 936 aere
841 892 986 936 alieno
1031 905 1296 950 oppressos,
1331 896 1535 950 praeter-

241 1021 314 1055 XL.
362 1023 394 1064 §.
419 1021 453 1058 1.
504 1022 546 1056 Ρ.
575 1023 766 1068 Umbreno]
799 1024 895 1057 Eum
916 1023 1121 1069 libertinum
1144 1024 1324 1067 hominem
1347 1026 1451 1058 vocat
1475 1022 1536 1057 ci-

147 1087 230 1111 cero
261 1081 350 1112 orat.
381 1079 420 1112 in
446 1079 550 1114 Catil.
577 1080 649 1122 111,
672 1080 716 1122 6,
742 1080 799 1115 14.
841 1081 976 1115 Ibidem
1007 1092 1037 1117 c.
1062 1081 1097 1124 9,
1123 1081 1181 1116 22.
1224 1083 1429 1127 Allobroges
1452 1080 1537 1116 dicit

147 1134 301 1169 homines
333 1136 473 1178 Gallos,
506 1148 547 1170 ez·
579 1137 723 1171 civitate
755 1139 848 1172 mule
868 1143 1024 1183 pacata,
1056 1150 1160 1184 quarn
1183 1144 1325 1184 gentem
1348 1149 1457 1172 unam
1480 1149 1537 1171 re-

145 1196 262 1234 stare,
295 1205 385 1237 quae
407 1195 535 1238 populo
559 1194 716 1228 Romano
741 1195 865 1231 bellum
881 1199 1006 1240 facere
1038 1201 1071 1230 et
1091 1207 1194 1241 posse
1219 1201 1252 1230 et
1276 1207 1345 1229 non
1368 1196 1460 1229 nolle
1482 1195 1537 1227 vi-

145 1249 298 1283 deretur.
338 1251 391 1285 cf.
417 1252 515 1286 Caes.
541 1252 582 1287 Β.
607 1252 650 1285 G.
669 1252 698 1293 Ι,
717 1252 752 1293 6,
771 1253 805 1288 3.
830 1254 1072 1298 Allobrogibus
1094 1265 1168 1287 sese
1182 1262 1420 1298 persuasurus,
1441 1251 1535 1295 quod

143 1308 297 1342 nondam
323 1309 407 1343 bono
431 1311 547 1344 animo
571 1311 609 1344 in
625 1311 791 1355 populum
815 1311 1011 1345 Romanurn
1035 1312 1246 1346 viderentur.
1287 1310 1344 1343 cf.
1370 1308 1538 1343 Nostrum

145 1376 178 1399 c.
196 1365 272 1407 Lu,
292 1365 351 1400 24.
377 1386 423 1392 —
462 1368 532 1402 Pro
557 1369 587 1401 si
606 1368 715 1412 possit
738 1367 775 1400 in
799 1368 898 1402 codd.
922 1369 1045 1402 Incert.
1070 1369 1103 1402 1.
1127 1369 1161 1402 2.
1195 1367 1274 1402 Vin.
1302 1367 1334 1400 1.
1370 1368 1535 1401 Remens.

142 1425 293 1465 utroque
316 1434 363 1456 m.
388 1435 442 1467 pr.
467 1428 502 1458 et
525 1425 607 1458 Bas.
626 1423 658 1458 3.
685 1425 718 1457 4.
754 1424 886 1468 legitur
916 1426 947 1458 si
967 1432 1102 1469 posset,
1138 1426 1231 1469 quod
1263 1423 1403 1458 Cortius
1432 1423 1538 1457 valdo

142 1479 213 1514 sibi
236 1481 380 1524 probari
402 1481 439 1515 in
460 1481 551 1516 notis
575 1481 735 1522 ostendit,
759 1492 974 1524 quamquam
997 1483 1181 1527 vulgatam
1204 1482 1241 1515 in
1264 1485 1359 1515 textu
1381 1479 1535 1514 retinuit.

143 1536 216 1571 Sed
241 1538 316 1572 alia
351 1543 402 1573 est
431 1539 538 1573 huius
569 1538 641 1573 loci
662 1542 767 1582 atque
799 1550 830 1574 e.
853 1539 1011 1581 xxxlv,
1032 1540 1064 1573 1.
1097 1539 1209 1579 ratio;
1232 1539 1406 1582 praesenti
1430 1538 1537 1580 enim3

142 1595 237 1639 quod
267 1606 290 1629 a
312 1596 429 1630 verbis
451 1597 630 1641 negotium
651 1596 715 1629 dat
737 1596 881 1639 pendet,
912 1596 985 1630 iam
1009 1607 1216 1641 praegresso
1231 1620 1240 1637 ‚
1266 1608 1334 1630 non
1356 1600 1468 1640 potest
1490 1595 1536 1630 ad

141 1652 391 1696 imperfectum
413 1653 540 1695 rediri,
565 1664 675 1697 eoque
697 1653 820 1686 relicto
845 1653 973 1688 iterum
1002 1665 1165 1698 praesens
1188 1654 1324 1687 inferri.
1372 1654 1536 1687 Ceterum

142 1709 179 1744 in
203 1710 424 1754 sequentibus
451 1710 664 1744 constructio
686 1711 884 1753 paullulum
907 1715 1078 1752 mutatur,
1099 1714 1176 1754 post
1200 1710 1426 1754 participium
1446 1710 1537 1755 quod

82 1800 85 1803 ,
140 1766 316 1811 particula
338 1767 464 1809 illata,
487 1768 585 1803 cuius
607 1767 661 1801 rei
683 1778 807 1801 caussa
830 1768 866 1801 in
889 1767 1024 1811 periodi
1048 1768 1116 1801 fine
1139 1779 1331 1812 pronomen
1358 1779 1414 1802 eos
1437 1767 1536 1801 addi-

142 1830 218 1859 tum
241 1829 305 1861 est.
351 1826 548 1860 Inconsulto
571 1830 691 1858 autem
716 1825 853 1859 Cottius
876 1826 920 1859 ad
947 1836 1138 1868 pronomen
1163 1825 1415 1859 defendendum
1439 1836 1535 1859 com-—

142 1886 245 1925 parat
267 1883 304 1916 h.
330 1895 360 1919 c.
395 1886 426 1926 §.
443 1882 477 1917 6.
515 1893 572 1916 eos
599 1882 773 1926 pollioitos
809 1883 973 1923 dimittit,
1008 1883 1067 1926 qui
1100 1884 1197 1916 locus
1220 1894 1288 1917 non
1314 1883 1430 1928 magis
1454 1894 1535 1917 cum

142 1943 263 1972 nostro
287 1940 468 1982 convenit,
490 1950 598 1984 quam
623 1939 695 1972 Cic.
720 1940 810 1984 Epp.
833 1941 878 1976 ad
896 1940 1183 1982 Famm.1,9,69.
1209 1940 1330 1977 Seuec.
1356 1941 1401 1974 ad
1422 1940 1534 1976 Marc.

143 2008 174 2031 o.
192 1996 251 2031 25.
280 2002 314 2031 et
338 1998 439 2033 Caes.
462 1999 506 2033 B.
532 1998 576 2032 G.
600 1998 628 2038 1,
650 1997 708 2039 12,
730 1996 766 2031 3.

238 2059 272 2099 §.
294 2056 327 2091 2.
373 2057 576 2101 negotiatus
602 2054 703 2098 crat]
738 2055 928 2100 Negotium*
950 2055 1155 2089 dicebantur
1178 2055 1356 2089 Ciceronis
1379 2059 1536 2099 tempore

141 2112 236 2147 cives
244 2113 410 2155 Romani,
425 2113 485 2157 qui
496 2125 564 2148 non
572 2115 721 2153 Romae,
741 2113 799 2146 sed
816 2112 852 2146 in
869 2112 1056 2156 provinciis
1067 2113 1235 2157 pecunias
1247 2118 1388 2147 mutuus
1406 2114 1537 2147 dabant

145 2171 424 2215 provincialibus
456 2183 498 2205 nc
519 2172 618 2207 fenus
650 2171 891 2204 excercebunt.
939 2171 1029 2204 Eam
1061 2182 1136 2203 rem
1159 2171 1356 2204 luculenter
1378 2169 1536 2214 exposuit

141 2226 322 2261 Ernestius
352 2227 388 2261 in
416 2228 564 2272 opusce.
597 2227 736 2271 philoll.
767 2232 800 2262 et
831 2228 936 2265 crint..
955 2240 987 2272 p.
1013 2227 1132 2262 1-20.
1159 2232 1194 2261 ct
1217 2227 1251 2260 in
1275 2228 1374 2263 Clav.
1400 2227 1473 2261 Cic.
1498 2238 1533 2261 v.

141 2286 352 2329 negotiator.
400 2287 447 2319 cf.
484 2286 669 2320 Heindorf.
710 2287 753 2320 ad
783 2287 871 2319 llor.
899 2286 975 2320 Sat.
1008 2285 1035 2326 Ι,
1062 2285 1096 2325 7,
1126 2285 1160 2319 4.
1196 2284 1367 2319 Matthias
1390 2285 1435 2318 ud
1459 2285 1532 2320 Cic.

141 2353 178 2385 p.
198 2343 221 2376 l.
246 2343 344 2377 Mun.
369 2355 400 2377 c.
421 2343 456 2385 7,
480 2343 536 2377 18.
571 2343 686 2377 Beier.
711 2344 755 2377 ad
780 2344 852 2377 off.
877 2343 939 2385 Ill,
958 2343 1016 2385 14,
1037 2341 1095 2376 58.
1127 2362 1173 2367 —
1208 2343 1300 2376 Erat
1325 2342 1468 2376 eortius
1491 2353 1533 2376 ex

142 2411 213 2433 uno
246 2401 322 2434 cod.
365 2402 434 2435 lnc.
462 2402 495 2434 1.
531 2401 660 2435 omisit.
704 2419 751 2426 ·—
803 2402 1004 2435 Civitatium
1044 2400 1174 2445 legitur
1207 2400 1241 2433 in
1273 2400 1349 2434 cod.
1382 2400 1465 2433 Bas.
1497 2399 1532 2435 l.

142 2457 284 2495 Fubric.
304 2459 338 2492 1.
363 2462 398 2491 ct
419 2458 546 2494 Nazar.
572 2470 619 2493 m.
644 2471 711 2503 pn,
735 2459 769 2492 in
795 2459 934 2492 relicuis
959 2462 1011 2493 est
1033 2460 1236 2498 civitatum5
1261 2460 1438 2501 receptum
1459 2456 1529 2490 for-

142 2525 242 2548 mum
273 2514 310 2548 in
334 2515 402 2548 hoc
428 2516 603 2549 vocabulo
626 2516 870 2560 nonnullisque
902 2517 981 2550 aliis
1004 2528 1070 2549 non
1095 2527 1211 2550 rurum
1234 2527 1308 2549 esse
1331 2514 1534 2548 observavit

144 2571 217 2605 ium
241 2572 414 2606 Priscian.
433 2573 514 2615 Vll,
533 2574 589 2614 16,
610 2573 667 2607 7⁷.
701 2586 734 2617 p.
759 2575 839 2608 344.
879 2576 940 2609 ΚΓ.
966 2585 999 2607 v.
1026 2574 1258 2607 nnddimann.
1286 2573 1412 2606 lnstitl.
1440 2571 1485 2605 T.
1502 2571 1530 2609 l.

143 2640 178 2672 p.
199 2629 258 2664 93.
281 2630 411 2664 Stullb.
437 2631 613 2665 Drakenb.
638 2632 681 2666 ad
708 2632 783 2665 Liv.
806 2633 834 2674 1,
853 2632 910 2673 45,
935 2631 968 2666 5.
994 2635 1029 2665 et
1052 2631 1095 2664 ud
1124 2632 1184 2671 lx,
1201 2630 1258 2667 31.
1279 2629 1332 2664 14.
1370 2629 1531 2671 xxxin,

144 2686 203 2726 2⁰,
222 2687 277 2720 ll.
302 2688 390 2727 xm,
406 2687 464 2729 22,
484 2688 516 2720 7.
551 2689 690 2732 Zumpt.
717 2690 876 2723 Granum.
900 2691 975 2723 Lat.
999 2692 1030 2732 ξ.
1052 2689 1105 2728 15,
1124 2689 1158 2723 (i.
1189 2700 1223 2732 p.
1243 2687 1299 2721 56.
1333 2686 1412 2719 coll.
1439 2687 1530 2719 Goo-

148 2755 240 2778 renz·
265 2745 309 2780 ml
333 2745 406 2779 Cic.
431 2745 475 2779 dc
500 2746 609 2792 [segg.
633 2747 659 2787 1,
677 2748 710 2787 1,
731 2746 761 2782 l.
786 2753 821 2783 ct
846 2748 1002 2793 llcrzng.
1025 2747 1069 2782 ud
1094 2748 1192 2781 Caes.
1214 2746 1255 2780 Β.
1278 2745 1321 2779 G.
1342 2745 1398 2785 lv,
1415 2743 1449 2778 3.
1469 2742 1529 2787 qui
