1630 3034
0 607 13 627 k

150 240 236 280 388
522 235 569 278 C.
599 235 916 278 SALLUSTI
948 235 1167 278 CRISPl

115 351 344 404 Teessaria
378 356 484 421 post
511 352 624 395 illius
659 351 879 395 honorem
925 351 1153 397 ducerent.
1226 352 1293 396 lta
1338 354 1544 413 perculsa

150 450 380 494 nobilitate
413 454 518 509 post
548 449 708 492 multas
745 455 1035 509 tempestates
1073 465 1190 494 novo
1226 449 1396 493 homini
1433 465 1542 493 con-

150 547 315 590 sulatus
351 546 617 600 mandatum
648 552 693 590 et
730 552 891 605 postea
926 547 1138 607 populus,
1174 562 1201 590 a
1235 546 1412 591 tribuno
1447 546 1543 607 ple-

153 644 221 687 bis
267 643 442 687 Manlio
481 642 697 686 Mancino
733 650 940 703 rogatus,
987 659 1123 702 quem
1160 644 1294 688 vellet
1330 658 1431 687 eum
1466 643 1541 686 Iu-

146 740 314 802 gurtha
343 740 512 784 bellum
546 755 734 800 gerere,
770 740 981 798 frequens
1018 739 1215 784 Marium
1241 740 1377 785 iussit.
1448 739 1543 785 Sed

145 885 378 921 salutantium
397 886 802 929 frequentaretur
826 884 1036 930 Agrippina.
1062 885 1152 920 Hist.
1177 886 1222 927 11,
1247 884 1303 919 16.
1355 885 1541 930 Digressus,

146 948 204 992 qui
248 947 433 981 Pacarium
475 945 865 989 frequentabant.
924 946 1113 990 perperam
1148 953 1264 980 autem
1314 946 1405 990 apud
1439 946 1541 979 Arus.

145 1009 250 1043 Mess.
274 1019 308 1043 v,
332 1007 519 1052 posthabeo
543 1004 669 1050 (Corp.
693 1006 852 1040 Gramm.
876 1006 967 1040 Latt.
991 1007 1069 1041 vol.
1088 1008 1114 1041 1.
1135 1019 1170 1051 p.
1187 1007 1269 1042 255.
1287 1006 1340 1038 ed.
1366 1004 1542 1047 Lindem.)

143 1080 207 1113 pro
237 1068 399 1103 honorem
423 1066 592 1110 scriptum
627 1072 679 1101 est
712 1068 911 1112 negotium,
943 1069 1036 1111 quod
1068 1069 1260 1103 memoriae
1284 1066 1385 1110 lapsu
1409 1065 1542 1099 factum

144 1133 318 1174 putamus.
367 1129 540 1162 Honorem
574 1126 732 1171 intellige
776 1127 820 1160 de
857 1128 1038 1164 consulatu
1071 1129 1250 1164 nobilibus
1289 1125 1389 1170 quasi
1425 1130 1542 1160 extor-

143 1191 279 1235 quendo
303 1193 338 1224 et
360 1187 477 1222 Mario
501 1188 722 1221 conferendo.

237 1253 270 1294 §-
294 1251 328 1285 7.
375 1255 453 1295 post
479 1249 607 1283 multas
632 1249 876 1294 tempestates]
912 1250 1012 1284 Haec
1035 1260 1104 1283 non
1129 1233 1330 1294 significare
1349 1252 1429 1293 post
1452 1248 1541 1282 mul·

143 1318 200 1347 tas
224 1313 344 1347 turbas
368 1317 402 1345 et
427 1310 620 1344 certamina
653 1315 746 1345 recte
779 1310 867 1344 vidit
900 1310 1061 1352 Cortius;
1094 1322 1174 1344 nam
1200 1313 1423 1353 tempestates
1454 1308 1492 1343 h.
1516 1308 1541 1344 l.

144 1374 186 1407 de
211 1378 363 1418 tempore
388 1382 462 1406 esse
482 1370 728 1415 intelligendas
750 1370 960 1416 perspicitur
986 1371 1055 1404 hac
1079 1371 1247 1405 sententia
1265 1381 1346 1404 curn
1371 1382 1402 1406 c.
1418 1369 1543 1412 LXlll,

142 1434 176 1468 6.
202 1438 418 1478 comparata.
466 1433 634 1466 ceterum
667 1432 737 1466 hoc
761 1444 864 1466 sensu
896 1431 1058 1466 usitatior
1082 1437 1134 1466 est
1157 1431 1366 1476 singularis;
1397 1430 1544 1475 pluralis

143 1500 258 1529 tumen
280 1495 388 1529 etiam
414 1493 545 1539 legitur
577 1493 682 1528 Catil.
709 1494 806 1535 Llll,
839 1492 873 1526 5.
907 1497 942 1526 et
965 1491 1059 1526 infra
1091 1505 1121 1527 c.
1149 1493 1278 1538 xcxi,
1304 1492 1338 1528 l.
1362 1493 1484 1533 cvm,
1507 1492 1543 1527 2.

142 1555 219 1590 Liv.
248 1557 274 1597 1,
299 1555 334 1597 5,
358 1555 391 1588 2.
420 1556 463 1595 X,
488 1556 554 1597 11,
578 1555 612 1590 9.
637 1574 681 1579 -
716 1554 910 1588 Nobilitate
932 1555 1172 1599 perculsa,
1206 1554 1257 1588 uti
1289 1557 1414 1588 auctor
1436 1564 1543 1597 supra

141 1615 215 1650 iam
239 1615 327 1649 dixit
349 1627 378 1649 c.
403 1615 520 1658 ΚΕΗ,
549 1617 596 1657 1.,
627 1616 720 1649 idem
744 1614 921 1659 significat
952 1621 1056 1659 atque
1082 1616 1159 1652 nob.
1186 1617 1320 1659 fusa,
1353 1615 1446 1660 quod
1483 1625 1542 1648 ex-

142 1677 351 1722 plicavimus
375 1677 418 1710 ad
443 1688 474 1712 c.
500 1676 603 1717 LXV,
628 1676 662 1711 5.
687 1695 732 1702 —
767 1676 931 1709 ,Mancino
964 1681 1057 1710 recte
1090 1676 1139 1710 im
1169 1676 1337 1721 scriptum
1371 1679 1483 1710 exstat
1506 1675 1540 1708 in

141 1738 312 1772 Commel.
340 1737 421 1771 Sen.
448 1737 480 1771 1.
508 1736 605 1772 Leid.
633 1737 673 1772 L.
699 1736 811 1771 Paris.
837 1737 869 1771 b.
895 1748 925 1772 z,
960 1737 1073 1771 Paiat.
1096 1736 1131 1770 7.
1165 1737 1291 1770 Franc.
1317 1735 1412 1771 Leid.
1442 1735 1480 1769 C.
1507 1739 1540 1768 ct

141 1799 246 1833 Misn.
282 1798 327 1831 ci'.
353 1798 473 1843 Pighii
500 1797 637 1832 Annall.
673 1797 716 1831 T.
743 1798 802 1831 111.
833 1809 866 1841 p.
900 1796 980 1830 116.
1030 1796 1144 1831 Ceteri
1178 1797 1277 1831 codd.
1303 1798 1453 1840 multum
1476 1808 1539 1831 va-

140 1859 252 1901 riant,
281 1859 336 1893 vel
359 1859 538 1900 Mantino,
566 1859 622 1892 vel
647 1858 805 1900 Mancia,
831 1857 888 1890 vel
914 1857 1101 1901 Mamilio,
1127 1858 1183 1891 vel
1206 1858 1407 1902 corruptius
1431 1858 1538 1892 etiam

141 1919 352 1955 exhibentes.
400 1921 616 1954 Praenomen
652 1918 792 1953 tribuno
827 1923 946 1951 utrum
979 1918 1148 1951 ,nannius
1172 1928 1215 1951 an
1242 1919 1395 1952 *Manlius
1419 1919 1538 1960 suerit,

139 1993 208 2016 non
233 1987 328 2016 certo
352 1979 517 2015 constitui
555 1985 685 2024 potest3
718 1984 835 2013 tamen
867 1978 902 2012 in
937 1977 1128 2023 posteriore
1152 1979 1256 2023 longe
1287 1979 1432 2024 plurimi
1456 1979 1539 2014 libri

140 2042 350 2086 conspirant.
376 2061 418 2067 —
457 2043 568 2076 Vellet
593 2046 628 2076 et
651 2041 752 2076 iussit
777 2040 908 2082 verba,
944 2039 980 2073 in
1005 2040 1159 2074 formula
1189 2039 1323 2074 solenni
1346 2039 1541 2086 rogationis

139 2103 415 2149 promulgandae
440 2104 626 2138 coniuncta
659 2108 707 2147 (v.
732 2102 776 2136 ad
801 2113 830 2135 c.
857 2101 940 2142 XL,
969 2100 1024 2145 3.)
1061 2100 1120 2134 hic
1144 2111 1182 2134 re
1205 2101 1280 2145 ipsa
1303 2101 1467 2135 suadente
1492 2101 1540 2136 iia

140 2164 310 2198 disiunxit
333 2171 476 2206 auctor,
512 2169 549 2199 ut
582 2165 667 2198 illud
692 2163 734 2197 ad
760 2174 836 2195 rem
869 2161 964 2205 prius
991 2162 1274 2205 deliberandam,
1309 2163 1376 2197 hoc
1410 2163 1454 2197 ad
1480 2163 1540 2197 de-

140 2225 347 2258 cernendam
387 2226 573 2260 referatur.
606 2246 651 2251 —
686 2227 724 2259 ln
759 2223 945 2268 postremis
979 2223 1112 2257 verbis:
1149 2224 1218 2256 Sed
1251 2228 1390 2257 senatus
1416 2225 1538 2268 paullo

141 2292 223 2320 ante
253 2286 394 2319 Metello
420 2287 622 2321 Numidiam
656 2287 879 2325 decreverat,
915 2284 1016 2318 codd.
1049 2289 1120 2319 tam
1151 2283 1299 2318 mirilico
1330 2284 1539 2328 discrepant,

141 2351 180 2379 ut
205 2351 237 2379 et
260 2346 417 2391 singulas
441 2346 625 2381 varietates
649 2347 777 2381 afferre
801 2347 946 2391 longum
971 2345 1034 2388 sit,
1067 2357 1178 2390 neque
1206 2349 1337 2379 certam
1360 2347 1538 2379 tantarum

141 2408 323 2441 turbarum
362 2419 524 2441 caussam
558 2408 710 2452 reperire
745 2408 859 2441 liceat.
910 2407 1000 2441 Nam
1025 2411 1064 2442 ut
1095 2406 1197 2451 pauci
1231 2410 1308 2451 post
1336 2406 1537 2441 Numidiam

140 2468 270 2502 addunt
299 2470 538 2513 provinciam,
574 2481 664 2513 quae
697 2469 792 2503 haud
824 2468 929 2502 dubie
961 2467 1181 2512 interpolatio
1217 2471 1291 2510 est,
1325 2466 1374 2500 ita
1399 2465 1434 2499 in
1455 2465 1536 2500 aliis

142 2531 328 2573 utrumque
352 2530 467 2570 dees-u
494 2529 528 2563 in
554 2530 633 2564 aliis
658 2535 796 2575 praeter
822 2530 1047 2570 Numidiam,
1071 2528 1162 2572 quod
1187 2527 1289 2572 pauci
1313 2531 1446 2561 tantum
1471 2526 1536 2560 ha-

141 2589 245 2628 bent,
271 2589 375 2623 simul
401 2591 617 2625 desideratur
641 2597 803 2632 senatus,
838 2591 872 2624 in
898 2591 977 2624 aliis
1002 2595 1105 2631 ante,
1141 2589 1176 2623 in
1201 2588 1282 2623 aliis
1307 2588 1465 2628 Metello,
1499 2587 1534 2621 in

139 2647 217 2681 nliis
251 2654 332 2683 ante
372 2651 530 2695 Metello,
558 2653 592 2686 iu
627 2653 706 2687 aliis
739 2653 838 2697 plura
862 2651 987 2693 simul5
1011 2655 1190 2695 praeterea
1213 2649 1247 2683 in
1271 2647 1446 2682 nonnullis
1470 2659 1534 2692 pro

141 2711 279 2743 Metello
314 2710 443 2754 legitur
476 2714 602 2754 Decio,
634 2714 695 2748 alii
731 2719 849 2748 autem
883 2713 992 2747 etium
1023 2710 1121 2745 varie
1153 2714 1376 2754 transponunt
1408 2708 1530 2754 verba,

136 2770 290 2804 maxime
322 2779 463 2807 senatus
498 2779 533 2808 et
565 2775 781 2809 Numidiam.
830 2775 1002 2807 Gruterus
1032 2772 1088 2806 his
1123 2772 1167 2805 ad
1191 2769 1444 2814 desperandum
1468 2769 1531 2803 ad-

134 2835 233 2864 actua
255 2831 372 2866 omnin
396 2844 458 2875 pro
486 2834 613 2877 glossis
646 2835 765 2869 habet.
815 2834 955 2869 Cortins
984 2832 1226 2869 tantummodo
1248 2831 1310 2866 scd
1342 2834 1376 2865 et
1406 2830 1531 2864 Numi-
