1630 3034
406 139 769 183 IU'GURTHA.
829 138 958 182 GAP.
987 139 1203 181 XXXIII.
1417 143 1499 184 2⁰1

121 273 275 303 eorum
311 257 506 311 mollire3
524 274 529 289 v
540 262 770 316 postremo
797 257 1064 300 confirmare
1098 255 1236 299 fidem
1271 255 1501 316 publicam

120 371 206 415 per
231 370 326 399 sese
355 354 606 398 inviolatam
626 353 747 399 fore.
817 353 953 408 Post,
983 353 1061 396 ubi
1089 353 1307 396 silentium
1334 353 1539 413 coepit‚4

120 451 343 512 producto
378 450 594 511 Iugurtha
629 450 767 494 verba
800 449 928 505 facit,
964 450 1140 493 Romae
1174 449 1502 508 Numidiaeque

121 548 321 592 facinora
355 548 724 604 eiusamemorat,
761 547 929 591 scelera
962 546 1008 589 in
1041 552 1218 606 patrem
1252 546 1502 605 fratresque

121 645 326 692 ostendit.
354 663 358 666 ⁴
384 644 571 700 Quibus
615 643 863 687 iuvantibus
906 643 1157 702 quibusque
1201 643 1404 695 ministris
1450 658 1505 687 ea

122 742 265 802 egrerit
291 756 564 800 quamquam
591 741 822 801 intellegat
851 740 1047 800 populus
1073 740 1318 797 Romanus,
1354 746 1504 784 tamen

122 838 239 882 velle
283 838 526 882 manifesta·
563 838 706 898 magis
762 852 817 881 ex
858 837 935 881 illo
991 837 1173 885 habere.
1255 837 1304 882 Si
1350 852 1505 882 verum

119 981 304 1016 consilium
324 982 507 1023 contineat,
535 982 686 1016 nondum
710 982 902 1026 perfectum
924 980 1011 1015 illud
1029 982 1086 1016 sed
1107 983 1223 1016 adhuc
1242 982 1506 1027 exsequendum,

120 1054 189 1077 non
211 1055 298 1087 opus
317 1048 368 1078 est
396 1044 544 1077 verbum
575 1043 654 1076 inde
680 1047 801 1086 aptum
829 1043 947 1076 futuro
981 1047 1137 1087 tempore
1162 1043 1261 1088 poni,
1285 1044 1343 1078 sed
1375 1042 1507 1077 sufficit

120 1102 299 1138 indefinite
320 1104 418 1138 illam
438 1103 608 1138 actionem
636 1103 848 1148 significari,
873 1104 916 1137 ad
946 1115 1051 1147 quam
1079 1103 1192 1137 iussus
1220 1108 1372 1148 spectat3
1399 1115 1432 1137 V.
1460 1104 1506 1138 ad

121 1163 198 1198 Cat.
219 1164 300 1207 LII,
325 1164 382 1198 24.
411 1182 458 1191 --
492 1165 555 1198 Sui
588 1165 686 1198 abest
717 1175 739 1198 a
762 1165 860 1198 codd.
886 1164 1007 1206 Rivii,
1042 1166 1147 1198 Bern.
1173 1164 1206 1198 l.
1240 1169 1275 1199 et
1297 1165 1372 1199 Vat.
1399 1163 1434 1199 5.
1465 1165 1506 1198 In

122 1223 204 1259 Ven.
222 1224 256 1258 2.
282 1224 411 1259 vitiose
432 1224 564 1270 legitur
586 1226 693 1260 socios
715 1237 814 1260 suos
838 1226 959 1260 tanti
981 1227 1139 1267 sceleris,
1164 1225 1254 1269 quod
1279 1225 1507 1259 Gerlachium

120 1285 294 1328 permovit
321 1289 360 1319 ut
392 1286 560 1319 omissum
584 1297 606 1319 a
630 1286 750 1320 Cortio
774 1286 829 1320 sui
851 1297 1041 1330 pronomen
1064 1286 1099 1320 in
1124 1287 1333 1320 Commentt.
1366 1296 1400 1329 p.
1423 1284 1506 1319 266.

120 1345 304 1389 probaret3
335 1346 432 1380 haud
456 1347 622 1380 dubie'ut
644 1347 763 1381 iocum
788 1350 929 1391 ageret3
952 1358 1034 1381 nam
1057 1346 1093 1380 in
1117 1346 1170 1380 ed.
1194 1346 1330 1380 minore
1353 1346 1508 1382 retinuit.

122 1424 166 1430 —
190 1407 352 1450 Aperit-ct
379 1406 632 1442 illustravimus
655 1408 700 1441 ad
726 1408 802 1442 Cat.
827 1407 910 1449 XL,
936 1406 970 1441 6.
1005 1424 1050 1433 -—
1084 1407 1264 1452 Dignitati
1294 1418 1398 1451 quam
1431 1408 1508 1442 irae

119 1467 239 1512 radgis
263 1468 436 1501 consulem
458 1468 527 1502 hoc
550 1468 671 1502 ordine
692 1467 825 1512 legitur
844 1468 881 1502 in
905 1467 1067 1502 omnibus
1088 1467 1242 1509 Gruteri‚
1266 1467 1407 1510 IVassii,
1432 1469 1507 1502 Ha-

121 1527 298 1572 vercampi
321 1532 356 1562 et
377 1528 532 1571 priorum
560 1529 732 1563 editorum
756 1529 870 1571 codd„
893 1529 1017 1573 quibus
1040 1528 1202 1563 undecim
1227 1528 1337 1562 Cortii
1362 1529 1508 1563 assenti-

121 1592 246 1630 untur;
269 1588 392 1622 relicui
413 1589 490 1623 eius
514 1590 644 1624 hahent
668 1590 743 1635 dig.
767 1591 916 1635 magis
939 1603 972 1635 q.
995 1590 1071 1624 irae
1096 1602 1145 1632 c.,
1169 1589 1293 1623 scribis
1317 1601 1507 1633 compara-

119 1648 234 1683 tivum
257 1661 361 1694 quam
385 1649 579 1693 particulae
603 1650 833 1694 postpositum
858 1662 965 1697 aegre
987 1652 1191 1685 ferentibus.
1223 1650 1270 1683 cf.
1294 1650 1445 1694 XXXV,
1469 1650 1506 1684 3.

121 1710 248 1755 XLIV,
274 1710 306 1746 l.
329 1710 459 1751 LVIII,
481 1711 514 1743 3.
539 1711 657 1752 XCII,
681 1712 716 1746 6.
748 1713 834 1746 Tac.
858 1713 996 1746 Annall.
1020 1712 1056 1753 1,
1080 1711 1122 1755 2,
1149 1711 1190 1755 1,
1223 1714 1310 1744 extr.
1344 1711 1508 1745 Ceterum

120 1772 266 1805 eandem
297 1771 504 1805 sententiam
526 1771 714 1806 Sallustius
742 1772 816 1806 iam
840 1773 956 1817 posuit
979 1773 1014 1807 in
1040 1771 1198 1806 Caesaris
1223 1772 1380 1806 oratione
1405 1772 1509 1808 Catil.

120 1833 177 1874 LI,
199 1833 236 1866 7.
259 1832 320 1865 ubi
347 1844 380 1876 p.
400 1832 468 1866 239
479 1844 530 1876 sq.
556 1833 597 1866 de
620 1838 804 1878 zeugmate
827 1835 924 1868 verbi
947 1833 1108 1867 diximus.
1127 1852 1174 1857 —-
1199 1833 1329 1865 Eorum
1354 1832 1456 1865 Rem.
1473 1833 1507 1867 l.

119 1903 188 1927 non
211 1894 328 1927 habet.
376 1892 514 1927 Curtius
545 1894 727 1938 eleganter
757 1894 871 1928 omitti
903 1898 1038 1936 censet,
1071 1892 1280 1928 Gerlachius
1313 1892 1509 1937 elegantius

120 1953 280 1987 retineri!
314 1973 357 1979 —
390 1953 458 1987 Per
480 1965 552 1988 sese
576 1955 708 1988 Badius
733 1959 767 1989 et
791 1956 985 1989 Glareanus
1009 1954 1103 1987 male
1127 1954 1170 1987 ad
1194 1954 1306 1997 fidem
1332 1954 1508 1997 publicam

121 2015 293 2056 referunt3
329 2018 424 2048 recte
451 2013 586 2047 monuit
610 2014 752 2047 Cortius
783 2015 892 2048 verba
922 2015 966 2048 ad
990 2013 1199 2047 Memmium
1228 2017 1406 2056 spectare,
1439 2014 1509 2047 hoc

122 2085 244 2107 sensu:
279 2078 448 2116 quantum
472 2074 507 2107 in
531 2086 568 2108 se
590 2074 654 2115 sit,
678 2078 848 2117 quantum
873 2075 1083 2109 auctoritate
1105 2085 1168 2108 sua
1191 2075 1331 2107 efficere
1355 2074 1473 2117 possit.

213 2135 246 2176 ς.
271 2133 305 2168 4.
352 2136 475 2179 coepit]
508 2135 651 2178 Aliquot
690 2135 790 2168 codd.
827 2136 936 2179 coepit
962 2136 1097 2178 sieri,
1132 2146 1218 2178 quos
1251 2134 1390 2169 Cortius
1422 2136 1509 2169 bene

122 2193 243 2227 reiecit
266 2194 345 2228 coll.
370 2207 399 2228 c.
424 2195 542 2236 mm,
567 2195 601 2228 7.
627 2195 809 2237 LXXXV,
832 2196 890 2230 17.
914 2197 1011 2238 XCI,
1035 2195 1068 2228 4.
1093 2213 1139 2220 —-
1172 2196 1363 2229 Numidiae
1386 2207 1448 2239 pro
1472 2197 1509 2230 in

124 2254 294 2288 Numidia
318 2258 438 2288 contra
462 2267 595 2289 morem
625 2256 756 2289 dictum
783 2268 857 2290 esse
881 2257 925 2289 ab
950 2256 1112 2299 inter-prr.
1135 2256 1219 2290 satis
1243 2256 1416 2290 monitum
1440 2261 1506 2298 est,

122 2315 204 2348 coll.
226 2315 327 2348 Auct.
360 2314 444 2348 libri
468 2315 558 2349 vm.
594 2316 637 2349 de
660 2317 702 2351 B.
730 2316 770 2351 G.
797 2328 828 2350 c.
850 2318 883 2350 1.
934 2317 1091 2349 Caesaris
1112 2317 1222 2350 nostri
1249 2319 1508 2352 commentarios

121 2387 236 2410 rerum
257 2380 436 2420 gestarum
456 2376 640 2409 Galliae
663 2379 832 2419 contexui,
856 2377 916 2411 ubi
934 2377 1132 2422 Herzogius
1147 2377 1294 2412 mirifice
1310 2378 1507 2423 genitivum

118 2436 334 2471 (obiectivum
369 2447 444 2470 esse
475 2436 567 2471 dicit.
615 2438 830 2483 Bernegger.
855 2438 898 2471 ad
922 2438 1042 2473 lustin.
1068 2438 1167 2480 xlv,
1189 2437 1231 2480 5,
1255 2439 1289 2472 9.
1311 2440 1441 2472 Duker.
1464 2439 1507 2473 ad

122 2498 220 2531 Flor.
248 2497 284 2538 Ι,
314 2495 379 2537 18,
412 2497 469 2531 11.
504 2502 538 2531 et
571 2497 615 2531 ad
640 2499 708 2540 111,
741 2499 807 2541 10,
839 2497 895 2532 16.
944 2498 1155 2532 Ruddiman.
1189 2499 1314 2533 Institt.
1347 2499 1506 2533 Gramm.

123 2558 200 2593 vol.
223 2557 268 2592 II.
301 2568 335 2600 p.
362 2556 444 2591 284.
479 2557 616 2591 Tamen
639 2558 748 2592 nostri
771 2558 838 2593 loci
863 2570 905 2592 ea
929 2558 1019 2593 ratio
1043 2563 1114 2600 est,
1148 2564 1188 2593 ut
1210 2560 1392 2594 insolentia
1415 2564 1507 2594 stru-

123 2623 242 2653 cturae
263 2618 411 2663 genitivi
435 2618 581 2653 alterius
596 2619 775 2653 vicinitate
793 2622 984 2661 excusetur,
1007 2620 1099 2664 quod
1116 2620 1203 2654 scite
1220 2620 1353 2654 monuit
1367 2621 1505 2664 Zumpt.

124 2679 160 2713 in
188 2679 347 2714 Gramm.
374 2679 450 2714 Lat.
487 2682 518 2722 §.
538 2679 606 2722 71,
639 2679 675 2715 8.
698 2684 769 2714 not.
794 2681 818 2713 l.
853 2692 889 2724 p.
911 2679 993 2714 318.
1024 2681 1078 2713 ed.
1102 2681 1159 2715 lv.
1193 2681 1232 2714 111
1256 2680 1366 2715 efficit
1388 2685 1506 2715 autem

125 2739 366 2774 concinnitatis
388 2740 554 2775 studium.
607 2741 660 2774 Ea
684 2740 823 2776 Cottius
847 2752 926 2774 cum
951 2740 1029 2777 Vin.
1051 2740 1086 2777 2.
1121 2741 1257 2783 omisit,
1288 2741 1506 2786 improbante
