1630 3034
380 176 735 221 IUGURTHA.
801 176 929 218 CAP.
963 178 1206 221 LXXXVI.
1395 185 1479 224 469

96 311 211 355 pere
248 300 520 349 commeatu,
550 292 794 353 stipendiO,
825 293 979 347 armis,
1013 293 1108 337 aliis
1144 294 1321 338 utilibus
1354 296 1474 340 navis

101 397 285 445 onerat3
323 407 424 435 cum
458 391 527 434 his
562 391 616 434 A.
659 389 876 433 Manlium
918 385 1116 449 legatum
1147 391 1370 449 proficisci
1404 392 1474 436 iu-

98 489 186 532 bet.
258 487 361 548 Ipse
395 489 560 532 interea
593 486 750 530 milites
787 485 1001 542 scribere,
1049 501 1137 529 non
1169 501 1293 530 more
1329 488 1508 537 maio—2

95 599 218 636 rum,
260 599 407 642 neque
453 599 507 627 ex
552 582 787 636 classibus,
837 581 917 625 sed
962 581 1025 624 uti
1065 582 1272 640 cuiusque
1318 584 1472 628 lubido

95 686 209 737 erat,
255 681 400 740 capite
446 695 600 724 censos
641 679 897 738 plerosque.
969 678 1024 721 Id
1061 679 1227 722 factum
1273 680 1343 722 alii
1371 681 1504 731 ino-3

93 777 168 838 pia
198 777 447 834 bonorum,
483 776 555 820 alii
587 791 672 836 per
708 774 992 818 ambitionem
1031 776 1218 819 consulis
1246 791 1471 821 memora-

92 874 215 933 bant,
251 873 377 932 quod
412 874 469 917 ab
508 888 562 917 eo
597 888 765 932 genere
802 872 1051 916 celebratus
1080 877 1321 931 auctusque
1354 881 1470 929 erat3

91 978 135 1015 et
167 971 337 1015 homini
381 970 626 1030 potentiam
664 969 891 1028 quaerenti
928 969 1249 1028 egentissumus
1287 970 1470 1028 quisque

87 1134 161 1168 fere
183 1133 281 1168 codd.
308 1133 458 1177 habent,
489 1144 570 1167 cum
603 1132 723 1168 Cottio
751 1131 952 1177 scripsimus
976 1133 1075 1175 aliis,
1107 1133 1180 1168 sine
1203 1133 1352 1178 copula;
1386 1145 1467 1168 nam

85 1206 194 1238 quum
227 1195 314 1229 desit
346 1195 381 1228 in
412 1194 556 1229 Fabric.
580 1195 613 1228 1.
645 1194 790 1230 Eccard.
823 1195 900 1228 Vat.
925 1193 960 1226 2.
998 1192 1084 1226 Tur.
1120 1193 1152 1226 1.
1187 1205 1228 1228 ac
1260 1206 1307 1227 m.
1343 1206 1394 1237 pr.
1430 1195 1467 1228 in

84 1257 178 1290 Med.
202 1256 248 1297 1.,
271 1255 308 1289 in
333 1255 478 1290 Goerlit.
505 1265 588 1288 vero
620 1255 758 1300 legatur
788 1260 831 1289 et
864 1254 963 1297 aliis,
997 1253 1032 1287 in
1056 1254 1125 1287 lnc.
1150 1253 1183 1287 2.
1209 1259 1349 1299 atque
1375 1255 1466 1298 aliis,

82 1318 149 1351 ista
180 1317 413 1361 discrepantia
446 1315 529 1350 satis
558 1319 653 1350 certo
689 1315 893 1348 documento
925 1316 976 1347 est
1008 1312 1141 1347 scribas
1173 1314 1330 1359 asyndeti
1363 1326 1466 1349 usum

75 1380 284 1424 ignorantes
319 1378 481 1412 voculam
512 1376 690 1417 intulisse3
725 1386 759 1409 v,
795 1375 839 1408 ad
875 1375 950 1407 Cat.
985 1373 1106 1417 XLlll,
1131 1373 1165 1407 2.
1193 1394 1236 1402 -
1263 1376 1375 1409 Navis
1398 1377 1466 1409 hac

81 1438 325 1474 terminatione
347 1442 458 1471 exstat
481 1437 516 1470 in
538 1436 651 1470 Paris.
676 1447 706 1472 c.
728 1447 760 1468 x.
786 1445 816 1468 z.
836 1456 882 1460 —
905 1434 1077 1468 Manlium
1101 1435 1339 1478 probatissimi
1363 1437 1462 1471 codd.

79 1502 269 1539 testantur3
292 1497 354 1532 alii
380 1499 539 1532 Mallium
564 1496 746 1537 exhibent,
770 1494 899 1538 pariter
923 1499 960 1528 ut
984 1496 1058 1529 Cat.
1087 1496 1211 1537 XXIV,
1237 1496 1270 1531 2.

170 1561 202 1601 §.
225 1558 259 1592 2.
306 1569 374 1592 non
397 1570 490 1592 more
514 1557 703 1600 maiorum]
728 1555 753 1588 i.
777 1567 806 1588 e.
833 1554 868 1588 in
888 1555 1075 1588 scribendis
1098 1555 1267 1591 militibus
1290 1569 1356 1591 non
1380 1569 1462 1592 eum

77 1621 220 1654 modum
244 1623 348 1663 atque
369 1619 525 1653 ordinem
548 1619 734 1652 observans
749 1642 759 1659 ,
784 1615 843 1659 qui
866 1620 953 1649 esset
976 1627 1042 1649 usu
1064 1621 1244 1660 receptus,
1270 1622 1308 1651 ut
1331 1619 1460 1662 populo

76 1693 138 1726 per
159 1681 309 1715 edictum
333 1679 368 1713 iu
392 1691 555 1724 campum
573 1678 741 1713 Martium
766 1681 956 1712 convocato
980 1675 1141 1720 singulae
1166 1679 1341 1713 centuriae
1365 1680 1460 1713 dein-

75 1754 154 1786 ceps
190 1741 447 1780 excitarentur,
484 1749 524 1771 ex
567 1737 692 1780 quibus
726 1737 842 1772 idonei
872 1737 917 1770 ad
954 1737 1119 1771 militiam
1151 1744 1387 1781 sumerentur-3
1425 1751 1454 1773 v.

73 1800 224 1837 Bitschii
257 1799 441 1844 Antiquitt.
474 1799 618 1832 Romm.
648 1800 693 1833 T.
728 1799 772 1832 Π.
809 1809 841 1840 p.
876 1796 979 1831 1396.
1003 1817 1048 1822 —
1074 1799 1267 1843 Neque,e³:
1293 1801 1456 1834 classibus

74 1864 98 1897 i.
120 1874 151 1896 e.
177 1873 287 1904 neque
309 1873 350 1894 ex
375 1860 438 1902 iis,
472 1860 592 1904 quibus
626 1860 679 1893 ius
702 1864 790 1894 esset
814 1858 972 1892 militiae.
1020 1857 1109 1890 Nam
1134 1869 1241 1901 quum
1266 1860 1359 1894 cives
1383 1861 1457 1893 Ro-

72 1921 168 1956 mani
191 1932 212 1955 a
235 1921 358 1954 Servio
381 1920 498 1955 Tullio
522 1931 585 1963 pro
621 1930 724 1952 censu
758 1922 870 1952 essent
905 1917 941 1950 in
965 1928 1023 1950 sex
1047 1918 1172 1951 classes
1196 1919 1381 1964 descripti,
1413 1932 1454 1954 ac

71 1993 136 2027 pro
159 1981 328 2025 dignitate
351 1980 514 2014 classium
547 1979 652 2012 ctiam
685 1977 838 2022 dignitas
860 1977 1009 2010 militiae
1032 1981 1066 2010 et
1101 1988 1279 2012 armorum
1304 1991 1346 2013 ac
1368 1981 1450 2013 telo-

72 2052 171 2081 rum,
196 2040 322 2084 quibus
345 2040 491 2084 quisque
514 2042 669 2073 uteretur
684 2064 694 2079 ,
720 2048 848 2082 genera
873 2041 987 2071 essent
1011 2037 1216 2079 constituta,
1248 2043 1343 2072 sexta
1365 2040 1452 2073 clas·

71 2103 139 2144 sis,
164 2111 252 2144 quae
276 2104 349 2134 erat
374 2100 486 2144 capite
511 2109 693 2133 censorum
717 2098 790 2131 sive
810 2109 929 2131 census
953 2097 1163 2138 tenuissimi,
1196 2098 1323 2132 militia
1345 2109 1450 2133 vaca·

71 2164 157 2204 bat3
181 2162 225 2196 cf.
249 2160 324 2195 Liv.
348 2160 377 2204 1,
402 2161 458 2196 43.
494 2159 586 2194 Gell.
612 2159 712 2200 XVI,
736 2158 793 2193 10.
831 2159 989 2192 Creuzcr.
1015 2158 1156 2202 Antiqq.
1182 2160 1287 2193 Rom.
1311 2162 1344 2202 §.
1368 2159 1448 2194 223.

72 2236 106 2268 p.
128 2221 198 2257 338
222 2233 270 2265 sq.
295 2221 349 2254 ed.
374 2221 418 2256 Π.
467 2220 521 2253 Ex
553 2219 716 2252 classibus
747 2222 798 2253 est
831 2218 939 2263 igitur
971 2231 1010 2252 cx
1045 2219 1255 2263 quinque
1284 2221 1448 2264 priori-

71 2285 146 2318 bus
176 2282 362 2325 classibus,
387 2280 516 2314 omissa
543 2283 658 2322 sexta,
684 2290 793 2323 quae,
830 2279 891 2313 ubi
916 2280 957 2313 de
981 2279 1109 2313 militia
1133 2280 1326 2324 agebatur,
1360 2282 1448 2314 clus-

69 2345 157 2378 sium
176 2343 314 2377 nomine
336 2353 405 2375 non
429 2339 798 2384 comprehendebatur.
824 2360 865 2365 -
893 2341 993 2383 Quae
1016 2343 1204 2383 sequuntur
1231 2341 1357 2382 verba,
1387 2342 1447 2375 sed

70 2405 124 2439 uta·
146 2404 305 2448 cuiusque
337 2402 452 2437 lubido
488 2406 587 2444 crat,
619 2401 813 2435 accuratius
846 2401 1024 2434 declarant
1049 2399 1203 2434 Marium
1228 2412 1294 2434 non
1315 2402 1447 2436 iustum

70 2466 238 2499 delectum
262 2462 426 2496 habuisse
452 2474 594 2504 eorum,
620 2473 705 2506 quos
727 2465 843 2506 posset
867 2472 909 2495 ex
933 2462 1012 2505 lege
1034 2472 1180 2505 cogere,
1205 2461 1264 2495 sed
1287 2462 1448 2495 volunta-

70 2526 138 2559 rios
161 2524 324 2559 ascivisse
347 2522 542 2566 quicunque
561 2523 690 2558 vellent
711 2522 899 2557 exercitum
924 2521 1033 2564 sequi.
1081 2522 1133 2554 De
1155 2522 1276 2556 eadem
1311 2533 1349 2555 re
1372 2521 1446 2566 egit

70 2585 174 2618 etiam
207 2585 416 2619 Plutarchus
447 2584 483 2617 in
518 2584 591 2618 vita
625 2583 732 2617 Marii
764 2595 793 2617 c.
824 2584 884 2616 lx.
938 2581 1212 2627 Ἑστρατολόγει
1242 2581 1344 2626 παρά
1376 2580 1444 2616 τόν

71 2643 190 2689 νόμον
213 2644 276 2681 καὶ
307 2643 374 2689 τὴν
409 2643 630 2687 συνήθειαν,
662 2643 781 2679 πολὺν
813 2641 877 2680 τὸν
909 2641 1054 2686 ἄπορον
1081 2643 1144 2679 καὶ
1175 2644 1312 2679 δοῦλον
1335 2655 1446 2678 κατα·

71 2702 246 2748 γράφων·
278 2705 352 2739 τῶν
386 2701 553 2748 πρόσθεν
587 2702 775 2750 ἡγεμόνων
809 2703 855 2739 οὔ
878 2703 1179 2749 προσδεχομένων
1207 2702 1294 2744 τοὺς
1317 2701 1445 2738 τοιού-

74 2776 180 2806 τους,
211 2762 294 2802 ἀλλ’
320 2761 440 2810 ὥσπερ
469 2764 555 2802 ἄλλο
589 2779 623 2801 τι
655 2767 726 2801 τῶν
760 2767 900 2810 καλῶν,
926 2765 986 2800 καὶ
1019 2764 1064 2800 τὰ
1098 2761 1194 2801 ὅπλα
1227 2764 1317 2810 μετὰ
1341 2764 1448 2808 τιμῆς
