1630 3034
417 180 772 224 IUGURTHA.
834 180 958 223 CAP.
991 179 1142 223 XXX.
1396 182 1480 222 169

231 287 376 343 XXX}
444 300 686 356 Postquam
721 313 790 341 res
827 298 871 341 in
897 297 1052 342 Africa
1088 302 1260 357 gestas,
1299 310 1479 355 quoque

95 395 232 440 modo
286 402 410 439 actae
465 396 634 450 forent,
689 395 809 437 fama
862 394 1130 454 divulgavit,
1179 394 1354 437 Romae
1397 409 1481 454 per

97 494 237 537 omnis
280 494 406 536 locos
454 500 498 536 et
542 499 786 536 conventus
834 491 891 534 de
927 492 1049 534 facto
1085 491 1272 534 consulis
1311 492 1482 551 agitari.

96 590 236 650 Apud
280 590 463 650 plebem
504 591 653 650 gravis
689 588 876 641 invidia3
931 589 1087 632 Patres
1125 588 1300 632 solliciti
1335 596 1483 641 erant3

96 724 252 768 pontifex
277 724 448 757 abstinere
473 723 555 756 iocis
578 723 687 756 iussit.
737 723 827 756 Erat
851 727 929 766 post
951 716 1159 766 imperatum
1184 721 1323 755 Cottius
1345 722 1484 764 omisit3

99 784 197 817 cuiuz
221 785 305 818 sacti
329 796 397 817 non
422 784 494 817 alia
519 795 643 817 caussa
667 789 738 824 est,
770 783 837 816 nisi
870 783 960 826 quod
995 783 1031 816 in
1055 784 1159 816 Rem.
1187 782 1236 822 1.,
1274 783 1331 816 cui
1368 788 1486 827 postea

99 845 203 879 Bern.
227 846 258 879 1.
292 844 454 883 accessit,
487 849 535 878 est
561 844 702 889 legitur.
730 864 774 869 —
809 846 892 878 Cum
923 856 1033 888 parvo
1066 844 1207 888 argenti
1228 844 1378 886 pondere
1403 855 1488 878 vera

98 909 149 937 eet
171 904 404 948 plurimorum
440 905 537 938 codd.
562 906 754 948 scriptum3
785 906 919 948 aliquot
948 905 1126 938 inferioris
1157 904 1288 937 ordinis
1312 904 1395 937 libri
1419 916 1488 937 non

100 969 174 998 tum
199 969 279 999 ante
301 969 376 998 tum
400 971 474 1009 post
499 978 572 1000 curn
598 968 745 1009 addunt,
779 967 904 1001 scribis
927 978 995 1000 non
1018 964 1294 1011 intelligentibus
1320 965 1388 997 hoc
1412 965 1488 1008 ipso

100 1026 294 1059 constitisse
318 1027 413 1069 pacis
442 1027 592 1061 avaritia
618 1028 733 1061 factae
758 1028 939 1069 fraudem,
962 1033 999 1060 ut
1023 1038 1134 1070 parva
1158 1027 1326 1070 pecuniae
1349 1038 1489 1060 sumnia.

101 1087 295 1121 traderetur
319 1089 505 1130 quaestori,
530 1089 565 1121 in
591 1088 766 1122 aerarium
790 1088 1010 1128 conferenda,
1032 1088 1138 1132 longe
1162 1088 1352 1121 maximam
1369 1088 1491 1121 Bestia

103 1153 206 1191 atque
227 1148 379 1181 Scaurus
404 1148 567 1191 privatim
593 1149 798 1192 acciperent.
837 1149 1028 1191 weissius,
1062 1149 1339 1193 corruptelarum
1371 1154 1488 1192 patro-

102 1220 178 1250 nus,
203 1221 270 1242 non
293 1209 456 1242 defendit.
479 1231 525 1235 —
553 1210 608 1242 Ad
632 1210 863 1254 magistratus
886 1210 1137 1255 rogandos,
1161 1209 1184 1243 i.
1202 1222 1231 1243 e.
1257 1216 1295 1243 ut
1319 1212 1492 1254 praeesset

103 1269 254 1304 comitiis
281 1269 550 1315 magistratuum
575 1270 813 1304 creandorum.
841 1271 887 1304 cf.
914 1271 1047 1304 Ernesti
1072 1272 1170 1305 Clav.
1194 1271 1265 1304 Gic.
1291 1282 1324 1306 v.
1348 1281 1491 1315 rogare.

103 1330 197 1366 Fest.
229 1341 264 1364 v·
287 1331 447 1376 rogatio,
483 1343 515 1374 p.
540 1330 619 1365 135.
655 1335 746 1365 etv.
778 1337 905 1376 rogat,
940 1344 972 1376 p.
997 1331 1077 1366 138.
1116 1332 1170 1365 ed.
1197 1332 1422 1365 Lindemann.
1457 1333 1494 1364 et

105 1391 271 1425 Gothofr.
296 1392 340 1425 ad
362 1391 436 1425 h.l.
461 1403 497 1435 p.
514 1390 595 1425 633.
618 1392 884 1426 Drakenborch.
908 1393 951 1426 ad
976 1393 1052 1426 Liv.
1072 1393 1132 1434 ΙΙΙ,
1156 1392 1215 1433 30,
1239 1392 1273 1425 6.
1300 1392 1494 1431 xxxx'ffl,

105 1451 169 1491 42,
195 1451 238 1493 l,
260 1451 294 1485 2.
320 1451 411 1485 Gen.
437 1451 534 1492 xm,
559 1451 614 1486 15.
640 1452 774 1487 Manat.
799 1454 841 1487 de
864 1454 1004 1488 Comitt.
1029 1466 1058 1488 c.
1075 1454 1131 1488 Vl.
1156 1450 1495 1488 Ferdin.Schulzius

50 1531 52 1533 >
105 1511 148 1545 de
173 1511 313 1546 comitr.
336 1512 441 1547 Rom.
467 1525 499 1556 p.
524 1512 605 1546 147.

198 1572 310 1606 XXX.
360 1575 393 1615 S.
409 1572 442 1609 1.
465 1573 500 1607 2.
524 1585 580 1607 rei
603 1574 638 1607 in
663 1574 786 1617 Africa
808 1580 929 1620 gestas
943 1577 1034 1622 Aeta]
1069 1578 1119 1611 De
1142 1578 1336 1611 structurae
1357 1572 1495 1607 ratione

108 1645 140 1667 v.
165 1634 211 1667 ad
234 1634 311 1668 Cat.
335 1633 377 1676 V,
405 1633 440 1667 9.
464 1653 510 1658 —
547 1635 620 1676 Que
644 1645 666 1668 a
690 1637 865 1672 nonnullis
896 1639 994 1672 codd.
1027 1638 1142 1672 minus
1166 1636 1267 1672 bonis
1291 1636 1409 1676 abest,
1441 1633 1496 1667 iu-

107 1695 206 1729 curia
232 1695 428 1728 scribarum
458 1698 557 1738 puto.
605 1695 767 1730 Ceterum
791 1698 930 1733 Cor-tius
962 1699 1080 1734 inutili
1104 1710 1213 1744 opera
1237 1696 1387 1732 ostendit
1411 1694 1495 1739 quid

108 1756 241 1790 intersit
265 1756 358 1790 inter
388 1767 460 1789 rem
491 1767 615 1801 gerere
648 1761 682 1791 et
716 1770 845 1804 agere,
879 1772 923 1794 nc
947 1760 1134 1795 Sallustius
1166 1761 1408 1804 pleonasmum
1432 1757 1497 1790 ad-

107 1816 242 1851 misisse
263 1817 446 1856 videatur3
480 1828 562 1850 nam
599 1829 706 1861 quum
738 1830 840 1854 voces
869 1833 924 1855 res
954 1827 1077 1867 gestae
1111 1821 1213 1854 nnius
1242 1820 1392 1853 nominis
1423 1819 1496 1852 vim

109 1878 306 1920 obtineant,
331 1877 420 1910 nihil
444 1878 556 1912 obstat
581 1879 766 1922 quominus
791 1893 900 1926 agere
924 1882 1066 1927 vulgari
1091 1885 1264 1925 potestate
1292 1880 1337 1914 ad
1361 1891 1419 1914 eas
1441 1890 1498 1912 re-

109 1940 254 1973 feratur.
302 1934 404 1982 Quod
431 1939 641 1974 Gerlachius
675 1940 784 1985 igitur
819 1943 928 1976 Gortii
962 1943 1167 1977 sententiam
1201 1941 1358 1985 repetiit,
1388 1950 1499 1985 agere

110 2001 256 2033 verbum
280 2000 322 2033 ad
347 2000 576 2034 condicionem
600 2000 650 2034 rei
675 2005 795 2045 gestae
819 2003 1066 2037 declarandam
1094 2002 1290 2046 pertinere,
1325 2012 1391 2035 acu
1423 2011 1499 2034 rem

111 2072 179 2093 non
203 2060 339 2104 tetigit3
362 2060 517 2093 condicio
542 2061 634 2094 enim
660 2063 856 2097 continetur
878 2065 994 2098 verbis
1019 2076 1083 2109 quo
1108 2064 1219 2097 modo.
1248 2082 1290 2087 —
1328 2063 1393 2096 Per
1418 2062 1501 2094 Cor·

114 2120 182 2154 lius
210 2132 284 2154 esse
313 2121 396 2154 dicit
431 2121 486 2162 in,
528 2133 632 2164 quam
665 2122 934 2165 explicationem
969 2125 1075 2158 etiam
1110 2123 1320 2157 Gerlachius
1351 2122 1395 2155 ad
1420 2122 1500 2155 Cat.

115 2181 180 2221 Lt,
211 2179 268 2215 43.
297 2181 332 2214 in
358 2181 566 2217 Commentt.
592 2194 624 2225 p.
641 2181 722 2217 135.
759 2184 960 2227 proposuit,
992 2184 1059 2218 nisi
1089 2184 1181 2228 quod
1205 2183 1320 2224 addit,
1352 2194 1415 2227 per
1438 2193 1503 2226 pro

115 2242 150 2275 ἰη
181 2241 332 2285 positum
367 2243 544 2276 notionem
576 2243 673 2276 vocis
704 2245 812 2277 omnis
844 2244 880 2278 in
915 2257 952 2278 se
974 2245 1162 2278 continere.
1209 2244 1246 2279 ld
1273 2244 1402 2277 falsum
1429 2253 1504 2276 esse

116 2302 233 2336 omnia
268 2303 426 2345 exempla
457 2303 580 2336 docent
612 2308 646 2336 et
679 2305 876 2338 monuimus
908 2305 943 2338 in
980 2304 1095 2338 lahnii
1127 2305 1263 2338 Annall.
1300 2303 1429 2338 Philol.
1470 2308 1505 2337 et

115 2363 271 2408 Paedag.
295 2374 326 2396 a.
352 2362 454 2397 1829.
478 2364 555 2397 Vol.
574 2364 615 2397 ll.
640 2364 739 2397 Fasc.
757 2365 782 2398 1.
809 2377 840 2408 p.
861 2365 917 2399 δῖ.
954 2367 1006 2400 lta
1030 2369 1147 2400 autem
1172 2365 1291 2399 differt
1310 2376 1372 2409 per
1395 2365 1442 2398 ab
1467 2365 1504 2398 in

118 2424 395 2470 praepositione,
431 2428 470 2457 ut
501 2425 592 2458 haec
622 2425 736 2458 locum
771 2426 805 2459 in
832 2427 1034 2460 universum
1058 2426 1252 2471 significet,
1283 2427 1348 2460 ina
1371 2425 1504 2469 aliquid

117 2485 354 2529 compluribus
390 2485 476 2518 locis
509 2485 587 2518 fieri
622 2488 787 2521 ostendat.
821 2488 868 2521 cf.
903 2489 1056 2532 Herzog.
1088 2488 1131 2531 ad
1164 2487 1264 2522 Catil.
1298 2488 1436 2528 xxw,
1468 2486 1502 2520 2.

117 2546 278 2581 Plurima
311 2557 354 2580 ex
377 2546 505 2579 Tacito
538 2546 680 2591 collegit
710 2547 958 2581 Boetticherue
991 2549 1026 2582 in
1057 2549 1141 2584 Lex.
1166 2547 1254 2582 Tac.
1278 2548 1316 2581 h.
1341 2558 1372 2583 v,
1410 2550 1444 2589 ς.
1469 2545 1504 2582 3.

118 2607 297 2652 p.3l9.-
316 2607 462 2642 Solliciti
478 2612 578 2641 eraut
593 2608 745 2649 Cordus,
769 2609 899 2643 iudicio
924 2609 1071 2654 turpiter
1093 2610 1220 2653 lapsus,
1246 2612 1367 2642 contra
1390 2607 1503 2642 omni-

119 2681 178 2717 unt
203 2669 301 2704 codd.
325 2669 449 2710 iidem,
473 2668 533 2712 qui
556 2679 598 2702 ne
622 2669 806 2703 minimum
828 2670 969 2713 quidem
991 2671 1141 2712 variant,
1165 2668 1352 2714 expunx113
1378 2669 1504 2713 quippe

76 2722 81 2727 ’
120 2731 263 2763 eandem
288 2730 324 2763 in
347 2730 403 2763 his
425 2729 542 2763 verbis
565 2730 770 2764 sententiam
796 2737 899 2775 atque
922 2731 957 2765 in
981 2732 1201 2776 sequentibus
1217 2731 1326 2764 inesse
1339 2729 1406 2764 sibi
1422 2742 1502 2774 per-

121 2790 247 2834 suasit,
271 2802 338 2825 non
363 2791 641 2826 animadvertens
662 2792 771 2836 plebis
794 2791 996 2826 invidiae
1020 2791 1147 2836 opponi
1167 2796 1309 2836 patrum
1334 2790 1505 2826 sollici-
