1630 3034
446 173 783 217 CATILINA.
842 173 982 215 CAP.
1011 175 1156 216 LVIII.
1395 177 1480 217 307

94 306 233 349 quum
290 291 515 350 proelium
567 288 728 333 inibitis
783 288 1097 343 memineritis,
1152 303 1233 333 vos
1288 288 1478 344 divitias,

94 381 256 436 decue,
291 383 514 442 gloriam,
555 384 792 440 praeterea
824 379 1080 423 libertatem
1117 386 1252 438 atque
1287 380 1478 439 patriam

94 473 138 516 in
176 473 340 517 dextris
375 473 530 517 vostris
556 478 752 531 portare.
821 470 871 514 Si
897 470 1125 524 vincimus,
1163 472 1312 515 omnia
1347 472 1477 514 nobis
1517 475 1544 517 9

95 570 186 607 tuta
225 571 378 619 eruut,
414 570 691 609 commeatus
727 562 929 616 abunde,
966 561 1171 606 coloniae
1207 570 1341 619 atque
1376 577 1479 605 mu-

94 655 538 714 nicipia‘patebunt3
584 655 651 697 sin
694 660 817 697 metu
863 652 1146 707 cesserimus,
1194 653 1355 697 eadem
1399 654 1478 697 illa
1494 655 1546 694 10

96 786 168 820 cic.
200 798 235 830 p.
260 788 365 820 Rosc.
390 787 508 821 Amer.
541 799 570 821 c.
600 785 635 829 5,
662 788 720 821 11.
755 798 872 820 omnes
901 785 990 819 hanc
1022 784 1257 828 quaestionem
1292 786 1388 819 haud
1417 796 1484 819 re-

93 843 286 876 missius
310 850 451 888 sperant
469 848 642 888 futuram.
692 845 747 877 Ex
766 845 887 877 eodem
911 853 1039 888 genere
1063 846 1115 875 est
1151 843 1378 876 adversus
1414 843 1482 876 ali-

94 912 193 944 quem
217 912 332 943 esse,
358 902 448 944 quod
465 902 629 934 Bremius
654 902 697 934 ad
722 901 807 944 Nep.
835 899 989 933 Hamilc.
1007 899 1050 940 11,
1070 899 1104 932 2.
1127 905 1223 932 recte
1247 903 1367 932 contra
1393 899 1484 932 Gro-

94 957 240 991 novium
272 958 316 991 ad
340 958 461 992 lustin.
486 959 596 1000 XXII,
615 958 650 998 6,
669 959 703 992 2.
730 958 895 992 defendit.
942 956 996 990 Ad
1022 956 1116 989 hunc
1140 962 1256 990 autem
1291 968 1360 989 esse
1385 956 1486 990 verbi

95 1025 174 1047 cum
200 1015 368 1049 adverbio
393 1015 504 1048 iuneti
536 1027 640 1049 usum
673 1026 798 1059 parum
822 1014 907 1048 facit
939 1024 1035 1057 vaga
1060 1014 1243 1047 Gerlachii
1277 1013 1485 1057 observatio,

94 1071 262 1105 adverbia
297 1073 435 1116 saepius
471 1073 566 1116 apud
600 1074 802 1106 Sallustium
833 1073 911 1105 loco
943 1071 1197 1104 adiectivorum
1237 1071 1340 1114 poni;
1374 1081 1487 1113 neque

98 1128 255 1171 Zumptii
280 1134 526 1173 praeceptum,
553 1131 713 1163 Gramm.
739 1129 816 1162 Lat.
844 1131 877 1170 ἓ.
897 1127 953 1169 69,
974 1128 1007 1161 2.
1032 1140 1066 1172 p.
1089 1127 1190 1168 295„
1224 1139 1294 1161 csse
1318 1139 1398 1161 cum
1423 1128 1486 1161 ad·

95 1187 217 1218 verbio
242 1186 408 1231 coniungi
434 1199 556 1230 posse,
591 1187 622 1220 si
646 1185 820 1230 significet
844 1197 879 1218 se
905 1185 1030 1217 habere
1056 1185 1112 1217 vel
1137 1190 1375 1228 comparatum
1401 1195 1486 1225 esse,

94 1253 136 1275 ex
162 1243 257 1276 omni
284 1249 384 1286 parte
408 1255 530 1276 verum
554 1244 759 1276 videmn—
787 1242 948 1275 Coloniae
967 1247 1071 1286 atque
1092 1244 1292 1287 municipia.
1319 1241 1487 1276 Coloniae

96 1304 195 1333 erant
220 1301 278 1332 *el
302 1301 496 1341 Romanae,
522 1312 612 1344 quae
635 1300 690 1332 ius
712 1298 902 1341 Quiritium
927 1300 1109 1341 haberent,
1134 1300 1157 1333 i.
1184 1312 1212 1333 e.
1240 1301 1293 1332 ius
1316 1309 1488 1332 commer-

97 1356 155 1399 cii,
183 1357 392 1396 testamenti,
414 1356 549 1399 patriae
572 1356 764 1400 potestatis,
789 1356 954 1399 mancipi,
985 1368 1104 1400 nexus,
1130 1358 1188 1390 rel
1210 1357 1374 1397 Latinae,
1398 1365 1488 1399 quae

96 1413 174 1446 iure
198 1414 290 1447 Latii
314 1417 513 1453 uterentur,
548 1412 668 1445 multis
691 1412 890 1445 nominibus
915 1424 1019 1455 quam
1044 1414 1133 1446 illud
1158 1413 1487 1456 eircumscrsptiore,

97 1482 130 1503 v.
156 1470 276 1514 intprr.
302 1471 346 1503 ad
370 1469 467 1502 Suet.
493 1470 592 1502 Caes.
619 1481 648 1503 c.
666 1470 754 1502 vm.
793 1468 954 1503 Civitatis
986 1476 1103 1504 autem
1133 1471 1316 1510 institutis,
1344 1470 1386 1502 ad
1411 1470 1488 1502 Ro-

96 1539 281 1561 manorum
323 1528 520 1570 exemplum
571 1525 820 1566 conformatis,
871 1538 940 1560 non
979 1528 1129 1560 multum
1176 1532 1275 1560 erant
1317 1526 1486 1559 diversae.

98 1586 292 1630 Municipia
321 1589 420 1618 erant
443 1583 594 1627 oppida,
620 1595 686 1617 non
713 1594 735 1617 a
759 1584 948 1624 Romanis,
975 1584 1108 1617 colonis
1132 1584 1311 1625 deductis,
1336 1582 1487 1625 condita,

97 1643 156 1676 sed
181 1654 271 1686 qnae
294 1643 435 1676 civitate
459 1642 586 1674 donata
619 1641 690 1674 suis
723 1641 861 1685 legibus
893 1652 1026 1683 suoque
1049 1641 1125 1674 inre
1151 1645 1348 1680 uterentur,
1382 1639 1488 1672 inter-

98 1701 180 1733 dum
213 1705 329 1734 tamen
363 1699 469 1732 etiam
502 1700 745 1732 Romanorum
778 1698 832 1730 ius
872 1703 1106 1741 sequerentur.
1167 1699 1222 1732 Cf.
1253 1698 1407 1740 Herzog.
1440 1695 1488 1729 ad

98 1758 196 1790 Caes.
231 1758 273 1790 Β.
306 1758 348 1791 G.
378 1757 477 1798 Vin,
502 1755 558 1790 5¹).
604 1761 638 1790 et
673 1754 925 1799 Hopl'ensackii
964 1756 1128 1789 libellum
1168 1756 1211 1788 de
1241 1756 1488 1789 Romanorum

96 1814 288 1857 Municipp.
311 1819 346 1848 et
371 1814 513 1847 Colonn.
542 1813 662 1846 Duisb.
688 1812 790 1847 1825.

195 1874 226 1914 ἓ.
253 1872 310 1905 10.
359 1873 411 1904 εἰη
434 1871 547 1914 metu]
583 1871 712 1904 Omnes
736 1871 810 1903 fere
835 1869 933 1902 codd.
960 1868 996 1902 in
1019 1871 1050 1903 si
1074 1869 1248 1914 particula
1270 1867 1487 1912 eonspirant3

98 1929 152 1962 sin
176 1930 418 1963 tantummodo
445 1930 479 1962 in
504 1929 600 1962 Leid.
620 1930 662 1962 B.
697 1928 792 1961 Med.
815 1926 848 1960 8.
882 1927 957 1960 Yet.
979 1927 1012 1962 3.
1033 1927 1064 1960 5.
1085 1927 1118 1961 6.
1156 1932 1191 1961 et
1215 1931 1383 1970 quantum
1406 1936 1490 1958 con-

100 1986 234 2020 iectura
255 1987 416 2030 'assequi
448 1987 549 2027 licet,
595 1986 630 2019 in
662 1985 752 2028 Teg.
788 1985 873 2017 Iler.
916 1989 951 2016 et
982 1984 1156 2017 nonnullis
1189 1983 1322 2017 W‘assii
1364 1984 1487 2015 exstat.

100 2042 338 2078 Nihilominus
368 2044 404 2077 id
439 2043 676 2087 recipiendum
718 2041 902 2081 duximus,
937 2040 1102 2083 loquendi
1141 2052 1207 2074 usu
1238 2041 1288 2073 ita
1328 2040 1489 2080 iubente;

101 2111 209 2143 quum
234 2100 327 2133 enim
351 2101 522 2143 posterior
547 2098 754 2133 enunciatio·
778 2109 909 2141 negans
932 2109 1073 2140 prorsus
1094 2098 1194 2131 tollat
1216 2098 1369 2141 priorem
1393 2097 1489 2130 aien-

101 2159 185 2195 tem,
209 2148 321 2199 neque
343 2157 501 2190 condicio
525 2156 651 2200 prioris
674 2154 824 2188 membri
850 2158 1040 2196 repetatur,
1066 2155 1117 2186 sin
1141 2154 1334 2188 necessario
1358 2166 1489 2198 ponen-

104 2213 187 2245 dum
213 2218 281 2253 est;
313 2213 357 2247 cf.
385 2214 595 2247 Ramshorn.
622 2214 780 2246 Granum.
811 2213 885 2244 Lat.
913 2213 934 2252 ἓ
971 2211 1044 2244 190.
1069 2212 1096 2243 1.
1122 2216 1192 2244 not.
1216 2211 1249 2244 3.
1282 2223 1316 2254 p.
1347 2211 1428 2244 589.
1454 2214 1488 2245 et

104 2280 194 2313 qnae
217 2268 368 2303 diximus
391 2271 435 2303 ad
461 2283 488 2303 c.
508 2272 564 2311 LI,
585 2270 642 2302 24.
684 2269 892 2302 Gerlachius
925 2268 1096 2301 maiorem
1120 2267 1280 2301 codicum
1303 2279 1488 2302 numerum

104 2326 201 2369 sequi
225 2325 361 2359 maluit.
408 2327 553 2360 Rectius
578 2327 669 2359 idem
694 2327 785 2368 fient
811 2324 981 2366 restituit,
1016 2329 1135 2369 spreta
1168 2324 1297 2358 codicis
1323 2326 1430 2359 Fabr.
1452 2326 1486 2359 l.

105 2389 139 2417 et
162 2383 252 2427 Teg.
285 2383 456 2426 scriptura
479 2386 594 2426 fiunt,
628 2383 720 2426 quod
751 2393 773 2415 a
806 2382 925 2415 Curtio
958 2387 1138 2425 receptum
1169 2382 1376 2426 posteriores
1407 2394 1489 2427 pro-

104 2445 296 2485 pagarunt,
330 2452 371 2473 ex
394 2440 519 2484 quibus
544 2440 734 2481 Miisserus,
767 2440 826 2483 qui
852 2450 1012 2482 praesens
1037 2451 1078 2473 ex
1102 2451 1200 2473 more
1224 2440 1385 2474 Sallustii
1414 2452 1490 2474 esse

105 2498 202 2538 dicit,
227 2498 357 2538 videat,
382 2509 424 2530 ne
448 2509 571 2540 parum
591 2498 745 2530 consulte
765 2496 982 2530 iudicaverit.
1018 2496 1192 2530 Futurum
1212 2498 1304 2531 enim
1329 2503 1489 2532 exactum

106 2566 128 2588 a
150 2554 306 2595 nemine,
344 2555 412 2587 nisi
437 2555 496 2598 qui
520 2558 613 2588 recte
636 2553 814 2598 cogitandi
840 2555 935 2599 leges
959 2554 1016 2587 vei
1039 2553 1177 2598 ignoret
1200 2556 1257 2588 vel
1281 2560 1490 2598 contemnat,

107 2624 186 2646 cum
211 2611 384 2656 praesenti
409 2611 588 2646 conciliari
610 2623 712 2656 posse
735 2611 887 2646 diximus
911 2611 956 2646 ad
992 2623 1021 2646 c.
1042 2613 1099 2654 LI,
1127 2611 1184 2645 26.
1219 2613 1335 2647 Iocum
1358 2611 1493 2656 pariter

106 2662 129 2704 a
152 2669 272 2704 Cortio
297 2674 509 2714 corruptum.

1082 2726 1215 2772 20*
