1630 3034
155 197 238 238 14⁰
442 255 445 257 Β
527 190 571 236 ο.
603 191 926 244 SALLusrl
959 189 1184 237 cmsrl

110 309 270 353 fiinitio
307 307 471 352 occidit
505 308 815 369 Hiempsalem
845 309 1030 354 fratrem
1061 325 1226 367 meum,
1257 307 1421 353 deinde
1455 323 1545 369 pa·-

153 406 239 450 trio
281 400 429 465 'regno
475 420 548 449 me
597 407 792 466 expulit3
849 422 965 464 quae
1011 422 1117 451 sane
1158 406 1324 450 fuerint
1366 411 1546 449 nostrae

120 499 358 556 7iniuriae.‚
394 499 503 544 nihil
538 501 598 545 ad
627 517 720 548 vos.
767 503 936 548 Verum
971 519 1089 548 nunc
1119 510 1318 547 vostrum
1354 516 1546 562 regnum

154 599 286 642 armis
334 603 477 653 tenet,
521 614 619 657 me,
663 615 799 658 quem
845 616 924 645 vos
970 601 1290 661 imperatorem
1338 597 1546 642 Numidis

153 694 384 754 posuistis,
419 694 619 740 clausum
660 696 859 752 obsidet;
903 698 1157 760 legatorum
1206 677 1361 741 verba
1392 695 1546 754 quanti

151 891 300 938 gnificat
322 892 469 927 ulterius
486 894 696 929 tendere.—
716 893 837 939 Neque
860 894 963 928 simul
994 915 1040 921 -
1062 903 1223 939 sperare,
1247 893 1272 927 i.
1297 905 1330 930 e.
1353 892 1547 927 amicitiam

152 958 307 988 vestram
330 965 399 987 non
423 964 563 996 curare,
589 955 617 988 si
643 955 748 988 modo
772 965 881 999 regno
902 965 981 988 mco
1002 955 1166 998 potiatur.

245 1016 277 1056 ὃ.
303 1013 337 1046 6.
361 1017 396 1047 et
417 1013 452 1047 7.
500 1015 638 1059 deinde]
667 1015 804 1049 Cottius
828 1015 871 1049 de
893 1016 967 1049 suis
989 1016 1089 1049 codd.
1112 1015 1202 1048 nihil
1233 1023 1378 1047 monens
1409 1010 1550 1055 scripsit

152 1074 257 1115 dein5
279 1075 339 1108 sed
363 1062 483 1108 omnes
502 1075 666 1117 Gruteri,
689 1076 821 1123 Wassii
845 1080 880 1110 et
904 1076 1143 1119 Havercampi
1178 1074 1261 1109 libri
1295 1073 1421 1107 deinde
1456 1071 1549 1105 tueri

152 1135 328 1170 videntur.
375 1135 413 1168 Id
436 1139 528 1169 certe
551 1139 602 1169 est
626 1137 662 1170 in
685 1137 766 1171 Bas.
791 1137 826 1170 1.
850 1135 884 1170 4.
911 1136 1016 1170 Bern.
1039 1135 1073 1170 3.
1109 1136 1215 1170 Mien.
1246 1133 1394 1168 Goerlit.
1426 1132 1547 1166 Ber-ol.

153 1197 187 1230 1.
211 1196 247 1232 2.
296 1196 418 1239 Quare
442 1197 628 1230 certiorem
651 1198 805 1231 formam
831 1196 987 1241 recipere
1009 1209 1077 1231 non
1104 1195 1353 1230 dubitavimus.
1375 1213 1421 1219 -
1447 1193 1549 1227 Nihil

153 1257 202 1291 ad
225 1266 295 1290 voe.
319 1258 372 1290 lta
397 1257 485 1290 solet
508 1257 557 1290 ad
582 1269 613 1291 c.
638 1268 751 1291 accus.
784 1257 937 1301 elliptiee
969 1258 1063 1301 poni.
1100 1258 1174 1291 Cic.
1208 1257 1299 1301 Epp.
1332 1257 1376 1291 ad
1407 1256 1546 1289 Famm.

152 1319 201 1352 ln
219 1342 230 1359 ‚
254 1317 324 1359 13.
348 1317 384 1352 6.
410 1317 481 1351 Sed
504 1317 582 1350 hoo
608 1319 734 1351 nihil
758 1319 814 1352 ad
837 1324 908 1361 τες
933 1325 1088 1354 nostrum
1111 1324 1164 1353 est
1194 1330 1290 1353 onus.
1316 1318 1350 1352 iu
1375 1317 1493 1351 Pison.
1514 1328 1547 1350 c.

152 1377 212 1419 28,
235 1377 296 1413 68.
320 1378 476 1412 Audistis
496 1379 685 1423 Epicureos
703 1390 817 1413 omnes
834 1391 889 1413 res
908 1382 1086 1424 voluptate
1100 1380 1216 1414 metiri
1227 1391 1241 1420 ‚·
1264 1385 1354 1413 recte
1375 1390 1423 1412 un
1438 1388 1546 1419 secun,

154 1440 278 1473 nihil
309 1440 365 1472 ad
396 1449 501 1480 nos‚·
534 1444 596 1472 aut
626 1440 657 1473 si
690 1440 746 1473 ad
782 1451 881 1483 uos,
916 1442 1043 1475 nihil
1077 1443 1131 1476 ad
1165 1443 1247 1475 hoe
1281 1445 1478 1484 tempus.
1511 1449 1548 1472 v,

154 1500 273 1533 Hand.
307 1499 349 1533 de
379 1499 529 1533 Particc.
554 1500 634 1534 Lat.
657 1501 735 1534 Vol.
760 1501 788 1537 1.
812 1513 846 1545 p.
871 1501 952 1537 117.
976 1503 1118 1546 Zumpt.
1143 1502 1303 1536 Gramm.
1329 1502 1406 1534 Lat.
1430 1500 1462 1543 §-
1488 1497 1547 1540 86,

155 1559 213 1593 12.
245 1571 281 1603 p.
312 1557 392 1592 515.
428 1560 481 1593 ed.
515 1561 571 1594 tv.
606 1580 650 1586 -—
688 1562 774 1603 Vos,
809 1563 903 1606 quod
936 1563 973 1597 in
1003 1564 1110 1597 Acad.
1146 1563 1258 1596 Palat.
1291 1562 1328 1598 3.
1350 1565 1386 1595 et
1408 1561 1488 1594 Vat.
1511 1559 1548 1594 5.

155 1619 269 1662 deest,
305 1619 445 1653 eortius
479 1619 676 1654 inconsulto
706 1622 844 1656 delevit.
892 1624 944 1657 Eo
978 1635 1065 1667 opus
1088 1628 1160 1664 est,
1193 1627 1232 1656 ut
1256 1622 1448 1666 iugurthae
1464 1631 1549 1654 eon·

154 1684 305 1724 temptas
339 1681 582 1714 Romanorum
614 1681 727 1725 magis
761 1683 908 1717 eluceat.
941 1685 985 1717 of.
1011 1684 1054 1717 ad
1079 1683 1179 1726 xlv,
1203 1682 1259 1716 10.
1285 1700 1329 1707 -
1356 1682 1549 1725 Imperator

154 1741 191 1775 h.
222 1741 247 1774 Ι.
278 1741 404 1775 latiore
435 1752 537 1774 sensu
572 1753 653 1775 eum
682 1742 880 1786 significat,
912 1744 972 1787 qui
996 1743 1131 1777 civitati
1155 1747 1316 1787 praecia,-
1339 1753 1374 1776 v.
1400 1742 1445 1775 ad
1469 1742 1547 1775 Cat.

153 1802 206 1843 11,
228 1801 262 1835 3.
290 1814 322 1846 p.
347 1802 403 1835 ll.
428 1801 506 1846 lug.
532 1802 670 1844 xxxi,
694 1803 751 1837 20.
777 1821 821 1829 -—
843 1805 978 1838 Ponere
994 1830 1005 1846 ‚
1039 1815 1104 1848 pro
1127 1815 1196 1847 quo
1221 1804 1392 1837 Gruterus
1421 1802 1549 1836 maluit

154 1862 329 1906 imponere
347 1887 358 1903 ‚
382 1862 490 1895 habet
513 1865 733 1898 auctoritatis
757 1864 1062 1908 significationem.
1110 1866 1197 1908 Apte
1227 1864 1366 1898 Cortius
1398 1862 1549 1897 contulit

154 1922 227 1957 Cic.
262 1934 294 1965 p.
327 1923 459 1956 Flacco
492 1934 523 1956 c.
555 1923 624 1964 19,
655 1923 712 1957 45.
749 1925 960 1969 Hermippus
997 1931 1109 1959 custos
1132 1928 1309 1968 frumento
1333 1924 1469 1968 publico
1496 1928 1547 1957 est

151 1983 348 2028 positus.
371 1981 460 2026 Nep.
478 1983 633 2017 Hannib.
653 1995 685 2019 c.
701 1985 756 2025 11,
781 1984 814 2019 6.
844 1986 891 2018 'I'e
908 1986 1019 2029 ipsum
1034 1987 1286 2029 frustraberis,
1309 1985 1339 2018 εἰ
1357 1995 1424 2017 non
1445 1984 1547 2017 Han-

152 2045 304 2079 nibalem
324 2046 360 2078 in
377 2054 416 2078 eo
436 2044 523 2077 bello
537 2044 727 2089 principem
745 2047 972 2089 posueris.

246 2103 282 2148 δ.
305 2102 340 2139 8.
389 2103 481 2146 Quid
511 2105 692 2149 relicuum]
727 2105 831 2139 Multi
863 2107 962 2140 codd.
994 2107 1127 2140 habent
1158 2106 1241 2150 quid
1272 2106 1332 2139 rel⁴
1368 2110 1461 2145 «εἰς
1482 2104 1545 2140 alii

153 2163 237 2206 quid
261 2169 332 2198 est
354 2165 440 2204 rel.,·
463 2165 550 2198 Tur.
576 2165 609 2198 1.
635 2166 718 2209 quid
743 2167 862 2199 enim
885 2168 972 2207 τοι,-
997 2168 1076 2201 Bas.
1103 2167 1135 2201 1.
1161 2168 1243 2211 quid
1268 2167 1446 2210 quidem
1468 2167 1546 2208 rel„

153 2234 243 2266 qnae
277 2224 508 2268 discrepantia
536 2225 620 2259 satis
652 2226 800 2260 ostendit
834 2228 981 2261 verbum
1020 2227 1277 2262 substantivum
1308 2239 1376 2261 non
1414 2239 1490 2261 esso
1523 2238 1546 2261 a

153 2284 334 2319 Sallustio.
381 2286 418 2318 ld
447 2286 633 2320 confirmat
663 2287 770 2320 etiam
802 2288 964 2331 loquendi
997 2299 1102 2331 usus,
1134 2299 1238 2333 quem
1270 2288 1354 2322 entis
1388 2288 1545 2323 illustra-

154 2344 269 2377 vimus
291 2345 335 2378 ud
359 2345 433 2378 cat.
459 2346 523 2400 Μ’,
548 2346 605 2380 23.
630 2347 744 2381 Tacit.
770 2348 854 2382 Ann.
884 2350 932 2392 V,
957 2348 997 2391 4,
1021 2349 1055 2382 3.
1080 2350 1127 2383 cf.
1153 2350 1234 2385 Cur.
1260 2349 1376 2383 Beier.
1401 2350 1446 2383 nd
1471 2349 1543 2383 Cic.

154 2405 198 2438 de
231 2405 301 2439 Off.
333 2406 403 2446 111,
437 2406 502 2448 14,
538 2407 596 2441 58.
634 2419 668 2451 p.
709 2408 789 2442 280.
823 2427 865 2433 -—
903 2409 977 2451 Quo
1009 2413 1121 2444 exstat
1154 2409 1190 2444 in
1226 2411 1293 2443 vat
1331 2409 1372 2443 A.
1397 2409 1485 2445 Tur.
1509 2409 1542 2443 1.

154 2466 259 2500 Febr.
296 2467 329 2500 1.
366 2468 483 2501 Guelt'.
518 2469 549 2502 1.
574 2469 668 2502 Vrut.
695 2469 727 2502 2.
754 2469 844 2514 Teg.
871 2470 1034 2504 Proxime
1051 2471 1219 2504 accedunt
1243 2469 1339 2504 [aeid.
1364 2470 1404 2504 11.
1431 2468 1541 2503 Pario.

154 2538 184 2562 z.
210 2528 395 2561 Einsiedel.
423 2528 504 2562 Sen.
531 2530 564 2562 l.
592 2530 695 2563 Rern.
720 2530 752 2563 3.
781 2531 852 2563 Erl.
875 2529 910 2563 in
935 2530 1061 2574 quibus
1084 2534 1135 2564 eet
1158 2543 1180 2564 a
1205 2542 1295 2576 (μισ,-
1322 2529 1445 2564 relicui
1469 2539 1542 2563 uer—

156 2592 238 2621 vunt
263 2601 344 2632 qua,
366 2590 457 2631 quod
482 2590 528 2623 ab
555 2589 597 2623 iis
619 2591 792 2633 effictum,
816 2590 875 2633 qui
900 2591 1087 2624 relativum
1112 2591 1155 2624 nd
1181 2592 1233 2624 vis
1257 2591 1436 2625 referrent.
1470 2589 1539 2623 Sed

154 2649 223 2684 hoc
258 2660 446 2693 pronomen
481 2651 523 2683 nd
559 2651 724 2684 relicuum
758 2656 942 2694 spectare,
975 2652 1068 2694 quod
1099 2651 1303 2695 primm-iam
1335 2649 1538 2684 tententinm

152 2709 323 2745 continet.
349 2710 415 2743 loci
443 2711 531 2743 ratio
556 2711 677 2750 docem
711 2723 820 2752 nequo
845 2711 878 2744 in
906 2710 991 2744 vitio
1015 2723 1098 2751 esre,
1123 2711 1151 2744 si
1177 2712 1265 2745 inter
1297 2711 1480 2745 relntivmn
1505 2716 1539 2745 et

154 2769 188 2802 id
212 2780 356 2812 nomen,
383 2771 426 2803 nd
451 2771 540 2812 quod
565 2772 734 2811 refertur,
761 2771 856 2805 olim!
881 2783 1004 2806 nomen
1029 2771 1270 2816 interpositum
1296 2776 1366 2811 ent,
1401 2771 1537 2805 monui-
