1630 3034
188 166 273 206 480
549 159 594 202 e.
624 134 949 202 SALLUSTI
987 158 1211 204 calsrl

154 278 263 326 6siti
298 276 442 344 magis
477 290 613 334 quam
655 276 740 320 alia
785 290 835 319 re
881 275 1149 320 accenditur.
1218 275 1328 320 Eius
1365 266 1579 335 potiundi*

185 374 383 419 Marium
419 388 626 418 maxuma
673 371 843 432 cupido
891 372 1135 429 invaserat,
1194 387 1331 431 quum
1380 378 1568 432 propter

186 486 314 515 usum
348 470 477 525 belli,
512 476 606 514 tum
642 470 745 528 quia
779 485 850 513 res
889 465 1063 529 aspera
1082 469 1340 526 videbatur,
1384 475 1429 513 et
1462 468 1569 512 Me·-

187 568 316 612 tellus
358 566 580 627 oppidum
615 565 810 610 Thalam
845 581 1012 625 magna
1041 566 1187 626 gloria
1216 571 1412 625 ceperat,
1446 564 1571 608 haud

185 664 455 709 dissimiliter
492 663 621 707 situm
656 663 983 720 munitumque,
1015 662 1097 707 nisi
1132 663 1256 722 quod
1289 661 1409 722 apud
1439 662 1567 706 Tha-

183 763 276 807 lam
325 776 430 805 non·
471 761 607 820 longe
664 775 691 803 a
735 759 967 803 moenibus
1017 760 1186 818 aliquot
1233 760 1378 803 fontes
1424 764 1569 813 erant,

186 860 442 919 Capsenses
481 873 567 901 una
603 857 755 913 modo,
797 862 932 915 atque
968 872 1022 900 ea
1052 857 1169 901 intra
1204 856 1447 917 oppidum,
1478 854 1570 915 iugi

183 991 258 1021 tum
289 990 343 1020 est
375 984 468 1019 enim
503 984 595 1028 quod
631 994 753 1026 reapse
782 982 952 1027 periculis
985 995 1053 1017 non
1084 988 1136 1018 est
1165 984 1314 1017 liberum
1338 982 1572 1024 damnumque

183 1047 357 1089 minatur;
380 1047 546 1090 infestum
570 1056 676 1087 vero,
711 1044 803 1088 quod
836 1044 991 1078 animum
1014 1044 1248 1088 periculorum
1273 1043 1474 1077 instantium
1496 1041 1570 1086 opi-

168 1110 282 1143 nione
315 1107 496 1152 perturbat
527 1110 562 1141 et
591 1105 756 1140 horribili
789 1105 942 1148 quadam
970 1106 1159 1149 formidine
1182 1105 1314 1149 implet.
1361 1103 1473 1148 Igitur
1497 1103 1571 1135 loca

180 1171 395 1216 serpentibus
430 1169 561 1212 infesta
592 1179 662 1201 non
702 1165 908 1209 simpliciter
942 1169 1021 1200 sunt
1057 1177 1119 1209 per
1157 1168 1330 1208 serpentes
1362 1163 1570 1207 periculosa,

180 1232 241 1266 sed
264 1242 354 1275 quae
378 1241 419 1263 eo
441 1229 626 1262 horrorem
650 1227 766 1262 animo
789 1226 956 1260 iniiciant.
981 1247 1025 1252 —
1053 1227 1203 1269 Quorum
1226 1229 1320 1259 reete
1343 1223 1571 1258 Gerlach'rum

178 1291 354 1337 scripsisse
376 1293 540 1334 putamus
564 1300 627 1332 pro
651 1300 809 1332 quarum,
834 1294 872 1324 ut
895 1290 931 1323 in
956 1290 1103 1332 vulgata
1125 1291 1196 1328 est3
1221 1285 1454 1320 masculinum
1477 1284 1570 1318 enim

178 1354 348 1399 praebent
377 1352 458 1385 Bas.
483 1350 517 1382 1.
543 1348 577 1381 4.
603 1349 715 1383 Paris.
742 1351 776 1384 b.
804 1362 833 1384 e.
858 1363 887 1385 z.
913 1354 948 1384 et
971 1362 1003 1384 x.
1028 1361 1074 1382 m.
1101 1360 1152 1392 pr.
1176 1347 1272 1383 Leid.
1298 1348 1339 1381 A.
1367 1348 1411 1383 B.
1437 1347 1476 1381 C.
1498 1346 1570 1380 Be-

177 1415 244 1449 rol.
269 1414 302 1449 1.
325 1412 359 1447 2.
384 1411 505 1452 Misn.‚
529 1420 649 1443 omnes
681 1410 754 1444 fere
777 1412 870 1455 Ital„
894 1423 936 1446 ac
960 1410 1175 1455 probabilius
1198 1409 1337 1443 videtur
1361 1407 1492 1442 scribas
1516 1407 1570 1441 fe·

177 1475 366 1515 mininam,
402 1471 493 1516 quod
526 1469 688 1504 usitatius
725 1476 776 1508 est
809 1474 862 1518 (V.
896 1474 999 1508 Conr.
1037 1471 1144 1514 Leop.
1179 1469 1387 1504 Schneideri
1411 1469 1568 1503 Gramm.

177 1536 256 1570 Lat.
287 1535 331 1570 11.
366 1545 399 1577 p.
425 1531 546 1576 125),
577 1531 613 1565 in
646 1532 876 1566 masculinum
910 1536 1088 1575 mutasse,
1120 1543 1226 1575 quam
1259 1534 1390 1565 contra.
1415 1549 1461 1556 —-
1486 1530 1569 1575 Ipsa

180 1596 206 1630 i.
230 1606 261 1630 e.
286 1607 349 1639 per
373 1606 425 1634 se,
447 1594 492 1627 ef.
518 1594 563 1627 ad
587 1604 616 1626 c.
641 1593 764 1635 LXVI,
790 1593 824 1627 4.

272 1659 304 1700 §.
328 1656 364 1690 6.
412 1655 498 1689 Eius
530 1654 710 1698 potiundi]
746 1653 957 1688 Pronomine
987 1653 1061 1687 eius
1088 1651 1200 1687 oratio
1231 1663 1267 1686 se
1291 1651 1417 1696 recipit
1440 1651 1485 1686 ad
1507 1661 1569 1696 op-

176 1719 297 1764 pidum
323 1718 493 1761 Capsam,
527 1715 577 1749 ita
599 1718 638 1749 ut
661 1713 762 1758 quasi
788 1725 850 1758 per
872 1713 1096 1757 parenthesin
1120 1711 1354 1756 accipiantur,
1385 1723 1475 1757 quae
1498 1722 1566 1745 au-

179 1783 277 1821 ctor,
311 1778 347 1812 in
384 1776 477 1810 illius
509 1778 633 1809 natura
666 1775 874 1809 illustranda
909 1775 954 1809 ab
988 1785 1057 1808 una
1089 1785 1128 1807 re
1163 1773 1207 1807 ad
1240 1773 1387 1807 alteram
1411 1773 1566 1813 delatus,

176 1841 297 1885 paullo
321 1838 490 1883 prolixius
515 1835 715 1880 disputavit.
764 1835 917 1869 lVeisius
951 1847 993 1869 ex
1022 1833 1194 1877 corruptis
1229 1833 1306 1868 edd.
1331 1833 1471 1877 scripsit
1495 1833 1568 1866 eius

177 1901 336 1947 oppidi
368 1904 440 1945 pot.
458 1917 503 1922 —
530 1898 673 1942 Propter
697 1908 794 1931 usum
819 1897 911 1940 belli,
934 1908 967 1930 v.
992 1895 1036 1930 ad
1061 1908 1090 1929 c.
1115 1894 1301 1937 LXXXW,
1326 1893 1361 1930 3.
1382 1912 1428 1919 —
1450 1891 1568 1926 Maio-

178 1975 254 1997 rem
278 1957 588 2005 interpunctionem
623 1961 699 2002 post
723 1958 907 1993 videbatur
942 1955 1151 1991 Gerlachius
1175 1955 1212 1988 in
1240 1953 1377 1989 minore
1399 1954 1475 1996 ed.‚
1498 1953 1568 1987 Fa-

175 2024 280 2058 brum
304 2024 457 2062 secutus,
482 2022 577 2053 recte
600 2019 635 2052 in
660 2030 800 2054 comma
823 2018 997 2059 mutavit,
1019 2027 1224 2051 caussarum
1247 2015 1482 2060 expositione,
1504 2024 1569 2047 cur

175 2084 312 2119 Marius
344 2083 496 2126 Capsam
529 2090 656 2124 capere
686 2080 811 2124 vellet,
834 2079 884 2114 ita
908 2077 1110 2113 continuata
1125 2103 1135 2119 ,
1167 2081 1208 2111 ut
1230 2072 1408 2121 sequentia
1428 2085 1568 2120 quoque

176 2157 219 2180 ex
243 2147 325 2191 quia
357 2143 539 2188 pendeant.
570 2161 616 2166 —
648 2140 718 2174 Pro
748 2152 837 2175 ποπ
870 2141 973 2185 longe
1006 2137 1146 2173 Curtius
1177 2149 1219 2171 ex
1251 2148 1320 2171 uno
1347 2136 1423 2170 Vin.
1448 2135 1481 2170 1.
1505 2133 1566 2180 qui

176 2208 285 2242 habet
308 2205 405 2240 haud
433 2202 573 2249 procul,
607 2201 745 2245 scripsit
775 2202 902 2236 haud
935 2203 1049 2246 longe.
1074 2219 1121 2225 —-
1145 2201 1257 2244 Atque
1283 2210 1342 2239 ea,
1367 2208 1401 2231 v.
1425 2197 1564 2240 Zumpt.

177 2268 336 2302 Gramm-
362 2266 439 2300 Lat.
475 2265 508 2306 §-
537 2262 595 2297 Si.
621 2263 659 2297 C.
683 2262 718 2298 ⁷.
753 2275 788 2307 p.
821 2261 902 2296 484.
937 2262 991 2295 ed.
1026 2262 1082 2296 IV.
1106 2279 1152 2287 —-
1186 2260 1318 2306 Iagis
1341 2269 1435 2303 aqua
1457 2267 1565 2302 paene

176 2338 288 2372 aeque
318 2324 488 2361 constanti
519 2335 585 2359 usu
619 2323 746 2358 dicitur
777 2335 818 2359 ac
848 2324 1029 2368 perennis,
1062 2322 1085 2356 i.
1111 2333 1142 2356 e.
1175 2332 1265 2366 quae
1295 2329 1472 2363 nunquam
1495 2328 1564 2352 non

175 2388 344 2430 scaturit,
376 2386 536 2431 opposita
558 2397 670 2429 aquae
692 2397 732 2420 ex
765 2384 885 2429 pluvia
909 2384 1077 2418 collectae
1099 2382 1155 2416 vel
1179 2381 1395 2416 cisterniuae.
1420 2380 1464 2414 ef.
1488 2378 1562 2413 Cic.

176 2449 219 2483 de
243 2449 322 2483 niv.
347 2449 390 2490 ΙΙ,
418 2447 476 2490 13,
501 2447 558 2481 31.
609 2447 774 2481 Etiamne
790 2448 953 2489 futurum
976 2455 1047 2478 esse
1071 2443 1206 2486 (terrae
1233 2443 1380 2486 motum)
1413 2450 1563 2486 aquae

175 2510 298 2555 iugis
322 2510 433 2542 colore
453 2507 719 2553 praesentiunt?
743 2507 790 2543 cf.
815 2505 998 2541 Heindorf.
1017 2504 1061 2538 ad
1087 2504 1172 2536 llor.
1196 2502 1269 2536 Sat.
1295 2503 1339 2545 ll,
1361 2501 1395 2543 6,
1419 2500 1452 2534 2.
1474 2500 1561 2543 Epp.

175 2569 204 2612 l,
230 2570 288 2612 15,
316 2569 370 2604 15.
395 2569 596 2603 Doederlini
621 2569 815 2613 Synonym.
838 2568 916 2601 Lat.
944 2566 1019 2599 vol.
1044 2565 1072 2598 1.
1108 2576 1142 2608 p.
1166 2563 1214 2605 5.,
1246 2563 1306 2607 qui
1331 2565 1430 2597 acute
1453 2559 1561 2594 conii-

176 2630 226 2664 cit
249 2631 454 2664 descendere
478 2641 599 2664 vocem
625 2640 646 2663 a
670 2630 729 2663 din
747 2655 756 2671 ‚
781 2628 919 2663 abiecta
945 2628 977 2660 D
1001 2625 1126 2668 littera,
1156 2628 1194 2658 ut
1217 2624 1251 2658 in
1276 2625 1388 2665 lanus,
1411 2621 1559 2661 bellum,

176 2691 329 2735 Iupiter,
354 2692 539 2734 additaque
560 2691 595 2724 in
620 2690 687 2724 fine
709 2691 767 2735 gis
791 2690 949 2735 syllaba,
981 2687 1029 2721 ita
1062 2690 1100 2720 ut
1123 2697 1224 2719 sensu
1248 2685 1349 2718 valde
1372 2686 1560 2728 cognatum

177 2751 222 2787 sit
246 2752 431 2789 diuturnus
454 2752 544 2787 voci.
595 2752 621 2785 Λ
646 2751 725 2797 iugi
748 2754 867 2785 nutem
889 2748 1048 2794 perennis
1072 2747 1121 2781 ita
1145 2746 1281 2786 differt,
1308 2749 1346 2779 ut
1369 2743 1430 2777 illo
1454 2753 1559 2777 voca-
