1630 3034
367 147 728 191 IUGURTHA.
789 147 918 193 GAP.
947 147 1156 191 LXXXI.
1363 148 1449 190 425

72 262 276 321 iniustos,
305 264 531 323 profunda
561 264 763 322 avaritia,
801 265 1044 310 communis
1078 262 1276 308 omnium
1309 261 1450 307 hostis

74 373 194 413 esse3
239 360 428 405 eandem
465 362 562 405 illos
610 376 809 406 caussam
844 362 952 408 belli
998 376 1099 404 cum
1140 359 1327 405 Boccho
1364 358 1450 402 ha-

72 454 204 514 bere,
240 471 375 514 quam
411 473 560 502 secum
599 465 645 502 et
680 474 782 503 cum
818 458 909 502 aliis
940 458 1173 518 gentibus,
1208 456 1451 501 lubidinem

72 551 367 612 imperitandi,
403 555 498 612 quis
535 555 681 598 omnia
714 569 855 614 regna
890 554 1081 598 advorsa
1115 554 1223 608 sint3
1257 559 1353 597 tum
1384 569 1451 597 se-

73 663 146 705 se,
182 651 338 710 paullo
359 650 475 694 'ante
503 650 905 710 Carthaginiensis,
935 651 1040 694 item
1075 650 1243 695 Persen
1277 664 1449 710 regem,

72 751 177 806 post
210 747 273 791 uti
308 747 493 806 quisque
528 748 900 809 opulentissumus
934 746 1149 803 videatur,
1183 747 1243 791 ita
1278 747 1450 790 Roma-

75 905 191 941 Guelf.
215 907 273 941 11.
297 908 406 942 Laud.
431 907 466 944 3.
494 908 587 943 Med.
613 909 670 943 10.
696 911 731 943 et
753 909 837 943 Ven.
860 909 894 943 1.
919 919 966 942 m.
991 920 1056 953 pr„
1089 912 1205 943 tamen
1227 908 1323 942 haud
1347 906 1453 941 dubie

74 978 159 1002 vera
192 968 366 1012 scriptura
398 974 459 1005 est.
512 971 655 1004 Nullam
693 969 808 1011 enim,
840 969 932 1012 quod
959 969 1066 1003 ceteri
1089 970 1189 1005 codd.
1212 980 1329 1003 omnes
1353 979 1455 1012 prac-

73 1029 176 1071 bent,
211 1041 320 1073 quum
345 1031 539 1065 necessario
563 1031 606 1065 ad
632 1031 766 1064 animus
789 1029 914 1063 referri
936 1029 1078 1072 debeat,
1109 1031 1297 1064 absurdam
1319 1033 1451 1064 senten-

73 1089 162 1124 tiam
185 1090 308 1124 reddit.
333 1091 516 1135 Quomodo
540 1091 631 1124 enim
654 1091 790 1124 animus
813 1102 950 1124 uxorem
975 1091 1140 1124 sociam
1162 1092 1294 1125 habere
1317 1091 1454 1136 potest?

73 1150 143 1184 Sed
176 1151 312 1186 scribae
341 1152 548 1197 ignorarunt
576 1153 727 1186 obtinere
759 1151 919 1185 absolute
942 1151 1031 1193 dici,
1064 1163 1166 1196 quem
1189 1163 1291 1186 usum
1315 1153 1456 1188 uberius

73 1213 119 1247 nd
142 1225 174 1246 c.
198 1214 308 1255 xvu,
328 1213 361 1247 7.
386 1225 420 1256 p.
445 1212 513 1247 105
536 1224 586 1255 sq.
617 1211 880 1246 illustravimus.
929 1213 1085 1246 Eundem
1120 1223 1309 1257 agnoscens
1338 1215 1456 1248 Faber

75 1273 112 1307 h.
136 1273 160 1306 l.
185 1273 330 1308 contulit
353 1273 428 1308 Cic.
462 1274 504 1308 de
528 1273 616 1317 Rep.
655 1273 713 1314 Vl,
737 1272 793 1308 17.
845 1273 972 1308 Subter
994 1273 1145 1307 mediam
1172 1274 1253 1316 fere
1276 1273 1455 1318 regionem

74 1335 126 1368 sol
158 1334 350 1369 obtinet.

166 1395 326 1430 LXXXI.
350 1397 383 1436 §-
407 1393 441 1426 1.
487 1393 680 1438 placitum]
716 1394 768 1427 De
790 1393 861 1427 hoc
892 1396 926 1427 et
947 1392 1138 1427 multorum
1165 1393 1350 1426 verborum
1376 1404 1456 1427 neu-

75 1456 222 1491 tralium
246 1454 430 1499 participio
461 1454 609 1498 perfecti
642 1455 688 1488 cf.
720 1453 957 1488 Ruddimanui
979 1453 1105 1487 Institi.
1142 1453 1301 1487 Gramm.
1326 1454 1402 1492 Vol.
1429 1454 1457 1487 1.

77 1527 110 1560 p.
133 1515 203 1550 299
227 1527 278 1559 sq.
302 1534 348 1539 —
372 1514 572 1549 Locutionis
596 1517 710 1560 fidem
741 1517 827 1550 dare
861 1521 894 1550 et
917 1527 967 1548 ac
983 1514 1136 1558 cipere
1159 1513 1231 1547 vim
1254 1512 1457 1558 Voigtlaen-

76 1577 180 1610 derue
203 1577 239 1610 in
261 1576 450 1610 Forcellini
472 1577 554 1610 Lex.
581 1577 656 1611 Vol.
682 1578 709 1611 l.
744 1589 778 1621 p.
802 1577 859 1611 27.
883 1578 978 1610 recte
998 1573 1124 1618 repetit
1154 1585 1176 1608 a
1198 1585 1296 1608 more
1318 1575 1457 1609 dextra-

77 1649 153 1671 rum
178 1637 457 1682 iungendarum,
481 1639 572 1681 quod
594 1637 675 1671 fidei
699 1637 840 1682 signum
865 1638 964 1670 esset.
1013 1635 1177 1678 Accipere
1201 1635 1295 1668 enim
1319 1636 1458 1680 proprie

75 1702 127 1732 est
142 1697 291 1741 ‘aliquid
321 1697 480 1731 oblatum
511 1710 618 1732 mana
649 1708 782 1742 capere.
807 1716 854 1722 -
884 1695 1012 1729 Bocchi
1035 1695 1231 1729 animum
1262 1695 1284 1732 i.
1310 1708 1338 1730 e.
1363 1698 1457 1731 Boc-

75 1758 202 1800 chum,
229 1758 273 1791 cf.
297 1757 342 1791 ad
365 1770 395 1792 c.
420 1759 582 1801 XXXIX,
606 1758 639 1792 5.
673 1769 706 1801 p.
729 1757 809 1792 228.
833 1776 880 1783 --
914 1757 1148 1800 Profunda
1172 1757 1347 1801 avaritia,
1379 1756 1404 1791 i.
1426 1768 1458 1792 e.

77 1830 170 1863 quae
192 1817 325 1862 expleri
349 1823 514 1862 nequeat,
538 1822 659 1860 vasta,
684 1818 873 1860 immensa3
899 1818 944 1851 cf.
969 1818 1113 1862 Fragm.
1137 1817 1290 1851 Historr.
1315 1818 1372 1859 lv,
1400 1817 1459 1861 12,

78 1879 110 1915 5.
137 1879 233 1914 Gerl.
281 1879 414 1923 Cupido
456 1879 695 1923 profunda
736 1879 871 1922 imperi.
904 1878 976 1911 Cic.
1011 1877 1046 1911 in
1079 1877 1198 1912 Pison.
1233 1889 1264 1910 c.
1294 1877 1363 1918 21,
1400 1877 1458 1913 48.

81 1941 194 1982 Quum
217 1944 352 1984 partem
375 1940 448 1973 eius
468 1941 624 1983 praedae
647 1939 913 1983 profundae
941 1938 1099 1971 libidines
1123 1938 1356 1972 devorassent.
1401 1938 1457 1973 Si-

80 2001 210 2036 militer
233 2000 365 2034 Seneca
397 1999 483 2032 dixit
514 1999 624 2042 Epist.
659 1999 849 2032 LXXXIX.
898 1998 1079 2041 Profunda
1103 2002 1136 2032 et
1158 1998 1368 2033 insatiabilis
1389 2012 1458 2045 gu-

81 2063 127 2099 la.
153 2081 199 2086 -
222 2060 275 2094 Ad
299 2070 454 2093 caussam
478 2070 600 2092 vocem
623 2071 692 2093 non
716 2063 851 2093 tantum
876 2058 1024 2103 pertinet
1047 2057 1144 2099 beni,
1169 2059 1227 2092 sed
1251 2060 1358 2093 verba
1381 2061 1460 2095 belli

81 2134 157 2157 cum
183 2121 313 2154 Boccho
341 2118 439 2162 quasi
461 2118 497 2151 in
521 2130 626 2152 uuum
651 2118 853 2160 coniuncta3
879 2120 1076 2163 pariterque
1105 2120 1186 2153 belli
1208 2119 1314 2154 etiam
1338 2121 1382 2154 ad
1405 2132 1460 2154 se-

80 2181 222 2229 quentia
252 2191 377 2214 secum
412 2183 446 2212 et
479 2190 571 2212 cnm
595 2180 676 2213 aliis
698 2181 861 2225 gentibus
884 2181 1093 2215 trahendum
1117 2185 1178 2216 est.
1195 2199 1239 2204 -
1264 2180 1355 2214 Lab
1371 2181 1460 2215 idi-

81 2255 176 2278 nem
208 2241 433 2286 imperitandi
455 2243 633 2283 praestant
656 2241 764 2274 Fabr.
791 2241 821 2276 1.
855 2240 934 2274 Sen.
960 2240 992 2274 1.
1019 2241 1052 2274 2.
1077 2241 1201 2275 Reuss.
1227 2241 1346 2276 Guelf.
1367 2242 1401 2277 1.
1425 2243 1461 2277 2.

82 2305 139 2340 12.
161 2304 251 2348 Teg.
276 2311 394 2336 omnes
417 2300 551 2342 Lemo„
572 2305 705 2345 septem
730 2300 879 2343 Wassii,
911 2301 980 2333 duo
1003 2299 1121 2341 Rivii,
1145 2300 1259 2335 Paris.
1282 2302 1316 2336 b.
1340 2303 1461 2338 Berol.

82 2366 118 2400 2.
142 2363 288 2398 Goerlit.
335 2359 452 2394 Ceteri
475 2360 604 2394 habent
622 2361 772 2396 lubidine
794 2362 892 2406 imp„
916 2360 1034 2394 ieiuna
1056 2371 1096 2394 nc
1119 2371 1227 2403 paene
1245 2362 1361 2406 inepta
1382 2375 1461 2399 sen-

83 2425 212 2465 tenti83
245 2423 291 2456 cf.
316 2422 389 2455 Cat.
424 2421 477 2462 ll,
508 2421 544 2455 2.
593 2421 779 2467 Postquam
804 2421 1071 2456 Lacedaemonii
1104 2426 1208 2465 atque
1238 2422 1462 2458 Athenienses

85 2496 225 2530 coepere
261 2481 515 2517 lubidinem
545 2481 820 2516 dominandi
851 2492 1006 2516 caussam
1031 2481 1111 2514 belli
1133 2481 1269 2516 habere.
1320 2483 1371 2516 De
1394 2484 1460 2517 im-

81 2546 236 2592 peritare
269 2543 377 2576 verbo
413 2553 447 2576 v,
476 2541 520 2575 ad
555 2553 584 2576 c.
617 2543 785 2585 mlxix,
806 2543 840 2577 2.
866 2562 911 2567 -
944 2542 1101 2576 Adversa
1132 2548 1233 2577 sunt
1257 2543 1462 2580 confirmant

84 2607 169 2641 Bas.
195 2605 229 2639 1.
252 2605 323 2638 luc.
348 2603 382 2636 1.
406 2602 439 2636 2.
465 2602 544 2637 Ecc.
576 2602 693 2637 Guelf.
725 2603 757 2637 6.
785 2602 818 2636 7.
845 2602 901 2637 11.
924 2601 995 2644 12.,
1021 2613 1140 2637 omnes
1174 2603 1288 2638 Italici
1312 2604 1463 2648 exceptis

86 2665 180 2700 Mod.
203 2664 238 2698 ⁷.
268 2668 304 2698 et
327 2665 409 2697 Ven.
436 2663 469 2697 1.
494 2674 542 2700 m.
575 2675 640 2708 pr„
675 2663 789 2699 Paris.
812 2664 847 2697 b.
871 2675 901 2698 c.
925 2675 958 2697 x.
982 2675 1002 2697 z
1026 2674 1073 2697 m.
1108 2675 1191 2706 sec„
1223 2664 1341 2698 Berol.
1367 2664 1401 2698 2.
1426 2668 1462 2699 et
1514 2688 1516 2690 v

87 2723 205 2768 ulan„
226 2723 325 2760 cuius
350 2723 445 2759 modi
466 2735 556 2768 quae
591 2724 681 2760 ratio
711 2724 757 2760 sit
785 2724 820 2758 iu
854 2723 1011 2759 oratione
1041 2723 1183 2769 obliqua
1206 2725 1292 2760 satis
1313 2724 1464 2760 diximus
