1630 3034
447 149 819 193 IUGURTHA.
879 147 1014 190 CAR·
1038 146 1186 188 XXV.
1417 145 1501 185 153

122 274 197 312 aut
244 268 287 310 vi
333 273 408 311 aut
460 267 593 311 dolis.
618 282 714 310 sese
757 280 908 309 casum
955 263 1164 307 victoriae
1210 263 1500 306 inventurum.

124 365 261 420 Quod
302 365 379 407 ubi
418 379 544 407 secus
596 362 828 422 procedit,
884 376 1031 418 neque
1083 359 1206 418 quod
1255 358 1504 402 intenderat
1519 359 1569 396 10

123 462 306 505 efficere
342 466 511 520 potest,
549 460 611 502 uti
639 460 783 518 prius,
834 473 967 516 quam
1014 458 1190 517 legatos
1233 455 1502 512 conveniret,

123 557 391 602 Adherbalis
427 557 660 616 potiretur,
696 570 754 599 ne
791 555 979 614 amplius
1012 553 1230 597 morando
1272 553 1504 607 Scaurum,

125 669 259 712 quem
296 653 536 713 plurimum
578 652 832 708 metuebat,
877 651 1154 707 incenderet,
1201 665 1303 694 cum
1352 648 1504 708 paucis

126 749 345 808 equitibus
397 750 443 793 in
484 749 762 809 provinciam
806 749 936 794 venit.
1014 748 1084 791 Ac
1130 747 1304 790 tametsi
1355 746 1569 790 Senatill

124 920 251 955 habuit
283 920 487 955 Latinorum
523 933 624 955 usum
654 921 851 955 indefinitae
885 921 1071 955 sententiae
1104 918 1345 964 expiicntionis
1388 929 1512 952 caussa

126 981 357 1015 definitiorem
381 981 454 1014 sine
477 982 656 1025 particulis
681 984 864 1023 minirum,
888 994 1011 1026 nempe
1039 985 1098 1015 aut
1125 981 1299 1014 similibus
1323 980 1511 1014 subiicien—

127 1041 182 1083 di,
215 1042 257 1074 de
291 1053 359 1084 quo
384 1042 533 1076 diximus
558 1043 601 1076 ad
627 1044 703 1077 Cat.
729 1045 863 1086 xxm,
903 1043 935 1077 3.
961 1055 992 1086 p.
1018 1041 1096 1076 134.
1122 1046 1156 1075 et
1179 1042 1222 1075 ad
1246 1042 1311 1084 LI,
1335 1041 1368 1075 7.
1393 1041 1512 1084 Appo-

127 1102 194 1136 site
217 1102 358 1136 Cottius
380 1102 537 1136 laudavit
560 1104 658 1137 Caes.
683 1105 724 1137 B.
750 1105 793 1137 G.
820 1105 855 1147 1,
880 1103 948 1145 13,
973 1103 1006 1137 2.
1040 1103 1192 1136 Helvetii
1212 1114 1313 1146 quum
1339 1102 1395 1143 id,
1422 1101 1513 1146 quod

128 1163 196 1206 ipsi
216 1162 333 1195 diebus
350 1162 479 1207 viginti
498 1164 692 1208 aegerrime
713 1167 939 1206 confecerant,
964 1168 1010 1197 ut
1026 1164 1146 1206 flum
1160 1174 1209 1196 en
1233 1163 1511 1203 transirent,

129 1235 197 1256 uno
214 1224 311 1256 illum
333 1223 388 1256 die
401 1225 528 1266 secisse
549 1225 785 1269 intelligerent
800 1253 807 1266 ,
829 1225 888 1258 ubi
915 1224 1075 1258 Davisius
1101 1223 1245 1257 contuiit
1277 1223 1324 1256 ib.
1356 1224 1390 1264 Ι,
1416 1223 1452 1266 5,
1477 1222 1511 1256 l.

129 1283 169 1325 Ῑ,
192 1283 260 1324 31,
287 1283 341 1316 14.
367 1302 412 1308 —-
438 1285 642 1318 Adherbalis
666 1296 730 1318 non
760 1285 873 1317 squm
898 1284 1041 1327 plurimi
1073 1284 1264 1327 optimique
1294 1283 1374 1316 libri
1411 1287 1514 1316 tuen-

131 1348 206 1386 tur,
229 1345 288 1377 sed
312 1343 416 1377 etiam
442 1345 609 1379 Priscian.
633 1346 768 1386 xvm,
792 1344 856 1386 25,
891 1344 970 1380 251.
994 1358 1027 1390 p.
1052 1345 1132 1379 229.
1166 1345 1220 1378 ed.
1253 1345 1315 1378 Kr.
1348 1348 1382 1378 et
1413 1344 1512 1377 Serv.

131 1405 175 1439 ad
200 1405 297 1449 virg.
322 1406 404 1440 Aen.
430 1405 500 1447 111,
525 1406 606 1439 278.
631 1407 759 1439 Decem
784 1407 858 1439 fere
880 1407 979 1440 codd.
1004 1407 1136 1439 habent
1160 1406 1368 1446 Adherbale,
1395 1405 1513 1438 Guelf.

131 1465 166 1500 9.
200 1470 234 1500 et
257 1465 419 1509 quinque,
453 1477 537 1509 quos
562 1467 703 1500 Vossius
738 1467 907 1510 inspexit,
938 1468 1191 1508 Adherbalem,
1227 1466 1317 1510 quod
1353 1465 1515 1509 probavit

130 1525 346 1570 Bongarsius
380 1526 423 1559 ad
456 1527 576 1561 lustin.
611 1528 646 1569 Ι,
679 1528 721 1570 2,
748 1528 804 1562 10.
829 1528 899 1562 Sed
922 1539 1134 1572 quamquam
1158 1529 1375 1562 accusamus
1399 1540 1516 1561 exem-

131 1587 269 1630 piorum
302 1587 506 1621 auctoritate
539 1599 604 1621 non
628 1588 848 1630 destituitur,
887 1592 938 1631 (v.
965 1591 1042 1624 Car.
1068 1590 1183 1623 Beier.
1206 1590 1250 1624 ad
1277 1590 1347 1623 Cic.
1377 1589 1419 1622 «le
1444 1589 1516 1622 Off.

130 1648 184 1689 ll,
209 1647 275 1688 23,
299 1647 358 1681 81.
382 1649 499 1681 urbem
519 1653 570 1682 est
586 1650 744 1692 potitus,-
769 1650 895 1683 Tusce.
921 1651 948 1691 1,
972 1650 1030 1692 37,
1055 1650 1112 1688 90,
1139 1651 1182 1683 de
1205 1651 1304 1697 Fato,
1319 1661 1347 1683 c.
1373 1649 1407 1682 7.
1431 1650 1517 1683 Ter.

131 1708 277 1751 Adelph.
302 1708 350 1750 V,
375 1707 417 1749 4,
442 1708 498 1742 17.
522 1710 643 1753 patria
665 1711 798 1754 potitur
829 1712 1027 1753 commoda,
1061 1714 1094 1745 et
1128 1710 1246 1744 statim
1280 1714 1358 1754 post
1388 1721 1422 1743 v.
1458 1710 1517 1745 22.

131 1769 187 1802 Ιιῖο
211 1770 343 1812 potitur
366 1770 526 1814 gaudia3
557 1769 679 1811 intprr.
705 1771 749 1804 ad
773 1773 873 1805 Auct.
895 1772 938 1805 B.
964 1770 1071 1806 Afric.
1096 1782 1124 1804 c.
1151 1771 1319 1812 xxxxi,
1343 1770 1375 1804 21„
1409 1775 1443 1805 et
1473 1771 1518 1805 ad

131 1829 342 1872 Lxxxwl,
377 1831 410 1864 4.
445 1830 563 1864 Brenni
598 1831 642 1864 ad
674 1831 759 1874 Nep.
793 1832 884 1865 Mitt.
919 1833 970 1872 11,
996 1830 1049 1875 l.)
1075 1836 1190 1864 tamen
1215 1832 1250 1865 h.
1276 1833 1301 1865 1.
1325 1832 1415 1865 nihil
1440 1843 1518 1865 mu-

132 1891 289 1924 tandum.
337 1891 539 1924 Genitivum
565 1892 656 1925 enim
681 1892 763 1925 satis
789 1892 930 1926 firmant
955 1893 1274 1926 Grammaticorum
1300 1893 1518 1933 testimonia;

132 1962 213 1984 eum
247 1951 384 1984 librarii
418 1953 571 1985 nonnulii
604 1952 864 1995 interpolatrice
898 1964 1004 1986 manu
1036 1958 1213 1986 mutarunt
1246 1953 1281 1986 in
1312 1954 1519 1996 ablativum,

135 2011 225 2053 quod
244 2011 350 2044 etiam
374 2012 448 2046 Cat.
474 2014 622 2054 XLVII,
644 2013 676 2048 2.
703 2013 833 2046 factum
857 2013 1032 2053 vidimus3
1058 2025 1100 2046 ex
1125 2013 1282 2046 ablativo
1315 2019 1430 2048 autem
1463 2015 1519 2048 vel

135 2081 242 2111 casu,
275 2071 332 2104 vel
365 2082 387 2104 a
416 2072 531 2105 scriba
565 2073 759 2116 antiquario
775 2101 782 2113 ‚
820 2074 993 2116 profectus
1017 2079 1068 2107 est
1091 2073 1318 2109 accusativae.
1344 2095 1389 2100 -—
1414 2076 1467 2108 De
1485 2075 1521 2109 vi

136 2131 310 2163 metuebat
329 2132 426 2164 verbi
445 2143 479 2165 v.
501 2136 619 2165 notata
639 2134 680 2165 ad
699 2145 727 2166 c.
747 2133 841 2166 Lxx
854 2160 863 2175 ‚
887 2133 919 2168 5.

231 2191 263 2232 §.
290 2191 344 2223 11.
395 2193 441 2224 Ac
471 2193 622 2236 tametsi]
649 2193 787 2227 Cor-tius
812 2199 933 2227 contra
960 2194 1118 2228 codicum
1144 2195 1248 2228 fidem
1276 2195 1383 2229 edidit
1405 2199 1523 2230 tamen

138 2251 214 2284 etsi.
265 2251 425 2283 Ceterum
441 2252 543 2284 multi
562 2252 642 2285 libri
664 2264 725 2295 pro
748 2266 788 2287 ac
811 2255 942 2288 habent
961 2260 1022 2297 at,
1048 2256 1139 2298 quod
1172 2256 1218 2288 ab
1238 2255 1342 2289 huius
1373 2256 1440 2289 loci
1469 2267 1523 2290 ra-

139 2311 232 2344 tione
250 2310 401 2344 alienum
419 2317 479 2346 est.
499 2331 545 2338 —
567 2313 688 2346 Senati
711 2313 761 2347 ita
782 2319 891 2348 exstat
909 2314 943 2348 in
964 2315 1145 2350 Einsiedei.
1170 2327 1203 2350 τ’.
1230 2315 1272 2349 ud
1302 2316 1377 2348 Cat.
1408 2316 1522 2357 XXX,

138 2370 172 2405 3.
195 2390 240 2395 -—-
263 2372 393 2405 Graves
412 2373 545 2414 minae,
570 2373 629 2416 qui
648 2375 832 2408 verborum
851 2375 935 2408 ordo
957 2382 1039 2410 ante
1066 2377 1222 2410 Curtium
1246 2376 1410 2421 vulgatus
1433 2380 1520 2418 erat,

139 2443 218 2465 cum
239 2432 427 2467 Gerlachio
447 2434 655 2468 auctoritate
679 2435 752 2468 fere
777 2435 933 2468 omnium
956 2437 1124 2470 librorum
1141 2437 1392 2481 rescripsimus.
1437 2438 1523 2471 Gor-

140 2493 207 2526 tius
224 2505 266 2527 ex
288 2494 406 2538 paucis
429 2494 526 2527 Rivii
546 2495 687 2529 dederat
708 2496 822 2529 minae
840 2507 987 2541 graves,
1012 2509 1078 2530 non
1097 2498 1181 2532 satis
1209 2498 1312 2543 gravi
1336 2499 1523 2539 sententia3

139 2564 223 2587 nam
247 2554 299 2588 vis
325 2555 413 2587 inest
441 2554 476 2587 in
507 2565 592 2588 voce
619 2566 771 2600 graves,·
795 2567 828 2589 v.
845 2557 889 2589 ad
913 2569 942 2593 c.
961 2558 1048 2600 XX,
1074 2559 1093 2592 1
1110 2579 1152 2584 -
1175 2560 1225 2592 Ab
1243 2563 1323 2593 ante
1340 2571 1525 2604 oppugna-

140 2615 234 2648 tione
253 2626 322 2649 non
338 2616 444 2649 habet
462 2627 550 2649 unus
567 2616 684 2657 Rivii,
710 2617 917 2650 commelin.
937 2622 970 2651 et
989 2619 1128 2661 Struw,
1161 2631 1288 2663 eosque
1309 2623 1446 2653 secutus
1472 2623 1525 2653 est

141 2675 300 2717 Curtius,
324 2675 515 2710 orationem
536 2681 630 2710 ratus
645 2677 786 2710 suavius
803 2677 853 2711 ita
872 2678 1005 2711 cadere.
1029 2677 1098 2711 Sed
1117 2682 1251 2712 certum
1267 2678 1403 2712 videtur
1421 2689 1523 2722 prae-

143 2735 346 2779 positionem
375 2747 459 2771 casu
486 2737 671 2779 excidisse,
694 2737 793 2772 cuius
817 2737 868 2771 rei
898 2737 1129 2772 clarissimum
1156 2737 1341 2784 vestigium
1359 2742 1471 2773 exstat
1487 2738 1522 2772 in
