1630 3034
432 154 792 198 IUGURTHA.
853 155 977 199 GAP.
1012 155 1077 199 cl.
1340 160 1427 202 543

44 271 194 329 Atque
229 271 402 316 interim
437 271 607 317 Marius
638 272 802 333 fugatis
834 272 1053 330 equitibus
1083 273 1272 317 accurrit
1305 275 1428 318 auxi-
1442 281 1492 319 10

40 366 101 411 lio
133 368 246 424 suis,
293 383 407 426 quos
446 370 553 428 pelli
587 370 677 413 iam
713 375 963 428 acceperat.
1034 369 1238 429 Denique
1273 370 1485 424 hostes11

39 463 127 507 iam
175 463 372 522 undique
417 465 516 509 fusi.
606 466 726 509 Tum
772 466 1078 525 spectaculum
1119 466 1332 511 horribile
1378 468 1423 510 in

39 560 208 619 campis
244 561 520 619 patentibus3
557 562 705 621 sequi,
741 562 917 621 fugere,
954 563 1122 618 occidi,
1160 564 1287 623 capi3
1318 564 1419 622 equi

36 661 172 715 atque
219 656 300 700 viri
344 659 520 714 afflicti,
564 675 617 703 ac
662 659 787 703 multi
807 659 1074 703 <volneribus
1110 660 1306 719 acceptis
1340 676 1421 704 ne-

36 766 124 810 que
161 753 322 812 fugere
355 771 514 815 posse,
556 771 705 814 neque
754 755 948 814 quietem
983 757 1100 816 pati,
1144 757 1223 800 niti
1268 756 1422 811 modo,

35 869 89 897 ac
119 855 264 898 statim
299 853 560 906 concidere3
587 858 816 912 postremo
845 853 1005 909 omnia,
1043 868 1131 911 qua
1164 853 1281 897 visus
1314 860 1422 908 erat,

35 956 259 995 constrata
285 952 399 1006 telis,
437 950 581 1006 armis,
622 948 927 1008 cadaveribus,
964 956 1008 993 et
1037 950 1150 993 inter
1181 965 1233 994 ea
1259 949 1421 994 humus

32 1046 199 1091 infecta
235 1048 462 1108 sanguine.

30 1172 196 1212 poneret,
221 1169 404 1213 pueriliter
427 1180 576 1210 cavens,
611 1179 653 1202 ne
687 1167 803 1201 verbis
837 1178 920 1211 quos
944 1167 1129 1201 advorsum
1151 1167 1261 1210 ierat,
1283 1161 1421 1201 redieris

32 1229 76 1266 ab
98 1230 208 1264 latere
231 1231 365 1266 Mauris
388 1233 590 1266 hexameter
613 1227 762 1262 orationi
787 1228 993 1269 inferretur3
1017 1228 1109 1271 quod
1122 1229 1226 1272 quale
1249 1228 1294 1263 sit
1315 1227 1419 1263 intel-

29 1290 120 1335 liges
143 1303 186 1325 ex
208 1291 272 1334 iis,
295 1302 384 1335 quae
407 1290 557 1324 diximus
580 1290 624 1322 ad
648 1290 750 1324 Catil.
775 1289 877 1330 XIX,
902 1287 935 1322 5.
969 1289 1050 1323 coll.
1074 1288 1277 1323 Frotscheri
1300 1294 1417 1323 annot.

29 1351 75 1385 ad
97 1352 175 1397 lug.
200 1353 241 1393 V,
265 1353 299 1388 1.
322 1365 357 1396 p.
381 1351 438 1385 29.
463 1355 498 1384 et
522 1350 675 1386 Noltenii
698 1353 782 1385 Lex.
808 1349 991 1383 Antibarb.
1016 1361 1048 1392 p.
1074 1349 1166 1383 180⁰
1190 1361 1264 1394 sqq.
1312 1350 1419 1383 Mau-

28 1412 77 1445 ris
99 1415 242 1447 tuentur
274 1414 380 1457 longe
411 1410 555 1455 plurimi
578 1411 690 1452 codd.;
714 1410 818 1454 pauci
841 1422 883 1444 ex
908 1409 1080 1444 Cortianis
1105 1409 1237 1444 habent
1264 1409 1419 1450 Mauros,

28 1484 121 1517 quae
154 1473 384 1514 constructio,
417 1482 633 1515 quamquam
670 1475 764 1505 recte
795 1471 902 1505 habet
925 1471 975 1515 (V.
1001 1470 1118 1504 Tacit.
1140 1470 1229 1506 Ann.
1246 1471 1274 1512 1,
1299 1469 1357 1512 51,
1383 1470 1417 1504 3.

28 1533 72 1575 11,
99 1534 158 1576 17,
185 1535 250 1578 L).
275 1538 393 1568 tamen
424 1544 493 1566 non
517 1536 569 1567 est
599 1544 661 1566 cur
683 1532 743 1565 hic
778 1532 947 1576 vulgatae
976 1531 1204 1575 praeferatur.
1231 1532 1277 1566 cf.
1302 1530 1417 1565 Tacit.

27 1595 186 1637 Ann.q11‚
210 1595 266 1636 16,
291 1594 326 1628 2.
379 1593 542 1627 Cherusci
574 1593 664 1638 iuga
695 1593 871 1635 insedere,
904 1592 958 1625 uti
979 1591 1231 1635 proeliantibus
1262 1592 1418 1626 Roma-

27 1654 95 1687 nis
121 1655 267 1699 desuper
288 1656 601 1689 incurrerent.
624 1653 701 1688 Liv.
725 1653 847 1694 XXII,
871 1652 927 1692 17,
951 1651 985 1687 6.
1034 1652 1149 1685 Primo
1174 1641 1317 1686 attoniti
1339 1663 1419 1685 con-

27 1715 192 1749 stiterunt
213 1727 227 1755 ,·
268 1716 393 1750 deinde
439 1716 508 1748 lem·
544 1719 816 1748 armaturae
857 1713 1007 1747 hostium
1051 1713 1323 1747 incurrere.
1368 1712 1418 1747 id.

27 1775 184 1817 XXVIII,
207 1765 272 1817 15,
294 1775 328 1809 3.
379 1775 541 1810 Peditum
574 1776 680 1820 signa
717 1775 936 1810 cornibus
984 1775 1317 1816 incurrerunt,
1357 1772 1417 1807 ubi

25 1836 127 1879 plura
149 1835 367 1881 comparavit
391 1836 710 1871 Drakenborchius.
1143 1832 1146 1836 ’

117 1899 150 1940 §-
173 1897 207 1931 9.
233 1902 267 1932 et
289 1897 346 1932 10.
393 1898 560 1942 adeptam
583 1895 787 1938 victoriam]
822 1896 876 1929 De
906 1894 1046 1938 passiva
1069 1892 1105 1927 vi
1139 1894 1284 1937 adeptos
1307 1893 1418 1937 parti-

27 1954 110 2000 cipii
133 1968 167 1990 V.
191 1958 236 1991 ad
259 1958 335 1991 Cat.
360 1957 436 2000 vll,
459 1957 495 1991 3.
520 1976 564 1981 —
589 1956 659 1990 Pro
684 1956 831 1996 dextra,
862 1956 1007 1989 sinistra
1029 1954 1131 1998 pauci
1165 1954 1264 1989 codd.
1287 1954 1419 1988 habent

28 2017 62 2053 d.
88 2018 351 2063 sinistraque,
383 2023 445 2052 aut
467 2018 502 2052 d.
535 2021 568 2058 et
587 2016 750 2055 sinistra,·
775 2015 835 2049 sed
858 2027 894 2049 v.
917 2016 962 2050 ad
987 2016 1062 2049 Cat.
1088 2015 1147 2057 XI,
1171 2015 1205 2049 2.
1227 2015 1306 2060 lug.
1333 2015 1410 2056 Lx,

28 2075 62 2110 4.
87 2081 122 2111 et
145 2077 286 2120 LXXII,
305 2078 338 2114 2.
362 2096 407 2105 —
433 2078 596 2112 Omnibus
619 2077 762 2118 occisis,
784 2087 833 2111 sc.
863 2076 1039 2120 equitibus
1061 2074 1191 2120 regiis,
1223 2074 1266 2108 de
1288 2074 1416 2119 quibus

29 2147 61 2171 v.
85 2137 174 2180 le,
197 2137 235 2173 4.
259 2157 305 2164 -
335 2139 550 2174 Vitabundus
572 2137 828 2172 illustravimus
850 2137 895 2171 ad
930 2149 960 2172 c.
993 2136 1188 2176 xxxvm,
1212 2135 1246 2170 l.
1270 2153 1316 2160 —
1339 2137 1371 2167 A
1380 2147 1415 2168 c-

27 2199 184 2232 currit
214 2200 345 2233 anxilio
376 2210 462 2234 vera
491 2202 544 2234 est
564 2198 687 2240 lectio,
724 2201 804 2233 ante
827 2198 987 2233 Cortium
1018 2197 1054 2231 in
1077 2197 1154 2231 edd.
1188 2197 1356 2241 vulgata,
1379 2199 1415 2230 et

26 2257 188 2300 plurimis
208 2260 411 2304 optimisque
434 2260 532 2294 codd.
568 2261 719 2294 firmata.
766 2259 905 2293 Cottius
929 2258 1065 2302 scripsit
1088 2257 1233 2292 occurrit
1258 2268 1351 2299 mm,
1375 2260 1415 2291 ut

27 2321 78 2352 est
99 2317 136 2351 in
159 2319 266 2365 Berg.
301 2320 420 2355 Struv.
451 2321 532 2355 Ecc.
566 2321 687 2355 Guelf.
711 2321 744 2356 4.
768 2320 803 2355 6.
829 2320 863 2353 7.
887 2318 944 2354 10.
969 2319 1025 2354 11.
1049 2318 1107 2352 12.
1140 2316 1232 2351 Med.
1255 2316 1290 2350 5.
1317 2314 1350 2350 8.
1377 2315 1412 2349 9.

27 2377 110 2411 ven.
142 2379 177 2412 2.
202 2379 235 2413 4.
269 2377 347 2415 Vat'.
373 2381 407 2415 1.
431 2380 465 2415 3.
490 2382 523 2415 4.
547 2381 582 2417 5.
614 2382 702 2418 Min.
726 2380 774 2424 2.,
807 2391 956 2424 quorum
992 2377 1200 2414 auctoritate
1233 2379 1413 2421 permotus

28 2437 240 2473 Gerlachius
262 2439 298 2474 in
322 2441 531 2477 Commentt.
556 2454 592 2486 p.
615 2443 697 2478 329.
723 2440 907 2487 probavit,
930 2440 1009 2482 sed,
1033 2444 1072 2474 ut
1094 2443 1146 2473 est
1164 2437 1288 2472 mobili
1310 2437 1412 2482 inge-

26 2498 85 2533 nio
99 2525 110 2541 ,
133 2499 169 2533 in
192 2501 247 2534 ed.
273 2501 358 2537 min.
381 2513 502 2536 rursus
524 2502 714 2537 damnavit.
761 2501 826 2535 Vix
843 2505 894 2535 est
911 2505 1028 2535 autem
1052 2499 1145 2544 quod
1167 2509 1328 2533 moneam
1354 2510 1413 2531 ac-

28 2561 134 2595 currit
156 2562 264 2596 verbo
287 2563 398 2596 multo
422 2563 537 2607 aptius
559 2564 721 2597 ardorem
744 2566 849 2606 atque
871 2561 1077 2596 industriam
1100 2559 1207 2594 Marii
1230 2558 1414 2600 declarari,

29 2630 133 2663 qnam
155 2622 289 2665 altero,
322 2623 414 2666 qnod
445 2624 560 2658 Faber
582 2635 651 2657 non
675 2623 758 2657 satis
782 2623 1030 2665 circumspecte
1052 2620 1217 2665 exemplis
1240 2620 1414 2655 nonnullis

28 2679 212 2716 defendere
234 2683 370 2724 studet3
392 2694 475 2717 nam
496 2683 567 2717 Ioci
589 2683 764 2718 Ciceronis
791 2695 827 2727 p.
843 2682 958 2717 Deiot.
981 2694 1012 2719 c.
1036 2681 1092 2725 14,
1113 2681 1172 2717 40.
1198 2685 1233 2715 et
1249 2680 1412 2714 Auctoris

27 2738 71 2773 B.
94 2740 203 2778 Afric.
226 2755 256 2779 c.
280 2743 336 2785 18,
362 2743 395 2778 1.
420 2743 530 2778 aliam
563 2743 760 2788 explicandi
782 2742 953 2776 rationem
977 2742 1108 2777 habent
1123 2767 1134 2783 ‚
1156 2741 1247 2784 apud
1272 2740 1411 2775 Livium
