1630 3034
102 179 158 217 18
474 173 519 214 C.
549 170 878 214 SALLUSTI
909 170 1135 213 CRISPI

103 306 250 349 neque
285 288 408 332 aliud
443 303 491 332 se
526 287 762 348 fatigando
797 287 882 331 nisi
917 287 1072 331 odium
1102 302 1320 346 quaerere
1349 293 1497 333 extre-

68 392 206 433 4mae
250 385 501 431 dementiae
550 391 640 438 est3
692 385 773 428 nisi
825 385 941 428 forte
994 400 1132 443 quem
1176 384 1414 428 inhonesta
1455 391 1500 428 et

100 484 355 544 perniciosa
400 481 559 526 lubido
608 487 731 525 tenet
776 482 1011 541 potentiae
1061 496 1311 542 paucorum
1358 481 1497 526 decus

101 588 235 639 atque
270 581 523 624 libertatem
559 593 683 622 suam
719 578 974 638 gratificari.

237 677 314 721 lv.
387 676 602 721 Ceterum
649 690 704 719 ex
748 675 840 718 aliis
889 675 1105 735 negotiis,
1157 689 1272 733 quae
1316 674 1499 734 ingenio

100 834 168 857 uon
192 822 377 856 nitetur
399 821 539 864 sapiens
562 820 607 853 in
630 830 991 863 supervacuum,
1025 830 1088 853 nee
1118 829 1154 853 se
1186 820 1276 853 nihil
1296 821 1500 863 profuturus

100 884 294 928 impendet,
329 882 359 915 si
378 893 507 927 parum
530 881 671 914 habebit
694 881 915 915 auctoritatis
941 887 974 916 et
997 883 1136 915 virium.
1163 901 1210 907 --
1240 882 1285 915 Se
1304 879 1500 925 fatigando

55 953 61 965 ¹
100 955 221 978 omnes
251 947 368 977 tenent
399 943 498 976 codd.
523 946 661 985 praeter
685 942 788 975 Rem.
814 942 847 974 1.
874 943 954 978 Ecc.
979 946 1015 976 et
1039 943 1178 984 Struv„
1215 943 1275 986 qui
1308 950 1500 985 pronomen

99 1016 169 1039 non
192 1005 344 1045 hahent,
379 1013 507 1046 eosque
537 1002 746 1036 confirmare
770 1002 909 1036 videtur
932 1003 1143 1048 Hieronym.
1166 1002 1202 1036 in
1226 1002 1342 1036 Praef-
1369 1001 1413 1034 ad
1436 1001 1502 1034 Es-

100 1066 202 1099 dram
237 1069 272 1098 et
305 1064 425 1098 Neem.
444 1065 585 1107 frustra
616 1067 734 1096 autem
767 1063 834 1107 (ut
859 1065 911 1098 ait
935 1065 1104 1108 quidam)
1138 1064 1224 1105 niti,
1257 1074 1366 1107 neque
1402 1061 1502 1094 aliud

95 1125 365 1171 fatigando
407 1124 475 1157 nisi
511 1124 627 1157 odium
660 1136 838 1168 quaerere.
898 1125 967 1158 Sed
998 1130 1094 1159 reete
1123 1124 1260 1158 monuit
1290 1122 1502 1156 Gen-lachim

99 1188 186 1221 huie
215 1186 370 1228 homini,
405 1185 557 1229 pessima
588 1196 692 1228 saepe
716 1185 872 1219 oratione
895 1185 1027 1227 utenti,
1059 1187 1192 1219 nullam
1216 1185 1251 1218 in
1276 1183 1342 1218 tali
1365 1195 1404 1218 re
1427 1193 1502 1216 esse

99 1248 206 1282 fidem
237 1246 451 1288 habendam,
485 1257 593 1290 quum
619 1247 785 1291 fatigare
816 1247 965 1280 verbum
988 1257 1160 1290 nusquam
1184 1246 1379 1291 reperiatur
1401 1246 1502 1289 refle-

100 1309 179 1342 :civo
204 1319 305 1342 sensu
332 1308 497 1351 positum.
553 1308 779 1351 Quamquam
803 1309 897 1341 enim
922 1309 1054 1347 lavare,
1078 1312 1228 1349 mutare,
1252 1312 1399 1347 vertere,
1424 1316 1501 1339 ver-

101 1380 187 1414 gere
220 1371 255 1402 et
286 1368 360 1402 alia
392 1368 565 1412 plurima,
597 1368 641 1401 de
665 1367 792 1411 quibus
816 1379 850 1402 v,
875 1369 1014 1412 Zumpt.
1039 1369 1200 1402 Gramm.
1226 1369 1304 1402 Lat.
1329 1370 1360 1410 §.
1385 1367 1442 1409 37,
1465 1366 1501 1399 2.

101 1433 172 1463 not.
207 1429 240 1463 3.
273 1441 306 1472 p.
343 1429 422 1462 121.
472 1430 686 1463 Ramshorn.
721 1431 753 1470 §-
781 1428 920 1462 163.1.
945 1430 980 1463 b.
1018 1442 1052 1473 p.
1085 1429 1156 1464 383
1179 1442 1229 1474 sq.
1272 1432 1306 1463 et
1337 1430 1504 1463 annotata

102 1494 220 1524 nostra
243 1490 288 1523 ad
312 1489 414 1524 Catil.
439 1490 496 1530 vl,
520 1489 555 1522 7.
579 1501 615 1533 p.
640 1488 710 1531 37„
743 1489 909 1522 reflexive
933 1494 1166 1534 usurpantur,
1202 1495 1320 1525 tamen
1336 1490 1503 1534 fatigare

102 1554 244 1596 propter
267 1554 340 1584 tam
365 1549 532 1595 exiguam
556 1550 800 1584 auctoritatem
825 1550 883 1584 his
908 1550 1027 1594 nequit
1050 1551 1285 1584 annumerari.
1312 1551 1504 1593 Pei-peram

102 1612 210 1646 etiam
236 1612 430 1645 Muellerus
454 1610 608 1654 explicat
635 1612 743 1644 multo
771 1611 898 1644 labore.
926 1631 969 1636 —
998 1612 1173 1654 Quaerere
1197 1612 1220 1645 i.
1248 1623 1278 1643 e.
1303 1610 1503 1654 quaerendo

105 1673 292 1716 consequi,
328 1683 475 1715 parare,
512 1672 730 1706 contrahere.
776 1673 854 1716 Iug-
879 1672 1062 1713 LXXXV,
1086 1672 1144 1707 30.
1183 1673 1262 1706 Hae
1294 1677 1373 1706 sunt
1404 1681 1503 1704 meae

104 1734 300 1779 imagines,
330 1734 416 1767 haec
440 1734 624 1773 nobilitas,
658 1744 748 1777 quae
772 1738 910 1777 egomet
930 1735 1089 1777 plurimis
1112 1734 1287 1768 laboribus
1313 1738 1347 1766 ct
1367 1733 1504 1776 pericn-

106 1793 148 1826 tis
172 1792 406 1837 quaesivi.
456 1795 662 1835 LXXXVII,
687 1794 721 1828 2.
755 1795 872 1828 Armis
894 1794 1046 1839 gloriam
1070 1793 1204 1838 quaeri.
1250 1794 1445 1834 LXXXIX,
1470 1793 1503 1827 1.

107 1854 281 1888 Dedecore
320 1856 436 1897 potius
480 1867 585 1899 quam
624 1868 731 1889 manu
767 1857 915 1889 salutem
958 1855 1270 1901 quaesiverat.
1318 1854 1502 1899 Fragmm.

107 1915 200 1949 nist.
231 1915 299 1953 111.
336 1916 400 1957 ll,
438 1916 472 1950 1.
499 1917 596 1950 GerI.
633 1918 747 1951 Ductu
779 1929 854 1950 meo
886 1916 981 1950 vobis
1012 1916 1108 1949 salus
1136 1914 1353 1958 quaesita
1387 1919 1503 1948 erat.

105 1976 183 2010 Liv.
210 1976 318 2017 XXV,
344 1976 380 2017 6,
406 1977 460 2011 11.
501 1979 555 2011 Arl
584 1978 714 2011 Alliam
738 1990 847 2023 prope
882 1978 993 2011 omnis
1017 1976 1186 2010 exercitus
1203 1976 1325 2019 sugit,
1359 1976 1406 2009 ad
1421 1978 1504 2019 sur-

106 2038 203 2071 cuias
227 2038 407 2071 Caudinas
432 2050 533 2073 arma
557 2039 707 2072 tradidit
731 2039 843 2078 hosti;
870 2043 988 2072 tamen
1014 2042 1154 2071 tantum
1180 2037 1293 2079 abfuit
1317 2038 1361 2070 ab
1387 2050 1438 2078 eo,
1466 2043 1504 2073 ut

106 2099 181 2133 ulla
204 2099 401 2145 ignominia
425 2101 468 2133 iis
494 2100 698 2134 exercitibus
721 2103 1044 2144 quaereretur.
1079 2096 1141 2130 ubi
1166 2108 1199 2131 V.
1224 2097 1378 2131 Gronov.

201 2159 235 2203 §-
261 2159 294 2194 4.
342 2160 411 2193 nisi
426 2161 544 2204 sorte]
579 2161 739 2194 Tertiam
771 2171 933 2195 caussam
960 2159 1021 2192 hic
1045 2158 1168 2193 afferri
1191 2169 1253 2192 cur
1277 2170 1299 2193 a
1322 2159 1506 2203 repuinca

108 2220 211 2263 plane
233 2220 475 2255 abstinendum
500 2222 564 2262 sit,
589 2222 660 2255 dixi
683 2222 727 2255 ad
753 2224 781 2264 ς.
802 2222 834 2254 1.
884 2222 937 2254 Do
961 2220 1215 2264 particularum
1238 2220 1307 2253 nisi
1322 2223 1419 2264 forte
1442 2232 1505 2265 po-

108 2284 236 2314 testate
264 2293 296 2314 v.
324 2281 368 2314 nd
393 2282 496 2316 Catil.
523 2284 601 2325 XX,
630 2282 686 2316 17.
710 2294 745 2326 p.
772 2281 853 2315 105.
903 2281 1009 2315 Addit
1039 2280 1177 2314 Cottius
1214 2280 1249 2313 h.
1284 2281 1308 2314 Ι.
1341 2281 1438 2315 curt.
1464 2282 1505 2323 V,

109 2340 146 2380 8,
170 2340 226 2374 12.
267 2342 364 2376 Licet
389 2343 534 2377 honesta
558 2348 666 2377 morte
691 2344 858 2388 defungi,
883 2343 1134 2384 nisiforte
1157 2342 1268 2375 satius
1289 2347 1338 2376 est
1367 2343 1507 2377 victorio

109 2406 308 2446 exepectare
332 2403 527 2438 arbitrium.
560 2403 676 2438 Tacit.
701 2403 796 2437 llist.
821 2403 879 2445 1v,
904 2402 963 2443 7-1,
986 2401 1079 2435 med.
1111 2401 1298 2436 Praeterea
1320 2402 1366 2436 cf.
1392 2403 1507 2437 Gern-

109 2464 263 2497 bardum
299 2465 342 2497 ad
379 2464 451 2498 Cic.
485 2465 559 2498 Cat.
596 2458 644 2498 Μ.
677 2464 734 2504 10,
757 2464 816 2498 33.
849 2468 883 2498 et
916 2464 959 2497 nd
984 2462 1161 2503 Lae1.13,
1185 2462 1242 2496 ⁴8.
1275 2467 1309 2497 et
1334 2463 1507 2507 imprimis

111 2525 194 2558 Car.
218 2525 384 2558 Reiorum
419 2524 461 2557 ad
487 2524 557 2557 Off.
581 2524 607 2566 1,
633 2524 693 2565 33,
721 2525 800 2557 120.
836 2545 879 2549 -
924 2524 1111 2556 Paucorum
1144 2524 1301 2567 potentia
1331 2524 1506 2567 quomodo

112 2584 342 2629 intelligendu
372 2584 417 2617 sit
452 2585 584 2618 dictum
616 2585 659 2618 ad
695 2585 798 2618 Catil.
836 2597 866 2619 c.
893 2585 969 2624 XX,
994 2584 1027 2619 7.
1060 2589 1094 2618 et
1126 2585 1169 2617 ad
1201 2596 1230 2616 e.
1258 2585 1448 2624 xxxvm,
1473 2583 1503 2617 l.

112 2656 145 2688 p.
172 2643 251 2678 177.
277 2664 320 2669 ——
350 2646 552 2688 Grate‘ficari
577 2646 803 2680 Kunhardtus
827 2646 984 2679 obsoleta
1007 2645 1163 2679 docti-ind
1188 2657 1252 2688 pro
1276 2645 1506 2689 gratificandi

113 2706 267 2751 positum
301 2711 433 2745 censen
464 2706 524 2739 alii
559 2717 602 2738 ne
638 2707 779 2740 credant
810 2706 968 2739 cavimus
992 2711 1073 2740 nota
1104 2706 1148 2739 ud
1178 2706 1251 2739 Cat.
1279 2718 1307 2738 c.
1335 2706 1446 2745 XXX,
1471 2705 1503 2739 5.

113 2777 146 2810 p.
173 2760 252 2801 13'9.
298 2767 461 2801 Ceterum
490 2770 586 2811 patet
609 2767 712 2800 decus
735 2768 935 2811 gratificari
957 2778 1038 2800 cum
1064 2769 1263 2809 contemptu
1287 2764 1418 2799 dictum
1443 2774 1504 2798 va-
