1630 3034
515 209 873 255 IUGURTHA.
930 210 1054 254 GAP.
1083 211 1243 253 LXIX.
1465 218 1547 259 371

163 328 275 374 tudo
310 342 458 388 posse.
512 326 580 371 Ita
608 326 839 388 Vagenses
873 325 1060 371 biduum
1094 325 1233 370 modo
1269 342 1324 371 ex
1354 330 1580 389 perfidia3

161 425 335 479 laetati;
372 425 522 468 civitas
557 439 724 484 magna
759 430 803 467 et
839 410 1027 483 opulens
1064 430 1225 467 cuncta
1259 438 1437 483 poenae
1473 434 1548 472 aut

163 522 363 582 praedae
411 521 508 566 fuit.
581 520 831 580 TurpiliuS,
884 534 1019 578 quem
1065 519 1345 579 praefectum
1389 523 1585 583 oppidi4

162 634 300 663 unum
333 632 388 662 ex
414 617 618 661 omnibus
652 616 909 676 profugisse
948 630 1086 675 supra
1116 617 1411 675 ostendimus,
1455 620 1547 664 ius-

163 731 236 759 sus
286 730 313 758 a
358 714 547 757 Metello
591 727 790 757 caussam
840 712 1013 766 dicere,
1048 718 1293 771 postquam
1329 729 1426 759 sese
1459 731 1546 775 pa-

162 826 259 855 rum
319 814 565 870 expurgat,
620 809 942 853 condemnatus
996 809 1350 867 verberatusque
1403 813 1549 872 capite

160 922 333 968 poenas
370 906 525 960 solvit3
562 921 664 948 nam
698 907 735 950 is
772 905 876 950 civis
913 920 968 949 ex
1002 904 1134 948 Latio
1171 911 1277 950 erat.

160 1040 261 1083 dere,
296 1039 345 1074 sic
379 1039 447 1072 hae
478 1049 655 1072 rursum
692 1039 796 1072 rectis
831 1037 931 1071 lineis
954 1038 991 1071 in
1020 1038 1200 1071 coelestem
1226 1038 1336 1071 locum
1359 1039 1548 1075 subvolent.

160 1099 278 1134 Tacit.
311 1099 399 1132 Anu.
429 1098 512 1141 XV,
536 1098 580 1140 1,
606 1099 640 1133 l.
694 1098 876 1142 Vologeses
907 1103 1060 1142 spretum
1085 1099 1334 1132 Arsacidarum
1359 1100 1548 1145 fastigium

159 1162 272 1195 ultum
302 1161 354 1194 ire
379 1160 518 1200 volens,
544 1159 789 1205 magnitudine
813 1170 988 1191 rursum
1013 1159 1174 1192 Romana
1198 1160 1352 1193 diversas
1376 1161 1424 1194 ad
1447 1173 1548 1196 curas

157 1221 374 1256 trahebatur.
394 1221 439 1253 cf.
462 1221 606 1265 Grysar.
629 1221 704 1256 Art.
727 1218 851 1252 Latine
875 1219 1048 1252 scribendi
1069 1232 1101 1262 p.
1121 1219 1202 1253 514.
1228 1219 1363 1253 Daehn.
1392 1221 1435 1254 ad
1460 1221 1547 1265 Nep.

159 1280 332 1314 Themist.
361 1291 392 1313 c.
417 1281 481 1322 lx,
506 1281 541 1315 3.
564 1300 611 1305 -
644 1282 714 1315 Pro
747 1279 837 1312 obvii
859 1279 961 1323 pauci
993 1279 1076 1313 libri
1110 1280 1241 1314 habent
1264 1281 1422 1322 obviam3
1449 1293 1483 1317 v.
1503 1282 1548 1316 ad

159 1352 192 1375 c.
213 1341 334 1382 xhvl,
361 1339 396 1374 5.

251 1402 284 1442 ς.
313 1400 336 1433 2
360 1419 406 1425 -
428 1400 462 1434 4.
510 1400 674 1446 volgum]
715 1399 769 1432 lta
800 1402 913 1433 exstat
946 1397 981 1432 in
1013 1401 1097 1435 Bas.
1122 1402 1155 1435 1.
1191 1400 1272 1435 Sen.
1297 1400 1330 1437 1.
1355 1401 1388 1436 2.
1419 1403 1547 1438 Reuss.

159 1461 278 1495 Guelf.
302 1461 337 1495 2.
361 1460 417 1494 10.
441 1461 552 1497 Paris.
577 1462 610 1496 b.
635 1473 669 1496 x.
694 1474 724 1495 z.
750 1460 868 1493 Berol.
897 1459 930 1495 l.
952 1459 988 1494 2.
1036 1461 1152 1494 Ceteri
1175 1463 1331 1506 vulgum.
1355 1480 1401 1486 —
1428 1463 1548 1497 Turris

158 1522 230 1555 hac
254 1521 448 1555 accusativi
470 1522 584 1555 forma
607 1526 657 1556 est
680 1522 716 1555 in
738 1522 822 1555 Bas.
841 1521 874 1554 1.
899 1522 994 1554 Flor.
1012 1521 1045 1554 1.
1071 1533 1118 1555 m.
1144 1533 1196 1565 pr.
1220 1521 1331 1556 Paris.
1351 1532 1381 1554 c.
1407 1533 1440 1555 x.
1457 1533 1487 1555 z.
1503 1541 1547 1549 —

161 1581 321 1615 Praedae
349 1593 426 1626 spes
449 1581 585 1615 Cottius
615 1587 708 1616 recte
731 1581 867 1625 scripsit
891 1592 952 1625 pro
975 1581 1115 1626 vulgari
1138 1581 1257 1615 ordine
1279 1593 1356 1626 spes
1375 1584 1546 1628 praedae,

158 1653 262 1686 quem
302 1642 452 1676 Weisius
493 1642 641 1686 repetiit.
689 1643 851 1677 Praeaae
884 1653 1005 1676 vocem
1038 1641 1267 1685 praemissam
1310 1654 1377 1676 non
1410 1644 1550 1688 flagitat

157 1703 274 1737 solum
297 1702 486 1736 sententiae
517 1703 589 1745 vis,
613 1715 646 1737 v.
673 1704 717 1737 ad
741 1715 770 1737 c.
794 1704 874 1745 XX,
900 1704 932 1736 1.
957 1714 989 1746 p.
1014 1702 1108 1744 125.,
1130 1703 1187 1736 sed
1213 1703 1418 1738 confirmant
1439 1705 1547 1739 etiam

158 1762 312 1806 potiores
349 1763 459 1796 Cortii
495 1770 529 1797 et
560 1763 694 1807 aliquot
724 1764 843 1798 Leidd.
879 1764 1034 1806 codices,
1069 1763 1292 1805 Pembroch.,
1328 1764 1410 1798 Bas.
1443 1766 1477 1798 1.
1513 1765 1548 1798 4.

156 1823 260 1857 Rern.
284 1822 318 1856 3.
342 1822 455 1857 Paris.
479 1835 511 1857 c.
533 1835 566 1857 x.
593 1836 629 1869 y.
653 1825 770 1859 Berol.
795 1825 829 1859 2.
862 1825 983 1858 Goerl.
1014 1828 1048 1858 et
1073 1823 1177 1857 Misn.
1200 1842 1247 1848 —-
1281 1826 1546 1869 Amplius—

154 1894 254 1928 possc
277 1882 408 1916 dictum
441 1895 504 1927 pro
528 1884 669 1929 vulgari
700 1887 806 1930 plus
828 1897 952 1930 posse3
975 1885 1022 1918 cf.
1048 1883 1141 1918 infra
1165 1895 1196 1919 c.
1221 1885 1314 1926 cxi,
1338 1885 1370 1918 1.
1423 1886 1543 1928 Quon-

161 1944 234 1978 iam
258 1944 459 1987 amplius
493 1945 600 1979 armis
640 1946 924 1982 valuissent.
964 1945 1038 1979 Cic.
1071 1949 1158 1978 orat.
1182 1945 1217 1978 in
1241 1944 1343 1981 Catil.
1369 1945 1427 1986 lv,
1452 1945 1486 1987 5,
1511 1946 1547 1981 9.

163 2003 285 2038 Nescio
309 2015 355 2036 aa
380 2005 584 2048 amplius
607 2005 691 2038 mihi
715 2007 850 2051 negotii
873 2006 1111 2040 contrahatur.
1135 2005 1233 2038 Caes.
1254 2005 1298 2040 B.
1319 2005 1362 2040 G.
1387 2006 1428 2047 V,
1453 2006 1486 2048 9,
1510 2005 1545 2039 7.

162 2064 201 2097 si
224 2063 429 2107 amplius
453 2065 607 2098 obsidum
638 2066 744 2104 velit,
780 2065 866 2099 dare
896 2067 1112 2109 pollicentur.
1136 2084 1181 2089 —
1217 2066 1270 2097 Ex
1291 2067 1443 2109 perfidia
1466 2066 1490 2101 i.
1513 2078 1545 2099 e.

158 2130 237 2170 post
267 2127 383 2168 pers.,·
414 2135 448 2158 v.
483 2124 527 2157 ad
561 2134 591 2158 c.
618 2125 783 2166 xxxvl,
808 2124 842 2158 3.
866 2144 912 2150 —
943 2126 1011 2159 Pro
1035 2130 1158 2159 cuncta
1189 2136 1321 2168 poenae
1345 2125 1482 2160 Cortius
1504 2137 1546 2160 ex

160 2189 328 2229 quattuor
360 2184 466 2218 libris
498 2184 588 2224 suis,
627 2196 714 2228 quoe
748 2190 864 2220 tamen
900 2196 966 2219 non
1007 2184 1217 2227 nominavit,
1257 2186 1394 2220 inverso
1427 2187 1547 2220 ordine

159 2246 298 2290 scripsit
320 2257 452 2290 poenae
475 2250 598 2279 cuncta
612 2257 626 2285 ‚·
658 2246 749 2288 quod
781 2252 909 2280 temere
933 2247 1065 2279 factum
1100 2245 1308 2279 Gerlachius
1329 2246 1456 2280 merito
1479 2257 1546 2281 non

161 2307 319 2340 imitatus
352 2311 414 2340 est.
439 2323 483 2330 —
518 2307 654 2340 Poenae
688 2318 761 2340 esse
795 2318 857 2350 per
884 2318 921 2340 ee
955 2306 1095 2350 quidem
1135 2305 1193 2339 vix
1224 2306 1293 2340 dici
1325 2307 1453 2350 poesin
1486 2309 1546 2342 sed

161 2371 356 2401 structurae
379 2365 560 2400 insolentia
583 2377 625 2400 eo
649 2367 827 2408 mollitur,
853 2367 942 2410 quod
957 2391 967 2408 ,
1001 2377 1108 2410 quum
1131 2377 1265 2410 poenae
1287 2378 1366 2400 cum
1389 2368 1546 2411 praedae

160 2437 248 2460 voce
272 2426 492 2460 coniunctum
516 2425 570 2466 sit,
593 2432 738 2470 apparet
762 2434 941 2461 auctorem
964 2426 1202 2461 concinnitatis
1224 2427 1338 2461 studio
1362 2433 1548 2472 utrumque

161 2487 223 2521 uni
246 2488 354 2520 verbo
373 2490 522 2530 aptasse.
568 2486 693 2520 Simile
711 2489 793 2531 quid
818 2488 1015 2522 notavimus
1037 2498 1066 2519 c.
1092 2487 1212 2528 mssv,
1235 2487 1267 2520 1.
1319 2489 1386 2522 Ubi
1411 2490 1546 2523 Marius

161 2547 354 2592 haruspicis
378 2548 472 2581 dicta
497 2547 659 2581 eodem
690 2548 887 2589 intendere,
922 2559 1003 2592 quo
1036 2547 1159 2591 cupido
1200 2547 1309 2580 animi
1331 2549 1545 2582 hortaba—

165 2612 258 2642 tur.
281 2627 325 2632 —
363 2608 454 2641 Nam
484 2609 514 2642 is
539 2608 622 2642 civis
657 2620 711 2642 ex.
730 2608 833 2643 Latio
867 2613 954 2642 erat.
1002 2607 1165 2641 Ridicule
1189 2607 1353 2650 permulti
1378 2608 1458 2642 libri
1483 2619 1546 2651 pro

170 2667 277 2701 Latio
297 2668 427 2702 habent
453 2669 596 2702 Collatia
611 2693 622 2710 ,
645 2668 768 2702 scribis
802 2669 844 2702 de
871 2668 1022 2702 Collatia
1046 2667 1133 2701 urbe
1156 2667 1400 2711 cogitantibus.
1449 2669 1547 2702 Haec

163 2727 272 2762 verba
295 2735 412 2762 autem
437 2734 620 2773 propterea
642 2729 778 2764 adiecta
800 2733 898 2770 sunt,
922 2729 1014 2772 quod
1038 2732 1160 2761 auctor
1182 2732 1388 2763 narraverat
1413 2728 1546 2772 Turpi-

164 2786 252 2821 lium
285 2788 486 2832 priusquam
520 2789 693 2833 supplicio
723 2790 941 2832 efficeretur,
977 2788 1194 2823 verberatum
1229 2790 1356 2831 fuisse.
1403 2787 1546 2823 Scilicet

1158 2859 1273 2902 24*
