1630 3034
437 167 801 211 IUGURTHA.
862 167 992 212 CAP.
1026 169 1206 212 XLVH.
1416 176 1497 215 271

117 298 260 342 orare,
295 290 479 345 praeter
512 301 637 329 suam
671 285 1004 343 liberorumque
1039 287 1174 331 vitam
1210 287 1356 331 omnia
1390 287 1497 332 Me-

113 382 220 425 tello
256 381 438 429 dedere,
507 382 634 437 Quos
667 382 788 439 item,
824 382 885 425 uti
919 383 1104 442 priores,
1141 384 1293 427 consul
1320 385 1531 430 illectos-4

113 518 191 548 rus,
216 506 343 551 insigni
367 506 572 541 documento
595 509 692 549 sunt,
714 518 780 540 non
805 507 907 549 plane
931 505 1163 539 necessarium
1187 507 1305 552 fuisse,
1325 513 1365 543 ut
1389 511 1497 554 parti-

113 566 207 610 cipio
232 579 426 612 congruens
450 567 564 610 supini
588 567 702 600 forma
725 567 761 600 in
793 578 856 600 usu
880 571 980 600 esset.
1026 566 1092 600 His
1116 568 1219 601 rebus
1242 570 1291 603 ita
1313 583 1496 615 compara-

113 627 158 661 tis
181 629 363 662 iuvaturus
386 639 426 661 eo
451 628 564 661 minus
588 628 763 661 offendere
786 632 916 671 potest,
952 640 1058 671 quum
1090 640 1131 661 eo
1165 640 1231 662 non
1256 635 1391 665 tantum
1415 633 1496 667 Sal-

112 687 254 729 lustius,
279 689 338 723 sed
361 688 467 721 etiam
493 688 581 721 Plin.
605 689 692 731 Epp.
717 688 775 731 IV,
801 687 856 729 15,
877 688 934 723 13.
959 695 992 723 et
1017 688 1199 723 Petronius
1223 690 1296 724 Sat.
1322 704 1350 725 c.
1370 693 1494 728 XVIII.

112 760 193 783 usus
220 749 274 784 sit.
323 751 422 792 Quae
456 753 572 783 autem
606 749 756 782 editores
789 750 962 792 permovit
994 750 1142 795 religio,
1180 751 1225 784 ab
1254 750 1389 786 inscitia
1412 765 1494 796 pro-

110 809 201 843 fecta
218 837 229 852 ,
259 813 298 843 ut
321 814 461 853 propter
484 810 667 843 iuvaturus
689 810 757 843 duo
780 811 889 844 verba
913 823 976 854 pro
1000 810 1126 854 spuriis
1150 811 1339 853 haberent,
1372 813 1494 847 eadem

109 870 204 903 haud
229 870 332 903 dubie
353 871 488 904 scribas
511 870 662 914 impulit,
685 876 724 904 ut
747 871 831 904 istas
856 882 956 905 voces
979 871 1186 905 omitterent.
1231 872 1387 915 Denique
1403 874 1495 917 quod

111 930 322 964 Gerlachius
356 931 399 964 ad
439 933 621 976 vulgatam
657 931 942 965 labefactandam
975 931 1086 972 dicit,
1129 932 1350 975 sequentibus
1378 935 1494 968 verbis

108 990 255 1024 eundem
278 992 352 1024 fere
375 1003 512 1025 sensum
536 991 725 1032 contineri,
757 1003 825 1025 non
859 992 945 1025 vidit
969 1003 1010 1025 ea
1033 991 1081 1026 ita
1104 998 1307 1035 comparata
1328 1004 1422 1036 esse,
1454 998 1495 1029 ut

109 1051 282 1094 explicent
300 1054 465 1096 quomodo
490 1053 678 1087 exercitum
702 1052 817 1085 iuvari
841 1052 960 1086 credat
983 1053 1156 1086 Metellus.
1205 1053 1251 1086 Et
1275 1052 1383 1097 igitur
1406 1054 1442 1087 h.
1467 1055 1491 1088 l.

109 1122 152 1146 ea
176 1116 346 1155 potestate
381 1114 532 1154 positum
567 1118 637 1154 est,
672 1124 780 1156 quam
814 1113 1065 1147 illustravimus
1089 1114 1132 1147 ad
1157 1114 1259 1147 Catil.
1284 1125 1314 1146 c.
1338 1115 1433 1155 XIX,
1458 1115 1494 1149 2.

109 1171 150 1204 In
174 1172 278 1217 longe
302 1173 461 1215 plurimis
484 1179 600 1207 tamen
624 1161 723 1207 codd.
750 1174 891 1207 vocilius
914 1174 1105 1207 coniunctis
1129 1175 1254 1215 etiam,
1278 1186 1346 1207 non
1371 1180 1404 1209 et
1420 1177 1493 1209 iam.

107 1232 275 1276 scriptum
311 1237 382 1275 est,
415 1245 507 1277 quae
530 1234 716 1268 diversitas
754 1235 886 1267 nullam
910 1234 982 1267 vim
1007 1235 1115 1269 habet
1137 1235 1180 1268 ad
1204 1238 1360 1268 nostram
1383 1236 1494 1271 ratio-

108 1303 188 1326 nem
223 1292 506 1337 infringendam,
538 1306 646 1338 quum
679 1294 746 1328 ista
777 1294 996 1338 corruptione
1019 1295 1108 1327 nihil
1131 1294 1175 1329 sit
1198 1294 1429 1339 frequentius,
1457 1308 1491 1332 v.

106 1354 369 1388 Drakenborch.
394 1355 437 1387 ad
461 1354 538 1388 Liv.
563 1355 602 1396 1,
626 1353 683 1394 47,
706 1354 740 1387 9.
776 1360 810 1387 et
833 1366 939 1397 supra
964 1367 993 1389 c.
1020 1355 1082 1396 XI,
1106 1355 1139 1388 3.
1187 1355 1241 1388 Ad
1264 1356 1332 1389 hoc
1353 1356 1389 1389 iu
1413 1358 1492 1392 I'at.

106 1412 141 1447 4.
169 1425 232 1458 pro
257 1419 289 1448 et
314 1415 386 1448 iam
411 1419 461 1448 est
486 1421 519 1449 et
542 1416 590 1456 in,
613 1414 700 1448 Min.
726 1419 842 1448 autem
867 1415 900 1450 2.
923 1419 956 1449 et
980 1416 1077 1449 Flor.
1096 1415 1128 1449 1.
1153 1416 1224 1449 iam
1248 1428 1316 1449 non
1339 1417 1492 1460 habent;

105 1485 215 1518 quare
238 1475 462 1517 Gerlachius,
487 1476 522 1509 in
545 1479 618 1509 toto
641 1476 709 1508 hoc
732 1477 810 1509 loco
833 1475 994 1519 imperite
1018 1481 1193 1518 versatus,
1219 1476 1254 1509 in
1279 1477 1490 1515 Commeutt.

105 1547 141 1579 p.
166 1536 246 1570 287.
296 1535 505 1569 Sallustium
531 1535 580 1570 sic
604 1535 781 1579 scripsisse
805 1537 998 1570 contendit:
1026 1538 1266 1582 frequentiam
1290 1540 1490 1583 negotiato-

104 1608 182 1630 rum
205 1603 241 1632 et
264 1601 493 1632 commeatum
515 1598 652 1641 paratis
673 1598 774 1631 rebus
798 1598 1006 1631 munimento
1029 1600 1119 1640 sore.
1166 1599 1348 1632 Postremo
1371 1611 1488 1635 mone-

104 1668 182 1691 mus
213 1658 318 1702 Bipp.
351 1656 499 1690 edidisse
530 1657 637 1691 etiam
668 1659 806 1702 pacatis
829 1670 870 1700 r.‚
903 1658 1078 1691 nonnullis
1111 1664 1228 1693 autem
1253 1660 1491 1703 antiquiorum

102 1715 274 1749 editorum
298 1727 362 1759 pro
382 1719 521 1762 paratis
544 1718 716 1761 placuisse
736 1720 902 1763 patratis,
927 1729 1016 1761 quae
1037 1719 1200 1753 refellere
1222 1732 1290 1754 non
1313 1726 1364 1756 est
1390 1734 1491 1767 opus.

195 1776 230 1820 §.
253 1775 332 1813 3.et
344 1777 377 1811 4.
425 1779 611 1823 impensius
634 1780 748 1823 modo]
773 1779 798 1813 i.
822 1791 853 1816 e.
877 1780 1015 1813 modum
1039 1781 1226 1815 excedebat
1249 1781 1386 1825 legatos
1409 1784 1491 1817 mit-

102 1836 216 1871 tendo.
241 1838 288 1871 cf.
321 1850 351 1872 c.
377 1839 524 1882 Lxxv,
549 1840 582 1873 1.
603 1860 649 1866 —-
681 1841 816 1874 Dedere
838 1840 861 1874 i.
888 1852 919 1875 e.
953 1840 998 1874 ad
1033 1841 1225 1874 dedendum
1260 1852 1297 1874 se
1329 1847 1490 1885 paratum

102 1898 292 1932 ostendere.
341 1899 440 1943 Quae
463 1904 652 1944 sequuntur
674 1902 793 1943 verba,
817 1912 951 1945 pacem,
976 1913 1080 1945 quam
1101 1913 1125 1945 p
1139 1903 1403 1943 estuabat,
1426 1916 1489 1938 ne-

103 1969 168 2002 que
193 1959 363 2000 abnuere,
385 1971 493 2004 neque
516 1961 760 2004 polliceri,
794 1962 888 1994 clare
912 1961 1094 1995 ostendunt
1116 1963 1243 1996 falsum
1268 1975 1342 1996 esse
1358 1989 1369 2007 ,
1395 1966 1488 2007 qnod

103 2019 211 2062 vulgo
236 2019 465 2062 praecipitur,
494 2021 652 2064 polliceri
683 2021 725 2053 de
756 2020 800 2054 iis
831 2020 899 2053 dici
923 2021 982 2064 qui
1007 2033 1072 2054 sua
1096 2028 1216 2065 sponte
1249 2024 1380 2067 aliquid
1405 2027 1488 2070 offe-

103 2083 197 2119 rant,
219 2081 422 2123 promittere
447 2081 490 2113 de
513 2080 569 2121 iis,
593 2079 653 2123 qui
675 2081 795 2126 rogati
820 2081 875 2114 vel
900 2082 1042 2115 invitati
1066 2082 1199 2125 aliquid
1226 2081 1433 2127 ἓοηάίεαπίς
1453 2097 1486 2120 v·

103 2139 302 2173 Doederlin.
326 2140 519 2185 Synonym.
543 2141 619 2175 Lat.
644 2141 720 2174 Vol.
743 2141 799 2174 IV.
823 2153 858 2185 p.
878 2140 956 2175 109.
982 2144 1013 2185 §.
1032 2141 1066 2176 1.
1090 2142 1189 2177 Serv.
1213 2145 1256 2178 ad
1282 2145 1380 2191 virg.
1401 2150 1487 2181 Aen.

102 2199 131 2241 I,
156 2199 235 2233 241.
282 2200 321 2234 In
344 2204 490 2244 utraque
514 2200 606 2236 enim
631 2201 799 2236 sententia
823 2202 892 2235 dici
917 2206 1122 2245 utrumque,
1147 2204 1215 2238 loci
1238 2205 1361 2240 docent
1384 2218 1488 2241 accu-

101 2263 178 2293 rate
208 2259 435 2304 considerati,
468 2261 572 2305 idque
602 2261 674 2296 iam
710 2264 884 2306 perspexit
905 2263 1104 2307 Herzogius
1127 2265 1172 2298 ad
1197 2266 1294 2300 Caes.
1318 2266 1361 2299 B.
1387 2268 1432 2300 G.
1457 2268 1489 2309 Ι,

102 2319 159 2353 16.
183 2331 216 2363 p.
243 2319 300 2354 42.
326 2325 361 2354 et
384 2322 427 2354 ad
451 2321 539 2355 Sall.
563 2323 637 2356 Cat.
662 2334 692 2356 c.
717 2323 845 2364 XLIV,
871 2323 905 2355 2.
931 2335 967 2367 p.
990 2323 1092 2367 223„
1118 2335 1160 2358 ac
1183 2325 1288 2359 simul
1312 2338 1397 2361 vere
1421 2329 1488 2362 ob-

101 2381 277 2423 servavit,
307 2382 463 2425 polliceri
485 2393 553 2415 non
576 2382 649 2417 alia
681 2395 720 2416 re
745 2383 886 2417 differre
908 2394 930 2417 a
951 2385 1171 2428 promittere,
1201 2386 1268 2421 uisi
1291 2388 1383 2431 quod
1407 2400 1485 2423 ma-

100 2439 178 2474 iore
212 2440 250 2474 vi
276 2446 309 2475 et
337 2442 503 2486 graviore
534 2444 788 2478 asseveratione
821 2444 1026 2479 sententiam
1050 2445 1230 2489 enunciet,
1261 2449 1353 2491 quod
1377 2449 1483 2484 etiam

102 2502 237 2536 Donato
261 2503 374 2536 visum
398 2502 442 2536 ad
468 2503 551 2537 Ter.
575 2503 678 2538 Andr.
702 2505 745 2546 11,
769 2505 805 2546 3,
830 2505 885 2538 27.
936 2506 1120 2540 Pollicetur
1143 2506 1254 2552 igitur
1277 2508 1318 2553 is,
1344 2510 1403 2553 qui
1418 2522 1483 2554 pro

101 2567 193 2596 certo
217 2565 374 2606 affirmat
397 2575 433 2597 se
456 2563 492 2596 in
517 2564 665 2598 alicuius
686 2565 840 2610 gratiam
865 2565 998 2609 aliquid
1020 2566 1195 2602 facturum
1213 2593 1223 2612 ,
1245 2571 1417 2613 promittit
1441 2570 1482 2612 is,

103 2622 161 2664 qui
183 2622 384 2665 simpliciter
408 2625 489 2658 dicit
513 2626 569 2658 vel
592 2626 767 2670 significat
791 2632 824 2661 et
847 2627 948 2671 quasi
971 2627 1131 2662 enunciat
1161 2639 1198 2662 se
1221 2630 1327 2664 alicui
1350 2631 1483 2674 aliquid

103 2682 359 2723 praestiturum.
405 2684 594 2729 Utriusque
623 2685 722 2720 verbi
756 2687 829 2721 vim
861 2687 1102 2730 complectitur
1135 2691 1376 2734 germanicum
1405 2703 1482 2725 ver-

104 2742 284 2787 spechen,
308 2743 359 2778 ita
381 2748 517 2786 tamen,
549 2749 590 2781 ut
611 2745 770 2790 proxime
793 2748 937 2783 accedat
958 2748 1004 2783 ad
1027 2761 1165 2784 sensum
1188 2750 1381 2785 dictionum
1403 2763 1482 2785 vcr-
