1630 3034
146 198 230 239 178
520 192 564 235 C.
595 192 912 236 SALLUSTI
944 192 1162 237 CRISPI

114 309 317 357 70cciso
353 309 538 354 Tiberio
573 309 808 367 Graccho,
845 325 982 369 quem
1016 326 1207 371 regnum
1243 327 1406 372 parare
1442 313 1538 357 aie-

146 409 276 464 bant,
310 407 356 450 in
389 406 574 466 plebem
599 407 855 451 Romanam
885 408 1163 465 quaestiones
1199 408 1380 453 habitae
1411 414 1535 462 sunt3

146 509 252 564 post
304 502 358 549 C.
405 502 604 548 Gracchi
647 511 692 548 et
735 501 802 550 M.
841 503 973 548 Fulvi
1017 505 1205 550 caedem
1249 506 1356 550 item
1399 505 1536 551 vostri

147 599 312 645 ordinis
344 600 470 645 multi
503 600 714 646 mortales
749 601 793 644 in
830 608 1009 646 carcere
1044 604 1190 647 necati
1224 609 1336 650 sunt.
1409 601 1538 647 Utri-

149 712 289 756 usque
337 696 474 741 cladis
520 712 610 741 non
654 698 749 756 lex,
797 712 953 742 verum
997 699 1153 744 lubido
1198 713 1356 744 eorum
1400 699 1539 743 finem

115 794 268 841 Sfecit.
339 794 435 839 Sed
472 809 581 853 sane
618 793 751 839 fuerit
792 796 922 855 regni
961 798 1134 857 paratio
1176 797 1301 857 plebi
1348 811 1428 840 sua
1462 810 1538 839 re-

145 972 324 1016 sequentia
347 972 452 1007 item
469 992 513 998 —
533 973 650 1008 necati
666 974 909 1012 sunteandem
928 974 1131 1008 sententiam
1150 975 1316 1009 habeant.
1363 974 1431 1008 Sed
1455 974 1538 1008 item

145 1034 180 1067 h.
206 1034 231 1069 l.
265 1045 333 1068 non
357 1032 602 1078 repetitionem
627 1035 839 1078 praedicati,
866 1035 926 1068 sed
951 1035 1079 1069 obiecti
1104 1035 1299 1080 significan
1325 1046 1408 1068 nam
1432 1034 1540 1069 vostri

144 1095 276 1128 ordinis
299 1095 393 1128 idem
417 1099 470 1128 est
493 1099 598 1138 atque
621 1096 743 1139 paullo
768 1102 849 1129 ante
871 1096 962 1140 pleb.
989 1097 1090 1130 Rom.
1107 1115 1151 1121 —
1175 1097 1230 1130 De
1255 1096 1293 1129 C.
1322 1095 1478 1128 Graccho
1503 1097 1539 1128 et

74 1198 77 1201 Ι
145 1156 196 1190 Μ.
221 1157 344 1189 Fuluio
375 1167 409 1190 v,
445 1157 542 1191 locos
573 1158 619 1191 ad
643 1169 672 1194 c.
689 1157 788 1198 XVI,
813 1157 846 1191 2.
886 1156 1068 1201 ascriptos.
1094 1176 1140 1182 -—
1165 1158 1252 1192 Item
1275 1157 1383 1191 vostri
1407 1155 1539 1190 ordinis

143 1217 246 1250 multi
268 1218 431 1251 mortales
464 1217 500 1251 iu
532 1219 694 1252 omnibus
720 1219 793 1253 fere
817 1219 927 1253 Cottii
951 1223 986 1252 et
1011 1217 1191 1252 Gerlaehii
1215 1218 1313 1251 codd.
1329 1243 1339 1260 ‚
1371 1217 1477 1251 etiam
1500 1215 1538 1249 in

144 1277 249 1312 Misn.
274 1281 308 1312 et
332 1277 480 1314 Goerlit.
503 1285 597 1313 recte
619 1280 772 1325 legitur;
807 1280 981 1314 Gruterus
1012 1279 1107 1313 haud
1132 1279 1238 1312 dubie
1263 1279 1366 1322 lapsu
1390 1288 1454 1311 suo
1478 1279 1539 1310 aut

143 1338 350 1383 typothetae
373 1338 481 1373 edidit
503 1342 610 1375 vestri
634 1341 716 1375 item
740 1353 772 1375 o.
797 1353 844 1375 m.
868 1352 936 1383 m.‚
961 1339 1022 1385 qui
1047 1340 1133 1374 ordo
1157 1340 1346 1373 verborum
1371 1339 1478 1372 etiam
1503 1337 1539 1372 in

143 1399 384 1443 Havercampi
415 1400 497 1435 edit.
529 1402 678 1437 transiit.
726 1403 864 1437 eortius
896 1413 980 1437 vero
1013 1402 1120 1435 Febr.
1154 1401 1190 1435 1.
1223 1400 1258 1434 2.
1293 1403 1328 1434 et
1353 1398 1474 1433 Guelf.
1503 1397 1537 1432 3.

143 1464 284 1494 secutus
306 1461 387 1494 item
413 1463 513 1496 multi
537 1475 569 1496 υ.
596 1476 627 1497 ο.
652 1463 810 1498 exhibuit
833 1463 963 1498 omisso
987 1463 1154 1498 mortales
1175 1459 1332 1499 nomine,
1367 1470 1458 1503 quae
1480 1469 1538 1493 ra·

143 1520 193 1555 tio
229 1521 327 1554 nullu
358 1533 400 1554 ex
435 1526 533 1566 parte
565 1525 841 1559 commendatur.
890 1525 961 1559 Pro
984 1525 1093 1559 vostri
1118 1524 1194 1559 vat.
1218 1523 1258 1557 A.
1283 1522 1392 1556 habet
1415 1521 1537 1564 nostri,

142 1581 235 1624 quod
270 1581 478 1616 Gerlachius
513 1595 638 1627 parum
672 1590 774 1620 acute
808 1589 992 1630 propterea
1025 1584 1164 1626 reiicit,
1203 1583 1297 1627 quod
1336 1581 1537 1623 Memmius,

142 1653 249 1685 quum
282 1641 356 1686 ipse
387 1643 559 1678 libertatis
589 1645 861 1681 studiosissimus
893 1647 1031 1689 plebem
1062 1645 1209 1679 inertiae
1236 1649 1397 1686 accuset,
1439 1653 1538 1677 suam

143 1703 187 1736 ab
220 1703 358 1736 illorum
390 1714 514 1738 caussa
548 1718 756 1753 segregasse
786 1707 966 1751 putandus
997 1707 1054 1739 sit.
1115 1704 1186 1738 Sed
1219 1704 1336 1748 potius
1366 1715 1408 1737 eo
1444 1703 1538 1736 solos

143 1763 297 1807 plebeios
333 1764 490 1799 oratione
521 1768 805 1812 comprehendit,
841 1772 879 1802 ut
909 1777 1032 1802 eorum
1068 1765 1343 1810 indignationem
1378 1769 1414 1798 et
1446 1764 1537 1798 iram

142 1824 258 1859 acrius
282 1825 428 1867 excitet3
453 1837 487 1863 V.
510 1828 543 1869 §.
558 1828 590 1862 6.
615 1831 706 1863 Rem
731 1828 836 1863 tradit
857 1828 969 1862 ⁴etium
986 1826 1136 1871 Appiun.
1160 1827 1204 1859 de
1228 1825 1270 1858 B.
1296 1825 1334 1859 C.
1349 1824 1378 1859 I.
1403 1836 1436 1868 p.
1453 1824 1537 1860 366.

143 1886 181 1920 C.
218 1886 272 1922 ed.
295 1887 343 1920 H.
375 1886 497 1931 steph.
531 1890 605 1925 Καὶ
630 1890 718 1931 τούς
743 1887 1079 1935 συμφρονήσαντας
1102 1884 1122 1924 ὁ
1145 1885 1322 1930 Ὀπίμιος
1347 1884 1537 1931 συλλαβών

143 1946 180 1987 ἐς
203 1945 272 1992 τὴν
297 1946 470 1992 φυλακήν
493 1946 642 1996 ἐνέβαλέ
665 1963 703 1986 τε
727 1951 788 1986 καὶ
814 1948 1076 1994 α’ποπνυγῆναι
1103 1945 1314 1992 προσέταξε.

236 2009 271 2050 S.
294 2008 329 2043 8.
364 2020 431 2042 sua
454 2012 655 2057 restituere]
689 2012 834 2055 Aliquot
858 2012 959 2045 codd.
985 2011 1117 2044 habent
1141 2020 1207 2042 sua
1231 2009 1331 2042 iura
1355 2011 1459 2049 rest,
1492 2018 1535 2040 ex

145 2072 268 2111 apertu
300 2069 578 2113 interpolatione.
602 2091 647 2099 —-
690 2074 864 2118 Nequitur
896 2076 949 2106 est
984 2072 1019 2105 in
1052 2070 1188 2104 duobus
1220 2068 1342 2110 Rivii,
1376 2067 1538 2112 pluribus

144 2128 310 2171 Wnssiii‚
348 2130 534 2174 Beronum,
565 2133 661 2168 Leid.
686 2135 727 2169 L.
751 2136 834 2171 Son.
856 2134 891 2168 1.
916 2135 998 2168 an.
1025 2133 1058 2167 1.
1092 2131 1209 2165 Gueif.
1234 2129 1268 2164 2.
1294 2129 1327 2163 3.
1352 2129 1386 2163 4.
1410 2140 1457 2163 m.
1483 2140 1535 2172 pr.

144 2189 222 2224 vin.
246 2190 280 2224 1.
305 2190 426 2225 Sen.2.
452 2192 579 2228 Heuss.
596 2195 717 2231 Guell'.
735 2195 767 2230 1.
791 2196 894 2228 Rem.
911 2193 946 2227 2.
967 2192 1071 2226 Misn.
1089 2191 1232 2226 Relicui
1256 2191 1372 2235 nequit
1396 2190 1536 2224 hubent.

144 2251 197 2284 De
222 2252 361 2294 passivo
383 2253 483 2286 verbi
507 2266 635 2300 nequeo
662 2257 778 2290 formu
802 2266 836 2289 v.
862 2255 985 2289 Festus
1009 2252 1144 2297 p.·106.
1169 2256 1204 2286 et
1227 2251 1307 2285 ΓΠ.
1332 2251 1387 2285 ed.
1410 2250 1537 2285 Linde-

144 2321 258 2345 mann·
285 2313 358 2356 (=
375 2325 409 2357 p.
427 2312 507 2348 127.
536 2319 572 2349 et
594 2315 674 2350 333.
707 2316 762 2350 ed.
788 2315 955 2349 Gothofr.
986 2325 1019 2348 a.
1045 2312 1170 2357 1595.)
1206 2312 1266 2356 qui
1300 2313 1388 2346 haec
1418 2311 1538 2346 laudet

144 2370 308 2406 Pacuvii:
335 2373 403 2407 Sed
419 2386 521 2418 quum
537 2377 696 2410 contendi
712 2377 958 2421 nequitum,
975 2379 1014 2408 ut
1031 2375 1123 2408 olam
1142 2373 1319 2408 tendenda
1335 2377 1386 2406 cst
1399 2373 1536 2416 plag⁰3

141 2435 177 2465 ot
201 2433 317 2467 Plauti
342 2445 384 2467 ex
405 2435 613 2479 Satyrione:
650 2436 799 2471 Retrahi
831 2437 1084 2482 nequitum,
1117 2446 1248 2480 quoquo
1271 2444 1460 2479 progressa
1484 2422 1537 2466 a}

143 2495 267 2534 κηκὶς
290 2500 324 2528 et
340 2495 480 2530 Catonis
504 2507 544 2530 ex
563 2496 690 2542 origg.
709 2499 734 2532 Ι.
761 2499 870 2543 (vett.
887 2498 1039 2532 Historr.
1054 2497 1238 2541 Fragmm.
1256 2497 1300 2537 Χ,
1325 2495 1380 2529 11.
1406 2506 1439 2539 p.
1453 2492 1534 2528 8⁴15.

143 2553 198 2587 ed.
214 2554 437 2600 Frotsclwr.)
464 2557 562 2599 Quod
578 2559 739 2593 Termino
754 2563 882 2602 sanum
894 2561 982 2602 suit,
999 2559 1036 2592 id
1054 2558 1284 2602 nequitum
1309 2555 1535 2600 exaugurari.

145 2613 280 2649 Lucret.
307 2617 343 2658 Ι,
376 2616 479 2651 1045.
516 2619 606 2652 Dum
630 2622 773 2655 veniant
803 2622 896 2654 oliae
921 2632 962 2654 uc
986 2621 1141 2664 suppleri
1163 2629 1297 2652 summa
1322 2621 1531 2661 quentur.

145 2674 260 2709 mant.
286 2677 379 2711 liud.
399 2679 454 2719 lv,
480 2677 514 2719 4,
537 2680 596 2713 20.
628 2682 671 2714 Ut
695 2682 910 2726 nequitur
934 2680 1127 2725 comprimi.
1159 2679 1209 2712 ld.
1228 2679 1335 2711 Percu
1349 2677 1392 2717 ΙΙ,
1417 2676 1452 2717 2,
1477 2675 1532 2709 12.

147 2735 236 2768 Nec
259 2737 375 2783 subigi
398 2746 622 2782 queantur
646 2754 807 2786 unquam.
833 2743 915 2775 Ter.
939 2742 1070 2786 Πρω-ι’,
1096 2740 1163 2781 lv,
1190 2740 1230 2779 1,
1255 2738 1310 2773 57.
1347 2738 1472 2771 Forma
1495 2737 1530 2769 in

142 2795 289 2829 tenebris
312 2799 405 2830 uesci
427 2810 509 2832 non
534 2802 660 2844 quito
685 2808 762 2836 esi.
788 2802 833 2836 ci.
860 2801 1028 2835 vechner-i
1055 2799 1227 2834 nellouofl.
1253 2799 1289 2839 Ι,
1319 2798 1349 2832 1.
1382 2808 1411 2829 e.
1436 2795 1469 2829 8.
1495 2806 1530 2839 p.
