1630 3034
430 129 791 175 IUGURTHA.
850 131 976 174 CAP.
1009 129 1184 174 XXXI.
1419 135 1502 176 193

115 247 372 309 respublica
406 248 570 293 venalis
606 248 700 294 fuit.
771 247 901 303 Quae
934 247 1014 292 nisi
1045 247 1244 306 quaesita
1280 255 1419 312 erunt,
1455 250 1567 295 ni26

116 345 386 389 vindicatum
431 346 476 389 in
522 344 698 401 noxios,
752 345 861 403 quid
908 345 988 401 erit
1033 345 1274 403 relicuum,
1329 346 1407 389 nisi
1452 352 1501 390 ut

113 441 213 497 illis,
250 443 324 501 qui
355 458 408 486 ea
435 442 598 496 fecere,
631 440 888 485 obedientes
917 441 1147 485 vivamus?
1182 457 1286 486 nam
1318 443 1500 503 impune

115 539 343 596 quaelibet
377 538 528 582 facere
557 537 604 581 id
633 543 699 581 est
724 553 881 597 regem
913 553 1021 582 esse.
1092 539 1253 597 Neque
1285 554 1374 599 ego
1405 545 1566 598 vos‚27

116 635 339 693 Quirites,
382 634 562 691 hortor,
607 640 655 678 ut
698 634 857 678 malitis
905 634 1007 678 civis
1051 641 1222 679 vostros
1258 651 1500 696 perperam

113 746 248 789 quam
283 737 405 776 recte
441 731 625 788 fecisse,
668 731 749 775 sed
792 746 848 775 ne
882 730 1159 791 ignoscendo
1195 733 1319 776 malis
1355 733 1499 777 bonos

113 828 341 888 perditum
379 828 498 872 eatis.
570 827 644 872 Ad
670 827 759 872 hoc
792 827 838 870 in
867 828 1102 887 republica
1131 829 1271 872 multo
1301 836 1499 889 praestat
1508 840 1564 880 28

112 925 305 969 benefici
359 940 495 982 quam
549 925 742 969 malefici
792 924 1099 969 immemorem
1163 941 1290 978 esse3
1355 928 1500 972 bouus

113 1022 424 1066 tantummodo
461 1022 641 1081 segnior
675 1022 726 1065 fit
761 1021 837 1065 ubi
872 1022 1112 1083 neglegas,
1156 1028 1201 1065 at
1236 1023 1376 1067 malus
1413 1024 1501 1068 im-

113 1155 167 1188 vit
198 1155 274 1189 eod.
301 1155 447 1190 Ecoerd.
473 1154 612 1189 Relicui
637 1155 770 1188 aerarii
792 1154 933 1188 habent.
964 1174 1009 1180 —
1042 1155 1130 1189 Sunt
1154 1158 1233 1199 post
1254 1158 1385 1201 gravia
1406 1157 1501 1192 deest

112 1213 149 1247 in
174 1215 292 1248 Guelf.
317 1215 374 1248 10.
402 1216 572 1250 Probavit
597 1215 744 1250 Cortius.
769 1235 813 1239 —
838 1215 952 1249 Verba
976 1215 1067 1249 hosti
1089 1227 1266 1250 acerrumo
1291 1221 1356 1251 etc.
1381 1228 1501 1252 omues

114 1275 264 1309 editores
287 1276 380 1308 male
412 1280 538 1320 puncto
563 1288 584 1311 a
608 1276 823 1321 praegressis
855 1277 1110 1319 disiunxerunt,
1141 1288 1210 1312 non
1234 1277 1390 1312 videntes
1412 1279 1501 1313 haee

114 1336 266 1370 alteram
285 1347 433 1379 eamque
455 1337 714 1371 adversativam
739 1337 927 1371 sententiae
951 1342 1086 1381 partem
1111 1337 1297 1379 continere,
1323 1343 1444 1383 suapte
1464 1338 1503 1374 vi

113 1396 187 1430 sine
210 1397 426 1431 adversativa
447 1397 621 1440 particula
643 1398 816 1441 prioribus
833 1398 1041 1442 oppositam.
1066 1399 1112 1433 cf.
1133 1399 1235 1432 Catil.
1250 1399 1331 1440 LII,
1356 1399 1390 1434 6.
1420 1401 1499 1434 Non

113 1458 237 1502 agitur
260 1458 302 1491 de
325 1458 568 1503 vectigalibus,
592 1470 700 1503 neque
722 1459 764 1492 de
788 1459 954 1492 sociorum
978 1459 1135 1499 iniuriis;
1159 1460 1300 1493 libertas
1323 1464 1358 1494 et
1382 1460 1502 1494 anima

111 1523 233 1553 metra
257 1519 292 1552 in
317 1519 420 1552 dubio
441 1523 509 1561 est,
535 1518 595 1562 qui
617 1519 713 1553 locus
741 1530 807 1552 nou
831 1530 899 1553 uno
923 1519 1062 1553 nomine
1084 1520 1193 1554 nostri
1215 1520 1417 1555 simillimus
1440 1527 1502 1556 est.

205 1581 237 1621 ἓ.
262 1578 319 1614 26.
367 1580 435 1614 nisi
458 1580 690 1624 vindicatum]
723 1581 793 1614 Pro
817 1581 885 1614 nisi
908 1580 1009 1624 pauci
1038 1580 1135 1614 codd.
1160 1581 1290 1614 habent
1313 1582 1372 1622 ni,
1407 1581 1500 1625 quod

112 1640 341 1682 Gerlachius,
363 1640 445 1674 licet
469 1639 502 1673 in
531 1643 626 1674 textu
649 1642 717 1675 nisi
739 1641 930 1683 retinuerit,
957 1640 992 1674 in
1017 1641 1226 1674 Commeutt.
1251 1652 1285 1684 p.
1307 1640 1388 1675 264.
1415 1653 1502 1685 pro-

111 1702 190 1744 bat,
215 1712 257 1736 ac
280 1713 415 1740 rursus,
448 1699 499 1734 uti
522 1701 628 1742 solet,
660 1700 696 1734 in
727 1701 864 1735 minore
896 1701 948 1734 ed.
979 1700 1167 1744 improbat.
1207 1702 1317 1736 Recte
1347 1702 1501 1745 quidem.

111 1762 200 1797 Nam
231 1775 294 1797 cur
327 1763 426 1796 codd.
452 1761 832 1805 praestantissimorum
866 1761 1025 1796 omnium
1049 1762 1295 1796 auctoritatem
1319 1762 1355 1795 in
1379 1762 1440 1796 tali
1463 1774 1502 1796 re

110 1823 256 1857 minoris
279 1823 485 1865 habeamus,
509 1834 614 1866 quam
637 1834 765 1867 paucos
789 1822 904 1857 minus
928 1823 1105 1867 probatos,
1129 1823 1289 1866 equidem
1312 1834 1380 1857 non
1397 1823 1501 1858 intel-

111 1884 198 1929 ligo.
237 1883 358 1917 Cortio
382 1884 447 1918 erit
470 1884 664 1928 expellenti,
691 1883 783 1927 quod
801 1885 1044 1918 tantummodo
1060 1883 1096 1917 in
1115 1884 1233 1917 Guelf.
1248 1882 1301 1918 10.
1320 1887 1353 1916 et
1365 1883 1441 1918 Vat.
1458 1883 1501 1918 A.

114 1945 231 1986 deest,
260 1945 467 1979 Gerlachius
491 1945 527 1978 in
551 1945 759 1979 Commentt.
785 1945 808 1978 l.
833 1945 856 1977 l.
880 1944 1082 1987 assentitur,
1118 1955 1221 1988 quem
1246 1954 1425 1977 assensum
1450 1947 1499 1977 te-

113 2005 302 2038 merarium
338 2005 446 2039 fuisse
476 2005 549 2048 ipse
583 2004 734 2038 editione
767 2004 849 2039 min.
884 2005 1085 2038 declaravit.
1133 2004 1221 2038 Nam
1245 2004 1287 2036 de
1310 2003 1500 2038 omittendo

114 2065 223 2098 verbo
247 2069 323 2098 tum
347 2069 482 2098 tantum
507 2064 657 2109 cogitari
680 2069 810 2108 posset,
849 2065 878 2098 si
902 2065 938 2098 iu
963 2065 1120 2108 pluribus
1153 2064 1250 2098 codd.
1277 2064 1429 2107 deesset,
1463 2065 1499 2099 in

111 2125 194 2160 aliis
218 2126 333 2158 locum
357 2128 526 2166 mutaret,
550 2125 583 2158 in
607 2125 687 2159 aliis
711 2136 794 2157 vero
820 2130 868 2159 est
892 2125 1078 2169 legeretur,
1104 2125 1193 2168 quod
1219 2136 1281 2168 pro
1306 2130 1410 2169 captu
1435 2137 1499 2161 suo

111 2186 243 2230 scribas
266 2186 422 2219 intulisse
444 2185 610 2218 crederes.
645 2185 763 2227 Quare
785 2185 918 2218 nullam
944 2185 985 2218 ad
1011 2186 1249 2228 expellendum
1271 2187 1415 2220 verbum
1434 2197 1498 2220 au-

113 2246 309 2281 ctoritatem
333 2247 440 2280 habet
464 2246 560 2280 loeus
585 2257 605 2280 a
631 2245 750 2279 Cottio
774 2247 945 2287 laudatus,
971 2246 1048 2290 Ing.
1066 2246 1191 2287 xxiv,
1217 2244 1249 2278 8.
1285 2245 1384 2279 cuius
1408 2258 1498 2290 quae

111 2307 202 2342 ratio
226 2307 271 2341 sit
294 2306 344 2340 ibi
368 2305 529 2341 diximus.
545 2325 585 2330 -—-
612 2306 814 2340 Obedicntes
839 2307 1042 2339 vivamus
1068 2307 1206 2340 Curtius
1230 2307 1333 2350 „plus
1357 2311 1420 2349 est,
1445 2307 1499 2340 in-

112 2368 200 2412 quit,
223 2379 328 2412 quam
351 2367 446 2400 obed.
471 2367 628 2407 simus,
651 2370 685 2400 et
697 2366 964 2410 perpetuitatem
981 2367 1085 2400 simul
1098 2368 1276 2401 denotat.“
1302 2366 1429 2401 Sensus
1446 2371 1498 2402 est

112 2429 223 2474 igitur
244 2440 305 2473 per
328 2433 436 2461 totam
456 2427 564 2460 vitam
580 2426 774 2462 obedientes
790 2428 906 2461 simus.
921 2429 976 2462 lta
989 2428 1117 2460 Auson.
1139 2426 1263 2471 Epigr.
1277 2428 1497 2462 Lxxxvlu.

114 2490 366 2529 Iurisconsulto,
392 2488 447 2521 cui
470 2487 584 2521 vivit
610 2488 828 2521 adultera
854 2489 986 2528 coniux,
1013 2488 1123 2531 Papia
1141 2488 1194 2521 lex
1211 2489 1356 2532 placuit.
1382 2489 1497 2524 Plaut.

113 2551 238 2584 Casina
261 2551 311 2591 ll,
336 2549 378 2591 8,
401 2548 457 2582 55.
498 2549 589 2581 malo
622 2548 737 2582 hercle
771 2553 883 2582 vostro
918 2554 993 2582 tam
1026 2549 1210 2582 vorsuti
1241 2549 1418 2583 vivitis.
1453 2568 1495 2573 —-

117 2611 359 2654 Quaelibet
384 2609 520 2643 Cor-tius
545 2620 611 2641 non
635 2608 718 2644 satis
745 2610 927 2642 commode
951 2609 1126 2643 disiunxit.

203 2671 299 2713 §.21
313 2670 422 2705 —29.
448 2682 516 2711 vos,
541 2670 702 2713 Quirites]
736 2670 801 2703 Vos
820 2670 914 2704 deest
935 2670 969 2704 in
989 2668 1151 2704 Gneffii.
1164 2672 1197 2703 et
1207 2669 1290 2702 Ven.
1303 2668 1335 2704 1.
1360 2667 1502 2702 Delevit

115 2731 264 2775 eortius,
289 2731 392 2775 idque
408 2730 598 2766 Gerlachio
623 2730 657 2765 in
679 2731 876 2767 Ceunuwntt
914 2731 1040 2774 [nZGrl.
1067 2741 1129 2773 pro
1154 2729 1282 2775 insigni
1307 2741 1369 2763 suo
1393 2740 1499 2763 venu-

182 2804 236 2848 ΙΙ.
1161 2801 1225 2844 13
