1630 3034
356 191 718 236 IUGURTHA.
779 189 909 233 GAP.
938 189 1133 232 xcvm.
1340 192 1421 233 521

45 308 182 353 modo
217 308 524 353 loborantibus
560 310 645 353 suis
681 322 952 361 succurrere,
988 298 1125 350 modo
1161 304 1426 363 hostis,‘ubi

46 405 368 449 confertissumi
404 405 693 461 obstiterant,
738 400 971 456 invadere3
1022 419 1154 447 manu
1194 403 1428 447 consulere

44 502 268 559 militibus,
304 503 514 561 quoniam
544 503 767 562 imperare
803 500 1072 544 conturbatis
1100 500 1305 544 omnibus
1335 515 1426 544 non

43 605 230 660 poterat.
301 599 489 658 Iamque
533 598 625 643 dies
672 603 955 658 consumptus
1002 603 1120 656 erat,
1174 612 1313 656 quum
1357 603 1462 644 iza-2

136 723 170 764 §.
193 720 228 754 2.
262 720 405 764 Iamque
440 720 512 753 dies
544 725 760 764 consumptus
790 720 880 763 erat]
915 719 1013 752 Haec
1036 719 1145 752 verba
1167 718 1298 752 iustum
1320 718 1428 752 hexa-

42 782 147 816 metri
177 781 317 815 iuitium
350 780 488 814 efficere
520 780 593 814 iam
626 780 824 815 observavit
860 780 1068 815 Glareanus.
1125 779 1194 813 Sed
1228 778 1428 815 dimidiatos

42 854 162 876 versus
186 842 359 875 interdum
383 841 529 885 reperiri
552 852 620 875 non
645 845 696 875 est
718 841 859 882 mirum,
885 853 992 885 quum
1017 841 1104 874 adeo
1129 839 1256 883 integri
1277 839 1428 882 scripto-

41 903 139 937 ribus
170 902 380 944 exciderint3
411 914 445 938 v,
472 904 513 936 ad
540 903 614 937 Cat.
639 903 744 944 xlx,
769 902 803 937 5.
836 902 955 946 ibique
978 900 1222 936 notatis'adde
1246 899 1427 943 Spalding.

41 963 87 998 nd
110 962 255 1006 Quintil.
281 963 342 1003 lx,
366 963 401 1006 4,
426 963 484 998 52.
510 963 648 997 Noiten.
673 964 754 998 Lex.
779 963 958 997 Antibarb.
985 974 1018 1006 p.
1040 961 1146 995 1800.
1185 982 1231 987 —
1268 960 1430 994 Structu-

41 1035 102 1058 rae
125 1035 254 1068 quum
278 1029 395 1059 tamen
424 1025 566 1057 barbari
589 1024 677 1057 nihil
704 1026 946 1058 remittere
970 1023 1062 1057 ratio
1086 1022 1207 1056 eadem
1231 1022 1294 1062 est,
1323 1031 1430 1063 quam

41 1084 224 1129 tetigimus
252 1085 296 1118 ad
332 1096 362 1121 c.
397 1086 476 1127 XII,
510 1085 543 1119 5.
576 1097 609 1129 p.
640 1083 711 1127 64„
742 1085 810 1119 nisi
842 1084 934 1128 quod
958 1081 1137 1117 indicativi
1161 1079 1349 1124 praesentis
1373 1080 1431 1114 vel

40 1145 188 1190 perfecti
220 1145 298 1179 loco
332 1145 524 1180 infinitivus
557 1145 745 1179 historicus
783 1145 915 1190 positus
951 1148 1023 1191 est,
1061 1154 1129 1187 quo
1164 1141 1262 1175 illius
1294 1141 1431 1182 turbae,

42 1206 166 1240 multis
195 1217 314 1240 rerum
345 1206 640 1240 vicissitudinibus
671 1206 846 1251 agitatae,
880 1209 1002 1240 natura
1036 1203 1187 1238 vividius
1211 1201 1430 1235 describitur.

41 1268 148 1301 Hunc
181 1266 346 1301 infinitivi
382 1278 482 1301 usum
516 1267 669 1310 primus,
704 1271 743 1301 ut
773 1268 929 1309 videtur,
963 1264 1149 1300 Sallustius
1171 1263 1238 1297 sibi
1261 1262 1431 1306 permisit,

42 1328 226 1372 aliquoties
249 1328 392 1371 Livius,
418 1328 554 1373 saepius
578 1327 734 1362 Tacitus.
760 1328 806 1361 cf.
834 1327 910 1363 Liv.
938 1328 982 1371 ΙΙ,
1008 1326 1066 1367 27,
1090 1326 1124 1362 1.
1165 1324 1278 1357 fictor
1302 1327 1353 1357 tot
1375 1323 1429 1355 ²¹⁷1-

14 1436 18 1438 *
41 1393 100 1435 tra
120 1401 252 1434 paucos
282 1390 356 1424 dies
392 1390 488 1423 bellis
521 1389 700 1422 Romanus
730 1389 898 1432 promissa
923 1376 1070 1421 consulis
1084 1385 1263 1430 fidemque
1287 1386 1430 1416 senatus

43 1451 283 1497 exspectabat,
316 1461 447 1495 quum
478 1450 609 1494 Appius
637 1466 680 1476 -
712 1449 764 1482 ius
788 1450 830 1482 de
856 1449 995 1483 creditis
1017 1445 1170 1492 pecuniis
1193 1445 1356 1477 dicere.
1381 1441 1429 1474 id.

42 1511 97 1552 lv,
124 1510 182 1553 51,
207 1511 241 1546 4.
268 1512 385 1544 Iacere
409 1511 544 1544 tamdiu
567 1511 691 1544 irritas
714 1511 928 1550 sanctiones,
965 1520 1054 1554 quae
1088 1508 1130 1541 de
1153 1507 1224 1540 suis
1248 1503 1431 1538 commodis

35 1574 237 1615 ferrentur,
271 1583 402 1616 quum
432 1571 616 1605 interim
645 1571 688 1605 de
715 1571 886 1617 sanguine
911 1575 945 1604 et
968 1568 1133 1613 supplicio
1157 1577 1217 1599 suo
1243 1566 1354 1598 latam
1380 1565 1430 1597 le-

40 1643 122 1678 gem
147 1632 329 1674 confestim
354 1632 564 1666 exerceri
595 1637 630 1667 et
652 1637 790 1666 tantam
821 1632 891 1665 vim
921 1631 1110 1669 habere;
1142 1626 1205 1660 nbi
1232 1623 1432 1659 Gronovius

42 1693 189 1727 contulit
213 1693 269 1736 1'1,
292 1691 350 1735 27,
374 1692 407 1727 6.
446 1693 584 1738 Fugere
607 1697 763 1726 senatum
787 1697 910 1734 testes,
941 1692 1080 1726 tabulas
1102 1688 1278 1734 publicas,
1312 1696 1432 1720 census

41 1755 222 1799 cuiusque,
250 1773 296 1778 —
329 1765 463 1798 quum
492 1754 682 1788 interim
705 1755 907 1788 obaeratam
931 1752 1063 1797 plebem
1087 1747 1326 1783 obiectari
1352 1746 1432 1779 aliis

42 1820 146 1859 atque
176 1815 258 1848 aliis
290 1815 452 1849 hostibus.
486 1814 604 1848 Tacit.
640 1814 780 1848 Anuau.
814 1814 860 1854 11,
891 1813 949 1852 31,
972 1813 1006 1846 l.
1048 1810 1263 1855 cingebatur
1289 1807 1431 1841 interim

40 1877 151 1910 milite
175 1876 318 1919 domus,
349 1893 390 1899 —
418 1886 544 1920 quum
569 1875 654 1909 Libo
679 1894 721 1901 -
748 1884 920 1908 vocare
940 1882 1183 1916 percussorem,
1205 1878 1431 1922 prensare

41 1949 214 1972 servorum
239 1937 399 1977 dextras,
435 1936 645 1969 inserere
675 1935 849 1980 gladium.
876 1934 918 1975 11,
943 1932 1000 1973 40,
1026 1932 1060 1965 1.
1099 1931 1319 1976 Vulgabatur
1343 1930 1432 1962 inte-

42 1998 108 2031 rim
128 2009 193 2042 per
216 1997 358 2031 Italiam
382 1989 556 2030 seruatum
578 2006 718 2029 munere
742 1995 843 2029 deum
868 1994 1078 2039 Agrippam,
1103 2002 1226 2037 quum
1258 1990 1432 2023 Tiberium

43 2069 168 2102 anceps
202 2068 286 2091 cura
317 2057 521 2091 trahere.
546 2056 603 2097 IV,
628 2055 685 2097 50,
709 2057 742 2091 4.
779 2055 970 2101 Ing-ruebat
1003 2066 1069 2087 nna·
1101 2053 1215 2086 nimbo
1249 2056 1360 2093 atrox,
1387 2068 1432 2076 -

43 2130 169 2164 quum
205 2119 356 2152 Sabinus
391 2116 654 2158 circumire,
696 2117 882 2150 hortari
915 2120 982 2151 etc.
1017 2115 1083 2155 vl,
1117 2113 1181 2154 44,
1213 2112 1248 2146 2.
1290 2113 1432 2155 Iamque

42 2181 154 2213 multa
175 2190 283 2212 manu
303 2179 501 2223 propinqua
527 2178 706 2212 Seleuciae
730 2177 954 2219 adventabat,
980 2187 1109 2221 quum
1136 2174 1312 2208 Tiridates
1337 2172 1432 2205 dis-

44 2240 174 2274 trahi
207 2239 366 2273 consiliis.
402 2239 461 2279 XI,
485 2238 541 2281 34,
567 2238 599 2272 2.
638 2239 714 2271 Iam
740 2243 815 2272 erat
840 2239 875 2271 in
897 2241 1038 2281 aspectu
1063 2235 1279 2275 Messallina,
1306 2243 1431 2277 quum

45 2302 308 2346 obstrepere
331 2305 521 2334 accusator.
546 2299 638 2340 xlv,
663 2298 697 2340 5,
721 2300 753 2332 1.
797 2299 867 2333 Nec
891 2299 1036 2332 multum
1061 2301 1138 2331 erat
1158 2305 1344 2346 progressa
1368 2304 1433 2326 na-

45 2362 110 2403 vis,
134 2381 177 2386 —-
212 2372 340 2406 qaum
374 2361 458 2394 dato
488 2361 588 2405 signo
621 2371 755 2394 ruere
785 2365 911 2394 tectum
944 2359 1018 2392 loci.
1051 2357 1182 2391 Hister.
1215 2354 1277 2396 111,
1309 2353 1367 2395 31,
1397 2353 1432 2386 1.

47 2423 123 2456 Iam
147 2422 301 2466 legiones
323 2421 360 2454 in
381 2421 588 2454 testudinem
621 2421 927 2465 glomerabantur,
960 2430 1091 2464 quum
1125 2419 1433 2460 languescere

45 2483 232 2529 paullatim
274 2482 539 2515 Vitellianorum
573 2482 689 2515 animi.
729 2481 780 2515 Ad
812 2481 957 2514 eandem
991 2478 1204 2522 analogiam,
1233 2476 1292 2510 sed
1315 2479 1434 2509 tamen

47 2544 167 2589 paullo
206 2542 373 2577 audacius
412 2545 446 2575 et
484 2542 520 2575 in
557 2540 629 2575 alia
660 2540 943 2575 enunciationum
975 2538 1250 2574 conformatione
1285 2537 1433 2571 Tacitus

47 2603 224 2638 coniunxit
255 2604 314 2637 ubi
342 2607 375 2637 et
404 2608 586 2648 postquam
618 2613 698 2636 cum
732 2602 927 2646 infinitivo‚·
962 2599 1006 2633 cf.
1038 2599 1127 2633 Anu.
1157 2599 1202 2641 11,
1235 2599 1270 2641 4,
1293 2599 1327 2633 2.
1365 2599 1435 2633 Sed

49 2667 123 2700 ubi
145 2665 368 2699 minitari
392 2665 601 2698 Artabanus.
626 2664 702 2706 xil,
723 2662 780 2704 51,
804 2663 837 2695 1.
869 2661 951 2694 Ubi
975 2660 1107 2705 quati
1129 2665 1246 2695 uterus
1269 2665 1302 2694 et
1326 2661 1434 2693 visce-

49 2738 91 2760 ra
112 2727 305 2761 vibrantur.
327 2725 387 2767 111,
412 2724 470 2765 26,
495 2724 529 2758 2.
571 2723 812 2768 Postquam
845 2722 946 2755 exui
975 2721 1189 2766 aequalitas,
1215 2724 1247 2754 et
1269 2731 1333 2764 pro
1358 2731 1433 2752 mo-

51 2787 162 2821 destia
197 2798 238 2822 ac
268 2787 399 2832 pudore
433 2786 574 2819 ambitio
609 2789 643 2820 et
670 2785 720 2818 vis
744 2783 935 2817 incedebat.
963 2801 1006 2807 —
1044 2782 1155 2827 Atque
1179 2781 1339 2826 adiungit
1359 2791 1435 2814 rem
