1630 3034
447 155 818 199 IUGURTHA.
877 154 1006 198 CAP.
1035 153 1170 197 LXII.
1425 156 1510 197 335

122 275 299 336 potiora
331 274 529 329 duceret,
557 269 780 317 interdum
806 287 960 317 secum
986 271 1082 331 ipse
1113 275 1354 331 reputaret,
1375 284 1509 330 quam

121 373 270 432 gravis
319 386 444 416 casus
494 371 538 415 in
583 371 810 415 servitium
863 381 925 413 ex.
963 382 1108 429 regno
1153 367 1306 426 foret,
1363 368 1508 413 multis

120 469 381 529 magnisque
414 467 644 528 praesidiis
679 467 977 526 nequicquam
1008 465 1196 526 perditis
1236 465 1295 510 de
1330 465 1506 526 integro

120 623 143 658 i.
169 635 199 658 e.
223 635 244 658 a
267 622 428 668 pontifice
451 624 533 657 dum
557 634 635 657 eam
659 623 754 667 capit
781 633 850 657 am.
874 633 957 667 app.
1005 621 1139 666 Quodsi
1162 621 1240 664 his,
1273 631 1362 664 quae
1385 618 1506 654 multis

118 684 242 730 augeri
266 686 426 728 possunt,
451 683 653 728 analogiam
671 684 846 728 quandam
870 683 967 717 effici
990 682 1211 724 concesseris,
1232 681 1338 715 fidem
1362 681 1508 724 fortasse

117 756 186 779 non
216 744 348 779 habeas
380 744 590 786 Gerlachio,
624 745 714 778 haec
746 749 922 789 postrema
951 744 1131 788 exempla,
1163 753 1246 777 nam
1277 742 1347 777 tria
1368 745 1504 777 tantum

116 806 232 845 habet,
255 817 319 849 pro
343 805 548 840 certissimis
569 806 729 850 passivae
751 805 932 850 potestatis
956 804 1172 839 documentis
1194 802 1372 838 iudicanti.
1402 802 1506 846 Quod

116 866 209 900 idem
232 877 275 900 ex
298 866 396 901 Caes.
418 866 462 900 Β.
487 866 530 900 G.
555 867 614 908 vl,
637 867 671 908 2,
694 866 728 903 3.
756 866 886 900 affert:
921 867 1070 900 Senones
1093 866 1150 900 ad
1181 865 1390 910 imperem
1405 864 1504 898 dum

115 938 183 961 non
205 927 345 969 venire,
369 925 465 971 turpi
491 927 706 972 negligentia
728 928 860 962 factum
884 930 957 969 est;
991 938 1074 970 nam
1095 926 1146 961 ibi
1170 937 1290 961 omnes
1311 925 1411 960 codd.
1436 925 1504 958 ha-

115 987 197 1022 bent
221 989 270 1022 ad
293 988 512 1032 imperatum.
558 989 678 1034 Magis
699 1001 781 1023 cum
810 987 976 1023 Sallustio
1010 987 1172 1035 convenit
1195 987 1371 1022 Ciceronis
1393 986 1503 1028 locus,

115 1047 208 1093 Epp.
233 1048 279 1082 ad
300 1048 439 1083 Famm.
464 1050 525 1089 IX,
547 1049 607 1092 25,
631 1050 666 1084 3.
694 1054 734 1084 ut
757 1060 779 1084 a
809 1048 1053 1095 grammaticis
1077 1049 1171 1083 male
1203 1048 1420 1089 intellectus,
1449 1046 1503 1080 ita

114 1108 161 1143 ad
183 1112 338 1143 nostram
360 1110 566 1146 sententiam
588 1111 796 1145 firmandam
827 1109 1045 1154 aptissimus=
1088 1109 1191 1143 Nunc
1221 1109 1305 1143 ades
1337 1108 1394 1142 ad
1423 1107 1502 1141 im·-

112 1171 391 1215 perandum,
414 1173 470 1206 vel
502 1171 558 1205 ad
586 1172 837 1216 parendum
859 1172 997 1215 potins,·
1029 1171 1078 1206 sic
1111 1171 1201 1205 enim
1225 1169 1362 1214 antiqui
1384 1169 1501 1213 loque·

114 1232 253 1267 bantur.
301 1231 440 1276 Quippe
473 1231 741 1277 ambiguitatem
772 1233 947 1277 quandam
978 1232 1014 1266 in
1045 1232 1162 1266 verbis
1191 1231 1304 1266 inesse
1327 1231 1402 1275 ipse
1423 1241 1501 1264 sen·

112 1293 201 1328 tiens
225 1293 368 1334 Cicero,
392 1292 523 1336 duplici
547 1292 780 1328 additamento
805 1305 886 1328 vero
918 1293 1053 1334 sensui,
1083 1303 1173 1327 nunc
1197 1293 1298 1334 ades,
1334 1295 1382 1325 ut
1413 1289 1501 1325 tibi

113 1354 301 1399 aliquid
333 1354 570 1398 imperem,
595 1353 784 1398 prospicit;
809 1357 912 1398 atque
934 1355 1006 1388 hoc
1034 1353 1148 1398 ipsum
1171 1365 1279 1398 quum
1297 1351 1502 1397 explicasset

111 1415 227 1449 verbis
250 1416 305 1449 vel
340 1414 395 1448 ad
425 1415 678 1459 parendum
711 1416 844 1459 potius,
878 1415 1047 1460 ambigue
1078 1414 1163 1449 dicti
1193 1413 1455 1449 excusationem
1476 1423 1499 1447 a

111 1476 357 1517 consuetudine
382 1478 601 1521 antiquorum
625 1475 734 1520 petit,
767 1475 858 1509 unde
888 1475 1057 1509 coniicias
1090 1476 1139 1509 ad
1162 1475 1404 1520 imperandum
1428 1473 1499 1508 ud—

110 1548 183 1572 esse
206 1540 267 1571 aut
289 1547 433 1579 vocare,
466 1547 678 1580 quamquam
710 1547 778 1570 non
809 1537 990 1580 perspicue
1022 1535 1176 1577 dictum,
1207 1539 1324 1570 tamen
1358 1546 1402 1569 ex
1432 1545 1500 1568 usu

111 1597 276 1633 cotidiani
299 1597 467 1632 sermonis
491 1597 591 1641 quasi
622 1597 660 1631 in
691 1597 881 1631 formulam
914 1598 1090 1631 solennem
1117 1596 1265 1639 abiisse,
1295 1606 1405 1640 eaque
1435 1594 1499 1628 du-

110 1650 209 1694 ctum
233 1658 440 1693 Sallustium
472 1668 610 1701 quoque
639 1669 834 1702 usurpasse.
880 1659 1061 1693 Postremo
1092 1658 1192 1692 nobis
1213 1657 1425 1692 monendum
1448 1657 1502 1690 est

110 1721 334 1755 vehementer
356 1730 473 1753 errare
495 1718 759 1753 Boettichcrum
774 1746 782 1760 ,
814 1719 875 1763 qui
898 1719 934 1754 in
957 1720 1040 1753 Lex.
1065 1719 1180 1753 Tacit.
1214 1730 1250 1763 p.
1274 1717 1357 1754 243.
1380 1720 1500 1752 nostro

110 1785 144 1816 et
169 1781 346 1816 Ciceronis
367 1781 446 1814 loco
469 1779 563 1813 effici
586 1783 707 1824 putet,
745 1784 857 1815 totum
887 1782 1062 1826 imperare
1085 1781 1232 1815 verbum
1262 1779 1377 1824 prisco
1399 1789 1499 1812 more

108 1841 325 1887 significasse
345 1851 491 1886 parere,
519 1843 554 1874 et
574 1840 626 1874 ita
649 1840 817 1876 Tacitum
840 1843 992 1878 Historr.
1012 1844 1042 1885 I,
1065 1842 1122 1878 52.
1147 1843 1400 1885 interpretetur.
1428 1838 1499 1874 Sed

108 1902 160 1936 ibi
191 1913 254 1946 pro
289 1901 460 1936 aviditate
493 1901 692 1946 imperandi
724 1914 766 1936 ex
802 1903 934 1948 Ryckii
963 1904 1042 1938 cod.
1075 1903 1162 1948 Agr.
1189 1901 1412 1937 scribendum
1443 1902 1495 1933 est

109 1963 278 1997 aviditate
300 1963 523 2006 impetrandi.
569 1962 683 2008 Igitur
705 1963 910 1997 Sallustium
935 1963 986 1997 sic
1008 1962 1146 2007 capies:
1172 1973 1281 2006 quum
1303 1962 1378 2006 ipse
1399 1959 1497 1996 Tisi-

109 2022 206 2056 dium
229 2027 442 2064 vocaretur,
474 2028 513 2057 ut
542 2023 611 2057 dux
647 2016 832 2058 Romanus
864 2023 921 2057 illi
948 2024 1123 2067 praesenti
1156 2034 1246 2068 quae
1275 2033 1362 2067 opus
1383 2024 1524 2056 essent

109 2084 307 2128 imperaret.
353 2083 535 2128 Bipontini
558 2089 678 2118 autem
704 2095 746 2117 ex
778 2084 977 2118 coniectura
1000 2084 1189 2119 scribentes
1215 2085 1264 2118 ad
1286 2083 1496 2129 oppidum

111 2145 274 2179 Tisdrum
298 2144 458 2178 acumine
479 2140 705 2178 nimis‘abusi
729 2149 818 2180 sunt.
852 2145 951 2179 Licet
974 2145 1066 2178 enim
1090 2155 1112 2179 a
1134 2145 1232 2178 nullo
1255 2145 1328 2179 alio
1349 2143 1496 2188 scripto-

107 2216 147 2239 re
175 2205 303 2239 Tisidii
324 2204 422 2238 urbis
445 2205 575 2239 mentio
599 2205 684 2248 fiat,
707 2210 823 2240 tamen
845 2206 941 2240 nulla
962 2216 1086 2240 caussa
1108 2209 1171 2248 est,
1194 2217 1257 2240 cur
1278 2207 1347 2240 hoc
1368 2215 1496 2253 nomen

108 2266 267 2301 omnium
291 2265 391 2299 codd.
417 2266 623 2301 auctoritate
644 2267 823 2301 firmatum
848 2266 884 2300 in
909 2266 1052 2301 dubium
1075 2277 1260 2310 vocemus,
1290 2265 1495 2311 praesertim

107 2339 216 2372 quum
248 2326 389 2360 Africae
419 2328 500 2361 loca
531 2328 646 2362 minus
690 2339 797 2372 quam
840 2332 1035 2363 ceterarum
1081 2332 1256 2362 terrarum
1275 2346 1278 2348 ·
1297 2331 1381 2363 nota
1413 2326 1494 2363 sint.

106 2389 294 2423 Praeterea
317 2385 422 2431 Bipp.
446 2399 509 2431 pro
531 2394 717 2423 vocaretur
740 2400 782 2423 ex
813 2390 888 2423 solo
919 2389 1037 2423 Vinar.
1063 2389 1097 2424 1.
1129 2388 1341 2433 scripserunt
1371 2399 1493 2423 evoca-

106 2454 222 2489 retur,
244 2460 312 2483 non
337 2449 430 2482 male
453 2448 593 2492 quidem
616 2450 682 2493 (cf.
706 2450 968 2485 Drakenborch.
991 2450 1036 2484 ad
1059 2449 1135 2492 [ἦν.
1159 2450 1228 2492 IV,
1250 2449 1287 2492 9,
1308 2448 1343 2484 9.
1375 2452 1411 2484 et
1432 2449 1492 2490 lv,

106 2509 165 2553 1⁰,
191 2511 264 2554 1.),
295 2509 356 2544 sed
379 2509 454 2544 sine
475 2509 599 2544 idonea
623 2521 758 2546 caussa.
783 2529 829 2538 ·—-
862 2512 986 2557 Digna
1008 2512 1167 2546 absolute
1192 2510 1364 2555 positum3
1385 2521 1419 2545 v.
1446 2509 1492 2545 ad

107 2570 183 2604 Cat.
205 2570 264 2612 Ll,
284 2569 321 2605 8.

199 2632 232 2673 §-
267 2629 301 2665 9.
347 2631 466 2666 multis
488 2631 609 2666 diebus
628 2650 671 2659 -—
699 2633 930 2678 consumptis]
965 2632 1126 2666 Commi
1157 2632 1233 2666 dies
1263 2635 1325 2667 aut
1357 2636 1490 2676 tempu·

108 2689 257 2733 dicitur,
289 2692 383 2735 quod
412 2692 543 2727 frustra
576 2692 682 2727 alicui
704 2694 757 2727 rei
779 2693 1012 2737 impenditur,
1051 2697 1115 2728 aut
1138 2693 1213 2728 sine
1239 2693 1356 2727 fructu
1379 2692 1488 2733 abiit;

109 2749 156 2784 ef.
177 2754 298 2787 notata
317 2752 363 2787 ad
394 2764 425 2787 c.
450 2753 567 2796 XXV,
591 2753 648 2788 11.
671 2773 717 2781 -—
755 2753 859 2788 Modo
882 2753 1076 2798 particulae
1097 2755 1281 2799 respondet
1300 2754 1487 2797 interdum,
