1630 3034
469 169 832 213 IUGURTHA.
893 169 1021 212 CAP.
1051 169 1127 212 IV.
1445 173 1502 214 27

108 295 235 332 antea
279 303 364 347 per
408 287 612 330 virtutem
660 286 773 329 soliti
820 292 946 328 erant
991 287 1268 330 nobilitatem
1314 292 1499 329 anteve-

107 386 226 441 nire,
262 384 411 427 furtim
449 389 493 427 et
526 398 610 443 per
642 383 878 425 latrocinia.
906 383 1054 441 potius
1091 398 1226 441 quam
1260 383 1388 426 bonis
1425 398 1500 426 ar-

107 482 221 525 tibus
259 480 317 524 ad
352 480 542 539 imperia
578 485 622 523 et
656 479 848 522 honores
880 479 1097 536 nituntur,
1143 480 1335 538 proinde
1371 481 1532 538 quasi8

105 647 140 668 v.
167 635 261 671 Cort.
294 635 339 668 ad
363 633 435 667 Cic.
461 633 550 677 Epp.
585 633 630 666 ad
652 633 790 668 Famm.
814 634 850 675 I,
871 633 914 676 4,
938 636 972 672 4.
1008 635 1146 669 Pariter
1179 636 1269 668 latro
1299 635 1397 668 haud
1421 635 1500 668 leve

104 695 324 736 convicium;
346 695 390 728 cf.
415 695 492 728 Cat.
518 706 547 727 c.
575 695 731 735 xxvnl,
750 694 785 728 4.
809 695 901 736 LIX,
925 694 959 729 5.
984 695 1128 739 Fragm.
1154 693 1305 728 Historr.
1330 695 1357 736 1,
1381 693 1439 736 19,
1463 694 1498 728 7.

105 775 148 780 -
173 756 289 789 Verba
304 756 418 799 potius
436 767 541 800 quarn
562 755 658 788 bonis
674 756 808 789 artibus
828 755 863 788 in
888 756 964 789 cod.
988 757 1090 789 Rem.
1119 756 1150 788 1.
1176 755 1320 797 desunt3
1345 767 1386 789 eo
1412 757 1500 789 Cor-

101 815 171 849 tius
199 816 308 849 verba
327 828 358 859 q.
383 827 418 860 p.
445 821 512 851 art.
535 816 634 849 uncis
659 814 820 856 inclusit,
846 818 1010 858 tanquam
1037 815 1206 850 Sallustio
1230 815 1392 860 indigna,
1418 817 1501 860 quia

100 887 166 920 per
188 877 351 910 virtutem
377 875 616 919 praecesserit.
665 875 734 910 Sed
757 887 826 908 non
858 875 945 910 vidit
974 887 1039 919 per
1061 876 1141 911 virt.
1170 876 1342 919 pertinere
1366 878 1410 911 ad
1434 889 1501 911 an-

103 938 275 980 tevenire,
315 948 405 980 quae
428 940 618 980 sequuntur
646 941 783 977 autem,
821 948 842 970 a
866 937 1156 980 praecedentibus
1180 938 1341 980 diversa,
1376 939 1499 984 gravi—

102 997 184 1032 tatis
208 1009 332 1032 caussa
355 998 531 1041 nequitiae
554 1001 589 1031 et
611 996 750 1030 virtutis
774 997 1027 1040 oppositionem
1051 1009 1161 1041 paene
1184 1010 1340 1042 poscere.

199 1062 232 1102 ἓ.
257 1059 290 1093 S.
335 1059 481 1103 proinde
505 1058 629 1103 quasi]
655 1057 813 1090 'Proinde
841 1057 974 1101 legitur
1005 1059 1040 1091 in
1065 1060 1162 1092 codd.
1199 1059 1319 1102 Rivii,
1357 1061 1439 1094 Bas.
1466 1061 1499 1094 1.

110 1119 192 1152 Sen.
216 1119 248 1153 2.
284 1120 412 1154 Heuss.
438 1120 534 1154 Vrat.
558 1118 592 1152 2.
618 1118 652 1152 3.
694 1118 810 1151 Guelf.
834 1118 867 1153 1.
891 1118 926 1152 3.
959 1119 1077 1154 Leidd,
1103 1121 1143 1153 A.
1164 1121 1205 1154 B.
1226 1121 1263 1153 C.
1284 1122 1328 1154 D.
1351 1122 1391 1155 E.
1412 1122 1452 1155 F.
1473 1122 1502 1155 1.

107 1180 152 1213 Κ.
168 1180 208 1213 L.
229 1180 277 1213 M.
311 1179 423 1213 Paris.
444 1191 477 1213 x.
499 1190 530 1212 z.
550 1191 598 1214 m.
621 1190 688 1213 sec.
713 1179 833 1212 Berol.
856 1179 889 1214 1.
906 1179 939 1212 2.
967 1180 1108 1222 Goerl.;
1136 1181 1258 1215 relicui
1281 1183 1424 1226 perinde
1448 1187 1502 1217 te-

107 1244 209 1281 nent,
248 1251 354 1283 quam
377 1239 576 1283 scripturae
598 1239 806 1273 varietatem
828 1241 905 1273 fere
934 1242 1111 1274 solennem
1134 1242 1195 1275 ubi
1219 1245 1320 1287 quasi
1341 1245 1501 1279 additum

105 1305 157 1334 est
180 1301 252 1334 iam
275 1300 472 1334 notavimus
496 1300 540 1333 ad
564 1300 666 1334 Catil.
690 1312 720 1334 c.
740 1301 816 1342 XII,
833 1300 867 1334 5.
900 1301 954 1335 Ibi
976 1303 1144 1336 videndus
1166 1304 1272 1337 etiam
1291 1305 1501 1349 Herzogius‚

106 1361 168 1405 qui
191 1365 285 1395 recte
309 1361 443 1395 monuit
466 1360 502 1394 in
525 1360 679 1404 simplici
697 1357 958 1405 comparatione
979 1373 1048 1395 non
1071 1373 1172 1405 posse
1193 1364 1261 1397 nisi
1279 1366 1424 1408 perinde
1448 1366 1498 1399 di-

104 1421 150 1463 ci,
175 1426 216 1455 ut
240 1422 359 1456 statim
383 1425 471 1465 post,
493 1423 636 1466 perinde
660 1423 867 1464 habeantur,
892 1422 967 1456 Liv.
991 1422 1049 1463 IV,
1073 1422 1108 1464 3,
1133 1423 1167 1457 7.
1200 1425 1240 1465 V,
1265 1425 1323 1467 42,
1347 1426 1382 1459 2.
1417 1427 1499 1461 Ter.

102 1483 232 1517 fleant.
255 1484 284 1524 1,
308 1484 342 1525 2,
367 1482 443 1524 21.;
479 1483 540 1516 ubi
564 1494 648 1516 vero
672 1482 890 1526 comparatio
915 1482 1087 1516 eiusmodi
1109 1483 1173 1525 sit,
1198 1490 1237 1519 ut
1260 1485 1315 1528 id,
1351 1487 1409 1520 cui
1432 1488 1498 1521 ali-

103 1554 210 1586 quam
233 1555 307 1576 rem
331 1554 532 1587 compares,
564 1555 604 1577 ex
629 1544 838 1588 antegressis
861 1545 1045 1578 collectum
1069 1545 1181 1579 videri
1204 1547 1331 1590 possit,
1352 1550 1499 1592 proinde

102 1607 194 1637 recte
218 1604 360 1637 habere.
406 1604 533 1638 Nostro
558 1605 635 1639 loco
659 1605 770 1650 igitur
792 1617 900 1649 quum
925 1617 1042 1639 sensus
1066 1606 1129 1640 sit:
1169 1609 1269 1651 quasi
1287 1620 1367 1642 vero
1392 1610 1498 1644 inde

100 1670 414 1709 consequatur
434 1670 644 1709 praeturam
667 1670 730 1699 etc.
753 1678 816 1710 per
834 1678 869 1700 se
891 1667 968 1711 ipsa
988 1668 1087 1700 clara
1108 1679 1193 1710 esse,
1232 1670 1414 1703 commode
1438 1681 1497 1714 po-

100 1723 208 1758 situm
240 1730 291 1759 est
322 1727 491 1770 proinde‚·
528 1727 574 1760 cf.
600 1726 706 1760 etiam
730 1727 937 1761 Walchium
970 1729 1016 1762 ad
1041 1729 1156 1763 Tacit.
1180 1730 1300 1774 Agric.
1325 1743 1355 1764 c.
1380 1731 1437 1764 1⁰.
1463 1744 1499 1776 p.

102 1785 182 1819 191.
210 1790 243 1819 et
267 1797 359 1829 quae
382 1788 426 1821 de
449 1788 571 1822 eadem
596 1799 636 1821 re
659 1788 810 1822 diximus
834 1789 870 1822 in
894 1789 1009 1823 Iahnii
1032 1791 1171 1824 Annall.
1196 1791 1325 1825 Philol.
1352 1797 1385 1826 et
1410 1793 1499 1826 Pne-

98 1847 179 1892 dag.
205 1858 236 1880 a.
264 1847 368 1885 1829,
392 1849 471 1885 vol,
495 1849 540 1882 ΙΙ.
566 1850 667 1884 Fasc.
688 1850 716 1884 1.
741 1862 779 1893 p..
795 1849 841 1883 78
859 1862 909 1893 sq.
936 1869 981 1875 —
1005 1852 1053 1885 Et
1077 1855 1157 1885 ante
1181 1854 1374 1897 magnifica
1396 1853 1501 1887 eiecit

101 1906 263 1948 Curtius,
289 1908 374 1951 quia
398 1909 434 1943 in
457 1910 540 1943 Bas.
564 1910 597 1943 1.
622 1911 737 1950 deest3
772 1911 830 1943 sed
855 1923 898 1944 ne
922 1922 963 1944 eo
989 1911 1148 1955 quidem,
1184 1914 1278 1956 qued
1302 1914 1380 1947 Vat.
1404 1914 1438 1947 4.
1464 1918 1500 1947 et

101 1967 196 2001 Med.
221 1967 255 2002 5.
284 1969 392 2003 habet
416 1976 519 2014 atque
538 1982 659 2015 magn.
674 1995 684 2011 ‚
707 1970 790 2004 Bas.
815 1971 849 2004 4.
876 1983 959 2005 vero
983 1974 1230 2018 munificaque,
1252 1975 1334 2008 satis
1357 1976 1499 2018 probari

97 2031 214 2070 potest
242 2029 392 2062 duorum
415 2030 670 2063 adiectivorum
694 2032 903 2075 asyndeton,
931 2045 1143 2076 quamquain
1169 2035 1303 2068 maiore
1328 2036 1499 2069 bonorum

98 2086 271 2121 librorum
295 2090 500 2124 auctoritate
531 2102 601 2123 non
625 2091 879 2133 damnandum3
915 2104 951 2126 v.
977 2095 1021 2127 ad
1045 2106 1074 2127 c.
1099 2096 1268 2138 xxvnl,
1293 2096 1326 2131 ἐξ.
1363 2115 1408 2121 -
1440 2097 1499 2130 ¹Dc

99 2146 135 2178 vi
168 2148 422 2189 particularum
456 2163 497 2184 ac
528 2164 597 2184 non
631 2151 666 2184 in
702 2153 876 2186 nectendis
909 2154 1077 2187 orationis
1102 2156 1270 2189 membris
1293 2168 1326 2191 v.
1350 2158 1394 2191 ad
1418 2158 1496 2192 Cat.

99 2207 155 2247 LI,
180 2206 236 2240 15.
263 2220 297 2251 p.
320 2209 401 2244 270.
447 2212 493 2243 cf.
520 2212 594 2245 Cic.
619 2212 707 2255 Epp.
733 2213 777 2245 ad
801 2213 939 2246 Famm.
965 2214 1026 2256 III,
1050 2215 1085 2255 2,
1108 2215 1143 2249 6.
1180 2217 1292 2251 Sires
1311 2218 1413 2251 verba
1434 2220 1497 2252 de—

98 2268 282 2308 sideraret,
309 2280 349 2302 ac
371 2282 438 2302 non
452 2281 516 2314 per
533 2282 568 2304 se
589 2272 667 2315 ipsa
685 2274 891 2317 loqueretur.
938 2275 1055 2308 Hand.
1080 2276 1123 2309 de
1146 2277 1295 2312 Particc.
1319 2279 1394 2312 Lat.
1418 2279 1495 2313 vol.

101 2328 126 2359 I.
146 2338 179 2370 p.
202 2327 271 2361 473
293 2340 365 2372 sqq.
399 2348 445 2356 —-
482 2333 550 2374 Qui
575 2344 624 2366 ea
649 2335 819 2368 sustinent
850 2335 886 2368 in
909 2335 1071 2370 omnibus
1100 2337 1174 2370 sere
1206 2343 1258 2372 est
1281 2338 1400 2380 libris3
1435 2341 1494 2373 sed

101 2388 228 2421 lucert.
254 2389 288 2422 2.
315 2402 357 2423 ea
383 2403 450 2424 non
471 2392 598 2435 habet,
624 2394 717 2437 quod
737 2395 954 2440 negligentia
979 2397 1112 2430 factum
1132 2409 1207 2432 esse
1231 2404 1325 2442 patet
1349 2412 1391 2433 ex
1414 2401 1495 2435 Bas.

98 2449 129 2480 l.
155 2452 189 2482 et
213 2450 322 2483 Paris.
350 2464 381 2484 x.
416 2452 452 2485 in
472 2453 600 2496 quibus
623 2454 694 2488 alio
726 2466 846 2489 errore
869 2456 1039 2500 scriptum
1072 2470 1147 2492 eas
1182 2465 1292 2502 sust.,
1329 2461 1356 2495 S
1377 2461 1496 2495 littera

99 2509 193 2542 male
215 2510 405 2553 geminata.
456 2514 595 2547 Curtius·
613 2526 803 2558 pronomen
819 2516 951 2561 abegit,
979 2528 1156 2552 assensum
1175 2525 1296 2555 nactus
1317 2522 1495 2556 Gerlachii

100 2569 136 2602 in
158 2570 367 2610 Commentt,
388 2585 420 2616 p.
443 2574 524 2608 220.
554 2580 694 2619 propter
716 2577 815 2612 codd.
841 2578 933 2613 Med.
953 2577 986 2611 3.
1012 2578 1044 2612 4.
1073 2584 1108 2613 et
1125 2581 1201 2614 vat„
1221 2582 1276 2625 2.,
1315 2594 1383 2617 11011
1401 2583 1495 2627 item,

99 2640 187 2672 quae
211 2636 262 2664 est
280 2631 347 2665 viri
364 2632 614 2677 inconstantia,
648 2636 682 2669 in
707 2638 759 2672 ed.
782 2638 929 2672 minore.
964 2658 1009 2663 --
1041 2641 1251 2676 [iubeantur
1270 2655 1337 2677 non
1356 2644 1495 2688 simpli-

98 2690 184 2723 citer
205 2691 383 2736 significat
402 2695 484 2735 sint,
518 2699 556 2729 ut
573 2696 761 2732 Gerlachio
780 2699 907 2742 visum,
929 2701 987 2734 sed
1006 2701 1121 2745 potius
1142 2714 1261 2737 earum
1280 2715 1395 2738 rerum
1410 2716 1488 2750 pos-

99 2752 203 2785 sessio
224 2753 292 2792 sit3
323 2754 369 2787 cf.
387 2754 430 2788 ad
446 2755 551 2791 Catil.
569 2767 598 2791 c.
617 2756 646 2800 1,
668 2757 702 2791 4.
727 2769 760 2802 p.
776 2757 810 2792 7.
