1630 3034
372 176 727 221 IUGURTHA.
777 177 905 221 cAP.
935 176 1134 223 XCVIII.
1355 182 1441 226 52³

62 293 160 337 fons
190 308 336 353 aquae
364 309 552 355 magnus
582 300 700 348 erat,
736 294 847 337 alter
875 295 970 339 usui
1005 295 1300 356 opportunus,
1337 275 1441 354 quia

60 405 223 450 magna
265 397 396 450 parte
438 390 580 435 editus
625 397 670 435 et
713 390 932 450 praeceps
977 407 1123 452 pauca
1169 393 1440 437 munimenta

57 487 313 545 quaerebat.
388 487 601 532 Ceterum
634 487 756 546 apud
789 503 949 546 aquam
981 489 1152 533 Sullam
1181 505 1282 533 cum
1310 490 1492 548 equi-4·

56 584 173 628 tibus
209 590 388 629 noctem
425 571 594 644 agitare
629 584 774 638 iubet3
816 585 914 644 ipse
949 585 1180 645 paullatim
1216 586 1440 646 dispersos

56 681 237 738 milites,
281 697 428 740 neque
467 681 606 724 miuus
642 680 841 724 hostibus
879 683 1175 739 conturbatis,
1221 682 1266 726 in
1302 698 1438 726 uuum
1472 692 1475 696 ’

55 893 168 937 primo
190 893 240 927 ita
263 897 352 926 esset
375 892 575 936 proposita:
607 866 725 937 pauci-1
757 866 974 927 munimentg
1005 858 1212 938 ᾳυῗιῗνὲἷιαι,
1247 895 1352 928 facile
1385 896 1437 928 in-

54 953 236 998 telligitur,
261 955 437 997 quomodo
461 953 496 986 in
521 954 631 987 Palati
660 953 694 987 3.
715 952 961 997 nonnullisque
980 953 1113 989 ‘Palam
1138 954 1219 988 aiiis
1243 954 1348 989 scribi
1369 967 1436 999 po-

52 1015 161 1050 tuerit
182 1027 313 1059 pauca
338 1015 557 1049 munimento
583 1015 729 1058 egebat,
762 1013 797 1048 in
822 1015 928 1048 Fabr.
954 1015 986 1049 1.
1011 1015 1044 1049 2.
1075 1027 1198 1059 pauca
1222 1018 1438 1050 munimento

52 1077 211 1120 gerebat,
235 1075 271 1109 in
295 1075 413 1109 StruV.
437 1086 557 1119 pauco
580 1076 807 1110 munimenta
828 1076 987 1121 gerebat,
1010 1076 1045 1109 in
1069 1077 1193 1112 Franc.
1217 1089 1340 1121 pauca
1363 1089 1438 1111 mu-

50 1136 210 1171 nimento
233 1137 401 1182 regebat‚·
434 1136 600 1170 nimirum
632 1136 840 1170 mutationes
868 1137 984 1171 versui
1006 1137 1259 1181 superscriptae
1282 1139 1440 1183 singulas

9 1234 15 1238 ,
51 1197 159 1230 modo
192 1208 297 1230 vaces
329 1196 427 1230 varie
457 1196 670 1237 invaserunt,
700 1207 743 1230 ac
774 1208 852 1229 cum
887 1198 997 1232 altera
1022 1199 1120 1232 verbi
1144 1197 1335 1243 quaerebat
1360 1208 1439 1230 cor-

51 1259 189 1302 ruptela
220 1259 391 1292 conflatae
421 1261 513 1292 sunt.
582 1257 740 1301 Regebat
775 1261 913 1297 autem,
956 1260 1047 1302 quod
1087 1259 1192 1293 etiam
1226 1258 1261 1292 in
1295 1259 1372 1292 Vin.
1406 1260 1438 1292 1.

52 1319 170 1353 Gnelf.
196 1319 227 1352 1.
251 1324 286 1353 et
309 1319 421 1353 Paris.
446 1319 481 1352 b.
508 1318 742 1361 conspicitur,
767 1330 864 1352 mero
888 1318 1082 1353 scribarum
1107 1323 1246 1361 stupore
1270 1329 1311 1352 ex
1333 1330 1438 1364 gere-

51 1380 113 1415 bat
136 1385 263 1414 ortum.
312 1381 360 1414 Ut
383 1380 493 1424 igitur
517 1379 759 1423 planis-imum
782 1382 850 1420 est,
874 1380 1047 1422 quomodo
1069 1391 1110 1413 ex
1134 1368 1307 1422 scriptura
1332 1391 1353 1413 a
1375 1391 1439 1414 no·-

51 1440 105 1474 bis
127 1444 267 1484 recepta
292 1441 446 1474 relic-uae
470 1440 722 1484 discrepantiae
746 1451 865 1473 omnes
896 1440 1035 1482 prodire
1060 1434 1251 1483 potuerint,
1286 1440 1337 1473 ita
1361 1441 1439 1474 nul-

51 1501 121 1535 lam
146 1501 408 1545 probabilitatis
431 1501 581 1545 speciem
607 1502 733 1541 habet,
758 1501 847 1544 quod
872 1498 1072 1543 Bipontini,
1096 1500 1259 1544 bangius,
1287 1501 1439 1534 Muelle-

51 1574 110 1596 rus
142 1566 176 1596 et
210 1562 325 1595 Faber
353 1573 462 1606 pauco
494 1562 702 1596 munimento
737 1562 862 1606 egebat
885 1571 948 1603 pro
971 1559 1124 1604 genuina
1137 1560 1293 1606 *lectione
1317 1560 1438 1594 vendi-

50 1626 132 1657 tant.
184 1623 357 1665 Quaerere
381 1627 522 1665 autem,
558 1622 650 1666 quod
681 1623 846 1656 Tenen-us
878 1633 912 1665 p.
939 1620 1019 1654 229.
1045 1622 1207 1655 censebat
1230 1621 1265 1655 in
1290 1622 1440 1665 pedestri

49 1683 206 1717 oratinne
229 1683 273 1716 de
295 1684 402 1717 rebus
425 1695 493 1717 non
517 1683 588 1717 dici
616 1694 680 1726 pro
711 1684 903 1728 requirere,
926 1682 1126 1725 postulare,
1150 1683 1332 1728 indigere,
1356 1694 1441 1716 sane

49 1744 100 1779 ita
133 1743 278 1784 dicitnr-3
314 1744 360 1777 cf.
394 1742 468 1777 Cic.
502 1742 538 1777 in
570 1743 668 1777 Verr.
706 1745 779 1778 Act.
811 1744 856 1777 11.
889 1743 949 1776 lib.
982 1743 1010 1783 1,
1042 1742 1100 1783 10,
1132 1743 1189 1776 29.
1239 1743 1341 1787 Nego
1372 1754 1438 1785 ego

49 1806 231 1850 quicquam
266 1817 289 1837 ιι
321 1804 464 1838 testibus
487 1804 636 1846 dictum,
673 1805 786 1849 qnod
810 1804 1010 1848 cuiusquam
1033 1804 1182 1836 oratoris
1206 1804 1438 1847 eloquentiam

50 1870 306 1911 quaereret.
340 1864 416 1898 Liv.
445 1864 502 1905 IV,
531 1865 590 1905 14,
614 1864 650 1897 2.
693 1864 804 1905 Quum
839 1869 994 1907 expertes
1027 1864 1258 1902 consiliorum,
1284 1862 1342 1906 qui
1366 1866 1439 1895 tu-

50 1927 240 1966 multus,
279 1926 369 1969 quod
394 1926 562 1958 bellum
588 1936 709 1968 repens
739 1925 960 1957 dictatoriam
984 1925 1203 1958 maiestatem
1228 1923 1438 1966 quaesis-

51 1993 141 2027 set,
164 1988 373 2030 rogitarcnt.
421 1985 533 2018 Varro
557 1985 600 2017 de
623 1985 668 2018 R.
693 1985 738 2018 R.
764 1986 790 2025 Ι,
819 1983 874 2017 15.
914 1984 1015 2017 Fines
1043 1983 1182 2027 praedii
1214 1983 1303 2016 notis
1336 1983 1438 2015 arbo-

50 2059 126 2082 rum
159 2048 302 2082 tuttores
327 2046 440 2088 fiunt,
473 2056 516 2078 ne
542 2046 709 2088 familiae
743 2046 898 2079 ria-entur
932 2056 1005 2078 cum
1030 2045 1163 2081 vicinis,
1189 2055 1229 2077 ac
1256 2045 1366 2079 lites
1390 2056 1438 2078 es

50 2106 469 2143 limitibusciudicem
494 2111 731 2150 quaerant.

140 2171 172 2211 §-
198 2167 232 2202 4.
279 2178 388 2211 neque
420 2168 533 2200 minus
565 2167 716 2201 hostibus
748 2164 979 2208 conturbatis]
1023 2164 1139 2208 Neque
1161 2164 1306 2209 vulgari
1333 2164 1439 2198 modo

52 2229 86 2262 in
118 2234 151 2263 et
182 2240 249 2261 non
280 2229 432 2261 solutum
458 2228 582 2262 vitiose
604 2228 712 2262 habet
739 2227 773 2260 in
796 2230 968 2260 structura
991 2225 1228 2259 ammiror-nm
1252 2225 1437 2259 absoluto-

51 2300 140 2322 rum.
188 2290 266 2322 Hoc
289 2289 422 2332 primus
445 2289 724 2323 animadvertens
746 2288 886 2329 Faber,
918 2291 958 2320 ut
980 2297 1116 2319 sensum
1141 2285 1336 2329 expediret,
1360 2296 1439 2328 par--

52 2349 197 2383 ticulum
220 2349 323 2383 istam
348 2354 462 2383 censet
485 2354 546 2384 aut
569 2349 712 2392 antiquo
735 2359 833 2381 more
856 2359 923 2380 non
954 2346 1164 2390 significare,
1188 2350 1249 2380 aut
1276 2345 1348 2378 vim
1373 2345 1439 2378 ha-

53 2410 136 2443 bere
159 2421 284 2443 vocum
310 2411 416 2443 etiam
439 2422 518 2450 non,
543 2409 592 2443 ita
612 2408 763 2452 quidem,
787 2413 825 2441 nt
846 2420 914 2441 non
933 2408 977 2441 ad
993 2408 1117 2447 minus,
1142 2408 1249 2441 ctiam
1265 2407 1311 2440 ad
1331 2407 1439 2440 hosti-

51 2472 113 2505 bus
138 2469 320 2514 pertineat.
366 2470 524 2504 Priorem
547 2469 812 2513 explicationem
837 2478 940 2501 nemo
964 2467 1069 2500 facile
1091 2467 1312 2511 probaverit,
1336 2479 1370 2501 v.
1395 2467 1438 2500 ad

52 2543 84 2566 c.
108 2531 228 2572 XLIV,
252 2530 286 2566 5.
310 2533 345 2564 et
369 2531 414 2563 ad
443 2531 632 2571 LXXXIV,
656 2530 711 2570 3.;
744 2530 854 2563 altera
886 2539 959 2562 rem
984 2527 1140 2571 tetigisse
1163 2533 1247 2573 puto
1271 2529 1439 2563 Fabrnm.

52 2592 355 2636 Quemadmodum
386 2590 477 2623 enim
510 2601 577 2623 nnn
611 2591 722 2625 solum
758 2595 810 2632 ct,
843 2590 901 2623 sed
928 2588 1035 2622 etiam
1060 2600 1124 2634 que
1147 2588 1319 2633 particula
1343 2586 1439 2620 haud

51 2663 133 2686 raro
156 2663 222 2697 pro
247 2654 351 2687 etiam
377 2653 517 2695 ponitur
549 2651 599 2694 (v.
621 2651 711 2696 Aug.
738 2649 955 2684 Grotefendii
981 2649 1141 2683 Gramm.
1163 2649 1274 2682 schol.
1298 2659 1333 2692 p.
1358 2645 1438 2680 289.

53 2715 85 2754 §.
109 2713 191 2748 359.
215 2713 291 2757 2.),
326 2714 375 2747 ita
407 2713 500 2746 iusta
531 2723 655 2746 caussa
688 2723 756 2745 non
789 2712 923 2752 obstat,
952 2709 1136 2753 quominus
1159 2720 1267 2754 neque
1291 2708 1439 2743 eandem

56 2774 126 2806 m‘m
151 2785 230 2808 cum
256 2774 441 2820 negatione
472 2773 692 2808 coniunctam
723 2773 865 2813 haheat,
899 2772 1003 2806 valde
1035 2775 1220 2816 cngnatam
1253 2768 1305 2812 ei,
1334 2777 1440 2811 quam
