1630 3034
411 165 763 208 IUGURTHA.
827 165 964 208 CAP.
992 165 1219 208 LXXXV.
1388 169 1472 209 457

95 282 265 327 Iedictis
301 283 519 337 Iacerent,
567 298 655 326 non
689 282 856 342 placuit
890 282 1101 338 reticere,
1146 298 1202 326 ne
1238 282 1335 341 quis
1372 297 1472 325 mo-

97 378 285 423 destiam
318 380 364 422 in
401 379 715 422 conscientiam
735 378 948 422 duceret.
1019 379 1136 423 Nam
1171 394 1244 422 me
1279 378 1474 437 quidem,
1487 392 1539 431 27

98 490 153 519 ex
184 476 314 519 animi
347 476 437 519 mei
472 476 708 529 sententia,
755 475 876 518 nulla
911 476 1052 518 oratio
1088 475 1268 519 laedere
1301 480 1477 534 potest3

97 573 270 632 quippe
303 588 409 616 vera
444 587 627 616 necesse
664 577 729 615 est
763 572 881 615 bene
915 571 1160 630 praedicet,
1196 572 1355 625 falsam
1390 573 1478 615 vita

97 683 335 726 moresque
369 669 457 712 mei
503 674 723 728 superant.
796 666 892 711 Sed
927 669 1138 725 quoniam
1181 675 1331 712 vostra
1366 684 1475 712 con-
1489 681 1544 721 28

98 765 190 809 silia
245 771 506 810 accusantur
528 797 541 820 ,
595 766 669 824 qui
725 763 834 808 mihi
895 775 1115 808 summum
1165 764 1386 809 honorem
1434 770 1479 809 et

97 946 128 986 (Ξ.
153 935 318 978 XXXIII,
341 936 375 970 4.
408 935 484 969 Liv.
510 935 644 978 XXIII,
669 934 735 976 12,
758 933 794 969 9.
818 953 864 959 -—
900 934 1118 969 Conscientia
1148 933 1356 979 praegnanti
1378 945 1480 967 sensu

97 1007 161 1039 pro
194 998 320 1030 mala
352 997 558 1031 conscientia
594 996 753 1039 dictum,
788 998 827 1028 ut
867 995 941 1028 Cat.
974 995 1057 1038 XV,
1083 994 1117 1029 5.
1149 996 1225 1039 Iug.
1260 995 1412 1036 XXXII,
1445 994 1481 1028 5.

96 1056 239 1099 XXXV,
262 1057 297 1092 4.
348 1058 404 1091 In
436 1057 766 1091 conscientiam
802 1055 926 1089 ducere
959 1066 980 1089 a
1002 1055 1143 1100 vulgari
1166 1055 1306 1099 quidem
1330 1058 1480 1088 structu-

96 1128 160 1159 ra,
185 1129 274 1162 quae
296 1118 454 1152 dativum
478 1118 604 1159 habet,
630 1115 793 1156 discedit,
817 1116 874 1148 sed
901 1127 982 1148 cum
1004 1127 1070 1149 usu
1093 1115 1246 1156 dicendi,
1271 1127 1375 1158 quem
1400 1115 1479 1149 Sal-

97 1178 220 1211 lustius
243 1179 418 1222 sequitur,
449 1177 630 1223 congruit3
665 1178 709 1211 cf.
734 1176 911 1217 Lxxxn,
935 1176 969 1209 2.
1022 1177 1134 1218 Quam
1156 1188 1229 1210 rem
1253 1177 1316 1210 alii
1339 1177 1383 1209 in
1414 1187 1480 1215 εμ-

95 1239 305 1282 perbiam
334 1240 598 1273 vortebant.
625 1239 731 1281 XCII,
755 1238 787 1271 2.
839 1238 964 1270 Omnia
996 1237 1044 1271 in
1075 1238 1299 1272 virtutem
1329 1236 1481 1271 trahe-

99 1298 289 1334 bantur.
314 1300 429 1334 Conr.
905 1310 923 1327 0

191 1362 222 1402 ἓ.
248 1360 304 1394 27.
354 1361 463 1394 animi
494 1361 584 1404 mei]
616 1361 835 1401 Pronomen,
866 1358 959 1402 quod
990 1358 1093 1392 multi
1124 1358 1207 1392 libri
1240 1369 1308 1391 non
1340 1358 1482 1399 liabent,

98 1419 277 1454 immerito
309 1421 435 1454 abiecit
467 1421 624 1461 Cottius,
658 1419 755 1453 uncis
780 1419 814 1452 in
839 1417 1029 1453 novissima
1052 1418 1201 1452 editione
1224 1418 1365 1453 inclusit
1392 1419 1482 1452 Ger-

97 1480 252 1523 Iachins,
276 1480 360 1522 quid
385 1485 544 1515 constans
567 1486 601 1515 ct
638 1479 845 1524 antiquitate
869 1478 1044 1512 stabilitus
1064 1478 1200 1512 dicendi
1223 1490 1306 1513 usus
1328 1480 1483 1522 postuIa-

98 1538 152 1574 ret
185 1541 397 1584 ignorantes.
445 1541 587 1575 Solenni
617 1542 710 1574 enim
745 1540 899 1574 formula
932 1540 1046 1574 Latini
1083 1540 1119 1573 in
1150 1551 1234 1574 vera
1265 1540 1374 1574 animi
1404 1552 1484 1584 per-

46 1638 49 1640 ,
97 1601 262 1635 suasione
283 1603 505 1636 contestanda
528 1606 562 1636 et
585 1613 666 1636 cum
686 1601 723 1634 vi
750 1600 980 1635 asseveranda
1003 1599 1162 1632 dicebant
1186 1611 1225 1634 ex
1256 1601 1345 1635 mei
1375 1600 1483 1644 (tui,

99 1663 203 1706 eui)
239 1663 350 1696 animi
380 1664 572 1704 sententia3
599 1664 648 1697 cf.
683 1662 762 1696 Car.
798 1661 915 1695 Beier.
951 1661 996 1695 ad
1032 1660 1105 1696 Cic.
1136 1660 1208 1694 off.
1231 1661 1291 1703 III,
1322 1661 1380 1703 29,
1405 1661 1484 1695 188.

103 1723 202 1766 Quod
226 1735 274 1757 ex
307 1724 450 1757 animi
484 1724 554 1757 tui
586 1723 822 1758 sententia
851 1722 980 1756 iuraris
1013 1721 1128 1764 (sicut
1157 1722 1270 1756 verbis
1295 1723 1485 1766 concipitur

100 1796 194 1818 more
218 1786 387 1828 nostro),
407 1784 445 1817 id
475 1796 544 1817 ποη
569 1786 694 1827 facere
724 1785 914 1828 periurium
939 1788 1002 1817 est.
1035 1783 1127 1815 Gell.
1152 1782 1226 1816 RN.
1251 1782 1322 1816 ΑΔ.
1346 1783 1405 1823 lv,
1426 1782 1485 1816 20.

100 1845 172 1881 Cic.
196 1844 328 1880 Acadd.
349 1844 402 1886 11,
426 1844 491 1887 47,
517 1844 597 1878 146.
646 1845 800 1878 Maiores
829 1845 978 1888 primum
1009 1844 1126 1876 iurare
1159 1854 1207 1876 ex
1239 1844 1310 1876 sui
1342 1843 1486 1876 animi

102 1907 334 1939 sententia
368 1917 534 1948 quemque
567 1907 759 1939 voluerunt.
793 1905 948 1938 Gronov.
982 1904 1083 1937 Obss.
1107 1904 1165 1943 IV,
1189 1903 1245 1936 14.
1271 1915 1303 1946 p.
1327 1903 1405 1937 685.
1431 1904 1484 1936 ed.

103 1965 196 2008 [Αἶρε.
221 1964 375 1997 Brisson.
401 1964 443 1996 de
469 1964 643 1998 FormuII.
669 1965 760 2006 ull,
787 1965 820 1998 9.
845 1976 877 2007 p.
903 1964 984 1998 711.
1030 1964 1218 2006 Perper-am
1245 1964 1381 1997 Cottius
1405 1975 1486 1998 cum

104 2026 172 2058 hac
202 2025 354 2058 formula
388 2024 545 2056 confudit
575 2025 762 2058 dictionem
799 2036 840 2058 ex
878 2024 1072 2065 sententia,
1107 2028 1144 2056 ut
1177 2024 1253 2068 Ing.
1292 2025 1420 2066 XLIII,
1454 2024 1489 2060 5.

105 2087 195 2127 mx,
218 2085 265 2127 4.,
289 2095 359 2128 qua
390 2084 608 2128 significatur
637 2084 767 2128 aliquid
794 2085 844 2118 ita
866 2085 943 2118 fieri
967 2089 1028 2118 aut
1061 2089 1300 2126 comparatum
1331 2094 1426 2124 esse,
1450 2088 1490 2116 ut

103 2151 242 2180 nostrae
272 2145 519 2189 exspectationi
554 2150 615 2179 aut
644 2145 815 2179 voluntati
846 2145 1005 2179 satisfiat.
1030 2163 1074 2168 —-
1109 2141 1350 2178 BeneFaber
1381 2144 1487 2178 iuter-

105 2211 264 2252 pretatur
286 2207 452 2245 multum,
476 2206 598 2246 valde,
630 2218 718 2248 quae
742 2206 838 2240 vocis
856 2210 1005 2249 potestas
1033 2204 1117 2238 huic
1139 2206 1217 2239 Ioco
1242 2205 1386 2239 minime
1408 2216 1488 2239 con-

105 2267 210 2301 venit.
258 2266 540 2302 Recte„Cortius
570 2268 758 2301 verborum
787 2278 924 2301 sensum
962 2278 1034 2300 esse
1067 2266 1155 2300 vidit
1187 2266 1301 2299 hunc:
1333 2266 1427 2299 bona
1457 2267 1491 2298 et

107 2328 290 2372 praeclara
320 2327 438 2361 omnia
471 2327 657 2370 praedicet.
706 2327 815 2361 Fabri
845 2338 943 2360 error
964 2327 1059 2361 hand
1095 2327 1199 2360 dubie
1225 2337 1304 2359 eam
1330 2335 1491 2359 caussam

108 2390 237 2430 habet,
260 2388 351 2431 quod
384 2388 425 2423 V.
453 2388 495 2420 D.
517 2387 653 2430 putavit
674 2389 879 2432 praedicare
903 2399 965 2431 per
987 2398 1024 2420 se
1046 2387 1118 2420 iam
1141 2398 1216 2421 esse
1240 2387 1402 2420 laudibus
1425 2386 1491 2419 ali-

109 2460 209 2493 quem
235 2449 383 2491 efferre,·
403 2449 497 2491 quod
522 2460 621 2482 secus
644 2453 705 2481 eet.
729 2467 775 2473 -—-
801 2450 977 2492 Superant
1000 2448 1024 2481 i.
1048 2459 1078 2481 e.
1107 2447 1265 2481 veritatis
1289 2445 1326 2479 vi
1350 2445 1493 2479 vincunt

109 2512 145 2542 et
168 2508 219 2542 ita
249 2509 461 2552 redarguunt
485 2519 526 2541 ac
556 2509 730 2542 refellunt.
777 2509 891 2551 Quem
916 2508 1054 2542 Cottius
1075 2507 1212 2542 confert
1235 2507 1334 2541 verbi
1357 2507 1492 2540 vincere

110 2579 232 2608 nsum,
265 2568 357 2611 quod
382 2571 544 2610 sequente
567 2568 768 2603 accusativo
803 2580 882 2602 cum
906 2568 968 2602 inf.
996 2568 1046 2602 ita
1069 2568 1230 2611 ponitur,
1261 2571 1299 2601 ut
1321 2567 1494 2612 significet

112 2630 302 2663 rationibus
330 2629 479 2673 probare
516 2628 588 2671 (cf.
614 2628 707 2662 Cort.
730 2629 773 2663 ad
806 2629 878 2662 Cic.
912 2630 999 2672 Epp.
1033 2628 1078 2662 ad
1110 2629 1246 2662 Famm.
1273 2628 1342 2669 XI,
1368 2627 1435 2668 28,
1458 2626 1491 2659 4.

114 2689 272 2722 Lambin.
304 2689 348 2721 ad
381 2689 518 2721 Lucret.
543 2689 592 2726 11,
616 2688 739 2734 uz),
773 2690 803 2723 is
835 2694 1004 2735 cognatus
1035 2689 1175 2733 quidem
1199 2692 1250 2723 est
1273 2699 1355 2723 cum
1378 2690 1495 2721 nostro

115 2747 212 2790 loco,
235 2749 295 2783 sed
317 2759 385 2783 non
407 2748 501 2782 idem
524 2749 638 2791 plane.
706 2793 727 2814 Q
