1630 3034
491 141 856 187 IUGURTHA.
916 141 1045 184 CAP.
1074 140 1131 183 X.
1467 145 1523 185 49

131 258 270 304 finem
308 260 424 304 vitae
467 258 625 304 adesse
661 257 966 319 intellegeret,
1002 271 1153 301 coram
1184 257 1333 302 amicis
1362 263 1407 302 et
1441 272 1520 303 co—

130 357 302 416 gnatis,
336 357 533 415 itemque
571 354 834 399 Adherbale
879 353 1218 413 et>Hie1npsale
1246 355 1369 410 filiis,
1407 354 1518 398 dici-

131 457 202 495 tur
230 451 536 496 huiuscemodi
567 451 705 495 verba
732 465 833 493 cum
864 449 1082 510 Iugurtha
1111 449 1334 495 habuisse.

268 548 323 592 X.
394 549 585 592 Parvum
623 562 712 606 ego
751 554 794 590 te
814 580 827 602 ,
872 544 1115 606 Iugurtha,
1171 544 1330 587 amisso
1373 550 1518 601 patre,

131 644 224 687 sine
256 659 364 703 Spe,
410 646 502 687 sine
532 644 693 704 opibus
730 643 772 685 in
802 657 951 685 meum
983 656 1173 701 regnum
1209 639 1386 698 accepi,
1423 639 1517 681 exi-

129 746 323 783 stumans
362 755 451 784 non
498 740 637 783 minus
678 754 750 784 me
791 739 867 783 tibi
905 753 1040 796 quam
1095 738 1129 781 si
1171 736 1425 797 genuissem
1457 734 1517 778 ob

126 834 345 880 beneficia
374 852 526 880 carum
561 837 686 888 fore;
723 852 867 895 neque
893 851 945 880 ea
972 851 1042 878 res
1067 834 1228 877 falsum
1250 848 1321 876 me
1350 831 1516 875 habuit.

126 971 251 1012 postea
268 969 384 1003 alieno
411 971 489 1004 loco
509 970 542 1004 in
563 974 692 1005 textum
714 969 853 1004 illatum
873 974 935 1004 est.
953 988 997 994 -
1018 970 1103 1012 Spes
1128 973 1162 1001 et
1184 978 1263 1011 opes
1279 967 1400 1001 eodem
1416 975 1518 999 sensu

127 1028 279 1070 dictum,
305 1035 343 1063 ut
361 1030 448 1065 alias
469 1043 549 1075 opes
571 1035 605 1065 et
623 1042 677 1065 res
696 1030 975 1075 coniunguntur,
999 1029 1042 1062 de
1062 1038 1131 1072 qua
1152 1027 1301 1062 dictione
1320 1038 1353 1062 v.
1375 1026 1419 1060 ad
1440 1026 1518 1059 Cat.

127 1089 206 1133 XX,
229 1089 283 1123 13.
310 1110 355 1114 --
391 1091 430 1124 In
463 1103 576 1125 meum
610 1103 757 1136 regnum
783 1092 957 1134 accepi.
1005 1091 1168 1134 Accipere
1198 1101 1266 1123 non
1282 1099 1323 1121 eo
1345 1098 1444 1121 sensu
1463 1086 1516 1119 in-

125 1149 369 1194 telligendum,
396 1163 464 1194 quo
483 1153 590 1196 vulgo
614 1152 706 1185 valet
727 1163 780 1185 res
799 1152 933 1185 oblatas
955 1163 1023 1184 non
1041 1152 1195 1194 reiicere,
1221 1149 1278 1183 sed
1297 1146 1438 1192 propria
1455 1156 1518 1179 vo-

126 1209 176 1242 cis
197 1209 230 1242 vi
251 1214 302 1243 est
323 1211 370 1243 ad
395 1223 430 1245 se
456 1223 598 1256 capere,
635 1211 658 1247 i.
683 1223 713 1245 e.
744 1211 900 1255 recipere
930 1212 984 1244 vel
1016 1211 1202 1255 suscipere.
1228 1209 1272 1242 οἳ.
1301 1208 1456 1241 Gronov.
1483 1209 1518 1240 et

125 1269 389 1306 Drakenborch.
416 1273 459 1306 ad
488 1272 563 1306 Liv.
594 1273 668 1314 ΠῘ,
696 1272 753 1313 30,
785 1272 818 1306 4.
875 1272 925 1305 Ne
951 1284 1011 1305 nos
1037 1273 1072 1305 in
1094 1271 1283 1305 amicitiam
1309 1267 1518 1311 accipia-

125 1341 228 1364 mur.
256 1330 328 1364 Cic.
359 1333 448 1376 Epp.
476 1332 518 1366 ad
547 1332 649 1365 Attic.
681 1332 808 1374 11‚22.
863 1333 1083 1367 Numestium
1111 1333 1257 1366 libenter
1288 1327 1450 1372 accepi
1480 1327 1518 1360 in

125 1391 330 1426 amicitiam.
355 1393 532 1425 Drakenb.
565 1393 609 1425 ad
643 1393 698 1433 lV,
724 1392 759 1431 3,
786 1391 841 1426 14.
896 1393 1081 1426 Claudiam
1109 1396 1250 1436 gentem
1276 1390 1312 1423 in
1339 1389 1517 1422 civitatem

125 1453 400 1496 accepimus.
428 1463 459 1485 v,
483 1453 590 1486 etimn
619 1452 807 1486 Forcelliui
830 1454 911 1486 Lex.
929 1453 1005 1487 Lat.
1031 1453 1085 1489 ed.
1107 1452 1227 1486 Germ.
1259 1461 1291 1493 p.
1313 1449 1370 1482 27.
1418 1448 1517 1481 Cete-

122 1522 200 1545 rum
221 1513 330 1545 verba
353 1513 389 1545 in
412 1524 605 1557 regnum
632 1514 751 1556 accepi
773 1525 841 1546 non
874 1518 1028 1557 spectant
1049 1513 1093 1547 ad
1120 1525 1150 1547 c.
1171 1512 1211 1554 V,
1227 1510 1260 1544 7.
1307 1509 1517 1554 Iugurtham

123 1573 242 1606 eodem
267 1574 380 1614 culta,
416 1586 482 1618 quo
508 1574 632 1607 liberos
655 1586 733 1606 snos
765 1575 858 1607 domi
885 1575 1025 1616 habuit,
1052 1574 1109 1608 sed
1137 1571 1364 1617 intelligenda
1379 1574 1456 1604 sunt
1474 1571 1516 1604 de

122 1634 334 1667 consortione
366 1634 522 1679 imperil,
552 1645 621 1678 qua
652 1634 802 1678 Micipsa
831 1635 1037 1678 Iugurtham
1066 1634 1170 1668 simul
1194 1644 1273 1666 cum
1300 1631 1402 1670 filiis,
1439 1631 1517 1675 ipso

121 1697 281 1736 mortuo,
307 1695 359 1728 uti
387 1695 508 1732 voluit.
532 1696 579 1729 cf.
609 1707 638 1730 c.
670 1696 730 1736 xl,
754 1695 787 1728 6.
840 1695 955 1738 Ipsum
976 1697 1071 1729 illum
1092 1695 1201 1728 tribus
1221 1693 1395 1737 proxumis
1414 1692 1516 1726 annis

120 1756 347 1799 adoptatione
369 1757 415 1789 in
438 1767 625 1801 regnum
647 1757 935 1800 pervenisse.
966 1757 1078 1796 xxn,
1102 1755 1135 1788 2.
1186 1754 1235 1786 Ob
1262 1754 1400 1787 easdem
1427 1753 1515 1786 artis

120 1816 168 1848 in
190 1826 374 1860 regnum
402 1818 673 1862 adoptatum
698 1829 804 1851 esse.
831 1817 946 1852 Tacit.
967 1817 1054 1851 Ann.
1075 1817 1119 1858 ll,
1139 1815 1174 1859 4,
1193 1814 1225 1848 1.
1245 1813 1321 1848 Liv.
1340 1812 1514 1853 xxxvn,

118 1875 176 1920 25,
196 1876 253 1910 11.
814 1869 817 1871 ’

210 1949 278 1970 non
304 1938 415 1971 minus
439 1949 493 1971 me
516 1938 581 1971 tibi
603 1949 708 1982 quam
731 1940 763 1972 si
786 1939 983 1982 genuissem
1017 1938 1056 1971 ob
1090 1935 1255 1980 beneficia
1281 1945 1397 1968 carum
1419 1933 1510 1977 fore]

117 1996 157 2029 In
187 1998 348 2030 omnibus
369 1998 467 2031 codd.
491 2004 568 2041 post
599 2010 702 2042 quam
729 2000 884 2033 additum
905 1999 1043 2043 legitur
1072 1998 1206 2037 liberis,
1232 1998 1322 2040 quod
1345 1995 1514 2029 sententia

117 2055 185 2089 loci
202 2057 395 2098 postulante
413 2058 538 2092 eiicere
558 2070 627 2092 non
646 2060 898 2097 dubitavimus,
927 2060 1016 2091 idem
1039 2059 1109 2091 iam
1132 2057 1256 2091 Ursino
1278 2063 1310 2091 et
1324 2055 1513 2090 Ciacconio

118 2116 350 2151 suadentibus
396 2119 485 2152 Nam
513 2120 604 2162 qnod
632 2120 839 2153 Gorlachius
871 2119 955 2152 dicit
981 2119 1165 2162 Micipsam
1194 2124 1293 2158 tunc,
1319 2127 1427 2159 quum
1455 2117 1512 2149 Iu-

117 2177 286 2220 gurtham
305 2177 339 2210 in
368 2178 510 2211 domum
534 2178 726 2222 reciperet,
759 2179 888 2212 liberos
907 2180 1056 2212 nondum
1076 2179 1262 2218 habuisse,
1286 2177 1321 2210 id
1342 2188 1452 2219 neque
1470 2187 1511 2209 ex

118 2247 149 2270 c.
167 2237 208 2278 V,
224 2237 259 2272 7.
280 2237 424 2281 probari
447 2242 576 2280 potest,
603 2250 692 2281 quae
711 2239 819 2272 verba
840 2238 954 2282 potins
974 2251 1015 2272 eo
1039 2239 1169 2272 ducunt
1194 2237 1362 2281 Micipsae
1384 2238 1513 2270 liberos

118 2296 191 2330 iam
209 2297 315 2330 fuisse
333 2298 583 2341 (Adherbalem
607 2304 640 2333 ct
661 2299 897 2343 Hiempsalem
920 2311 960 2332 ex
979 2311 1051 2332 sese
1075 2299 1256 2344 genuit,
1282 2298 1510 2343 Iugurtham—

116 2369 199 2402 que
225 2358 343 2391 eodem
368 2360 472 2399 cultu,
497 2371 562 2402 quo
587 2359 764 2392 liberos
789 2369 893 2391 suos
915 2359 1054 2402 habuit)
1078 2370 1189 2402 neque
1208 2358 1348 2391 omnino
1372 2358 1415 2391 ad
1435 2369 1510 2391 rem

116 2419 274 2462 pertinet.
322 2420 400 2451 Hoc
423 2419 515 2452 enim
543 2419 619 2452 vult
641 2419 805 2462 Micipsa,
832 2420 994 2463 beneficia
1010 2430 1071 2452 sua
1100 2419 1191 2462 apud
1209 2419 1417 2464 Iugurtham
1440 2429 1509 2451 nou

115 2479 286 2513 minorem
309 2480 380 2513 vim
412 2480 543 2512 habere
573 2480 719 2520 debere,
747 2489 851 2522 quarn
882 2485 1031 2513 naturae
1054 2480 1194 2513 vincula
1209 2504 1218 2520 ,
1244 2480 1334 2523 quod
1355 2480 1403 2513 ita
1422 2479 1509 2513 dixit

114 2552 219 2585 quam
228 2541 259 2573 si
268 2541 341 2584 (te)
359 2540 553 2585 genuissem
567 2551 579 2579 ,-
603 2540 784 2582 multoque
800 2538 944 2583 gravius
957 2543 1008 2572 est
1024 2540 1114 2572 hanc
1133 2543 1276 2574 naturae
1295 2539 1508 2573 coniunctio-

112 2612 192 2634 nem
219 2601 263 2634 ad
293 2601 405 2644 ipsum
437 2600 646 2643 Iugurtham
680 2599 806 2644 dirigi.
839 2611 944 2642 quam
973 2600 1014 2633 ad
1043 2598 1181 2632 libr-ros.
1231 2599 1508 2643 interpolationis

113 2672 236 2695 caussa
253 2662 347 2695 haud
365 2660 560 2701 recondita3
586 2671 666 2694 nam
684 2671 792 2703 quum
812 2659 948 2693 librarii
973 2659 1150 2703 oppositae
1176 2660 1364 2696 sententias
1390 2661 1419 2694 si
1442 2671 1508 2705 ge-

115 2721 263 2755 nuissem
287 2727 320 2755 et
348 2723 388 2754 ob
419 2721 583 2761 beneficia
610 2731 678 2753 non
702 2726 886 2763 caperent,
911 2720 970 2754 scd
997 2720 1061 2754 mn·
1084 2720 1254 2754 vacabulo
1277 2721 1428 2755 alterum
1445 2731 1508 2763 op-

181 2792 237 2836 11.
1198 2791 1229 2834 4
