1630 3034
360 179 393 219 C
406 179 442 220 A
453 178 490 218 Τ
503 178 521 218 Ι
532 177 567 217 L
581 176 708 219 INA.
768 176 801 216 C
812 177 849 218 A
860 175 906 217 P.
938 174 1084 217 Lvffl.
1116 175 1222 218 LIX.
1396 177 1480 217 311

91 294 210 338 facit.
302 295 418 338 Nam
481 283 721 337 multitudo
792 289 992 337 hostium
1047 306 1104 336 ne
1158 291 1480 338 circumvenire
1492 291 1546 331 20

94 391 255 443 queat,
310 384 554 444 prohibent
616 383 846 443 angustiae
902 383 1002 428 loci.
1093 383 1270 437 Quodsi
1326 384 1477 428 virtuti·
1490 391 1541 429 21

90 483 267 520 vostrae
300 475 479 521 fortuna
514 474 734 529 inviderit,
770 480 924 520 cavete
954 473 1081 517 inulti
1116 475 1311 520 animam
1346 474 1478 518 amit-⁴

89 569 212 620 tatis„
258 581 345 610 neu
401 565 521 624 capti
574 566 724 624 potius
778 565 904 611 sicuti
953 580 1123 625 pecora
1176 565 1476 620 trucidemini,

91 672 229 715 quam
293 657 490 701 virorum
555 670 682 700 more
733 663 989 717 pugnantes
1053 662 1283 702 cruentam
1343 662 1477 715 atque

89 749 337 793 luctuosam
371 749 602 792 victoriam
639 747 841 792 hostibus
883 748 1152 806 relinquatis.

224 839 342 885 LIX.
414 839 543 884 Haec
579 840 656 883 ubi
693 839 826 893 dixit,
874 839 1129 898 paullulum
1173 842 1476 883 commoratus

87 931 213 990 signa
249 944 410 976 canere
444 929 592 985 iubet,
638 938 772 991 atque
807 932 1041 977 instructos
1087 930 1266 975 ordines
1310 930 1358 974 in
1402 920 1479 973 10-ss

88 1083 156 1117 rito
186 1088 304 1118 autem
343 1085 482 1119 Curtius
519 1097 599 1119 cum
622 1087 726 1121 Rem.
758 1086 792 1120 2.
827 1098 882 1120 me
914 1087 1067 1122 deletum
1098 1085 1221 1131 eupit,
1257 1097 1326 1130 quo
1361 1083 1474 1121 oratio

86 1140 162 1174 sine
184 1141 443 1184 perspicuitatis
465 1143 672 1178 detrimento
697 1155 816 1178 carere
839 1156 907 1177 non
931 1147 1056 1188 potest.

179 1201 211 1240 §-
237 1198 378 1233 19-21.
426 1212 480 1234 me
504 1202 710 1245 hortantur]
749 1203 808 1234 Me
832 1201 970 1235 Cortius
993 1201 1095 1235 unius
1118 1200 1237 1234 Struv.
1264 1198 1473 1233 auctoritate

86 1255 228 1298 abegit3
261 1256 320 1288 sed
362 1259 531 1291 sententia
566 1259 599 1291 id
635 1258 831 1303 efflagitat,
877 1271 986 1302 quum
1020 1260 1076 1294 his
1110 1258 1227 1292 verbis
1270 1261 1474 1301 antegressa

86 1317 363 1355 exaggerentur,
389 1326 537 1357 quorum
561 1316 650 1349 haee
673 1316 725 1349 vis
749 1319 843 1358 erat,
878 1320 917 1350 ut
940 1316 1094 1351 Catilina
1128 1328 1164 1351 se
1195 1316 1308 1359 ipsum
1341 1312 1474 1356 optima

85 1380 246 1412 quaeque
292 1382 432 1414 sperare
475 1374 682 1406 ostenderet.
757 1373 871 1417 Igitur
908 1373 1080 1415 Dahlius,
1116 1372 1178 1416 qui
1211 1381 1367 1415 pronom.
1404 1379 1472 1402 non

85 1428 256 1472 agnoseit,
287 1429 382 1462 male
412 1441 472 1464 vos
504 1431 735 1473 supplendum
768 1433 906 1470 censet,
947 1431 1107 1474 graviter
1138 1430 1279 1473 lapsus,
1313 1426 1407 1470 quod
1431 1429 1474 1459 ex

85 1498 115 1518 c.
147 1486 235 1527 XX,
264 1486 320 1520 15.
357 1486 443 1520 huic
485 1487 675 1522 sententiae
715 1487 928 1531 praesidium
970 1487 1118 1530 quaerit.
1145 1505 1191 1512 -
1246 1482 1473 1519 Necessitudo

83 1543 293 1586 explicatum
319 1544 364 1577 ad
388 1556 418 1576 c.
435 1545 544 1586 xvn,
565 1545 599 1580 2.
638 1546 838 1591 Angustiae
862 1546 928 1577 loci
952 1555 1071 1578 omnes
1094 1544 1227 1577 habent
1247 1541 1345 1582 libri,
1368 1550 1469 1583 prae--

85 1604 138 1634 ter
161 1601 279 1633 Guetf.
297 1600 331 1635 3.
356 1602 392 1636 in
416 1614 487 1646 quo
512 1604 578 1637 loci
601 1604 720 1644 abest,
754 1602 873 1636 Cortio
897 1603 1077 1645 probante.
1124 1601 1194 1637 Sed
1218 1596 1406 1635 abiiciendi
1429 1607 1472 1630 ne

84 1657 232 1692 minima
264 1658 404 1702 quidem
437 1670 560 1694 caussa
584 1664 646 1695 est.
694 1661 766 1694 Cur
798 1659 1010 1693 Gerlachius
1042 1670 1127 1692 vero
1151 1658 1216 1692 loci
1239 1667 1321 1689 cum
1346 1654 1473 1688 eximia

84 1717 266 1761 elegantia
298 1716 431 1750 dictum
455 1721 571 1760 putet,
602 1717 763 1763 equidem
796 1728 864 1752 non
900 1727 1076 1759 assequor.
1099 1734 1144 1742 --
1179 1716 1249 1749 Pro
1274 1717 1395 1747 cavete
1417 1712 1470 1744 in-

83 1774 150 1806 ulti
182 1785 240 1808 απ.
266 1784 334 1806 am.
367 1775 478 1818 vulgo
499 1775 624 1809 ⁴¹editur
656 1779 800 1816 cavete,
835 1786 880 1809 ne
904 1775 950 1808 in.
977 1786 1035 1809 an.
1061 1784 1157 1813 am„·
1190 1772 1251 1806 sed
1286 1782 1330 1804 ne
1361 1768 1473 1815 parti-

82 1831 163 1863 cula
187 1830 222 1862 in
247 1831 383 1863 Corum.
407 1831 491 1866 Nm.
517 1833 630 1866 Palat.
651 1832 686 1866 5.
720 1833 805 1867 Bas.
821 1832 854 1866 1.
891 1832 1009 1867 Guelf.
1033 1831 1065 1864 2.
1087 1830 1120 1864 cl.
1146 1833 1181 1863 et
1212 1828 1331 1865 Leidd.
1357 1828 1399 1860 A.
1425 1827 1469 1862 Β.

84 1888 124 1921 C.
150 1889 195 1922 Ι).
220 1888 259 1922 L.
284 1887 326 1921 N.
360 1889 480 1930 abest,
512 1892 693 1932 praeterea
724 1879 759 1923 in
790 1889 965 1922 nonnullis
997 1892 1077 1923 ante
1110 1889 1288 1929 animam,
1320 1885 1356 1919 in
1391 1883 1472 1917 aliis

84 1948 164 1979 unte
188 1946 360 1978 amittatis
383 1946 534 1990 legitur,
571 1947 661 1980 unde
693 1952 786 1981 recte
817 1947 1019 1991 colligitur,
1053 1957 1133 1980 eam
1155 1943 1384 1979 librariorum
1417 1941 1471 1975 in-

84 2001 237 2036 dustriae
269 2002 400 2037 deberi.
458 2004 535 2037 aon
574 2005 667 2037 male
702 2005 902 2048 Herzogius
931 2005 1110 2045 observat,
1153 2001 1364 2046 particulam
1394 2001 1471 2031 tum

85 2062 220 2092 tuntum
243 2059 359 2093 omitti
380 2071 502 2102 posse,
537 2061 597 2094 ubi
621 2073 677 2094 res
700 2070 810 2104 quarn*
830 2060 948 2094 caveri
971 2060 1121 2093 velimus
1142 2058 1258 2102 magis
1282 2057 1471 2095 ess'eratur3

86 2116 147 2148 ubi
168 2126 251 2149 vero
276 2118 422 2150 cavendi
453 2118 549 2151 notio
575 2118 650 2151 sive
681 2119 818 2152 cautela
853 2119 928 2161 ipsa
963 2116 1184 2160 praevaleat,
1216 2125 1260 2147 ne
1283 2124 1352 2146 non
1375 2114 1471 2144 recte

86 2173 228 2213 abesse,
262 2173 342 2207 coll.
376 2174 475 2207 Caes.
501 2175 543 2208 Β.
571 2175 614 2208 G.
644 2175 727 2216 vll,
757 2175 791 2209 2.
818 2194 863 2200 —-
901 2176 953 2209 De
985 2185 1054 2209 neu
1087 2172 1213 2206 vocula
1244 2170 1395 2207 diximus
1426 2168 1470 2203 ad

85 2243 115 2264 e.
140 2228 299 2271 xxxw,
319 2229 355 2271 2,

175 2287 265 2321 mx.
314 2289 346 2330 5.
372 2286 405 2319 1.
454 2287 560 2331 signa
584 2289 732 2332 cancre]
778 2288 909 2321 Canere
933 2288 969 2322 in
992 2289 1061 2322 hac
1084 2298 1124 2321 re
1146 2296 1210 2330 pro
1235 2283 1316 2319 cam'
1338 2281 1469 2317 (lictum

84 2347 227 2389 putant,
250 2344 346 2377 velut
371 2344 571 2378 schonerus
595 2345 631 2378 in
654 2345 735 2378 Lex.
761 2346 867 2390 ampl.
891 2358 927 2389 p.
945 2344 1049 2378 1443.
1073 2346 1107 2378 et
1129 2354 1163 2387 Ρ.
1185 2341 1312 2376 10199,
1327 2368 1336 2384 ,
1361 2343 1466 2381 recte,

84 2402 114 2436 si
138 2412 181 2435 eo
210 2411 347 2434 sensum
371 2411 413 2433 ex
445 2405 563 2434 nostra
587 2401 724 2434 dicendi
748 2403 883 2436 ratione
906 2401 1080 2445 explicare
1104 2400 1247 2441 volunt,
1270 2408 1466 2441 perperam,

83 2459 113 2493 si
136 2458 368 2503 grammatice
391 2457 543 2490 activum
570 2470 632 2502 pro
666 2460 806 2501 passivo
838 2459 988 2502 positum
1023 2460 1215 2493 autumant.
1262 2456 1353 2492 Nam
1376 2458 1467 2488 stru—

84 2521 204 2551 cturae
234 2514 420 2550 insolentia
453 2515 487 2547 in
536 2527 578 2548 eo
611 2516 725 2560 potius
759 2521 937 2558 versatur,
977 2515 1070 2558 quod
1102 2514 1255 2549 Romani
1286 2511 1468 2547 brevitatis

84 2585 230 2614 caussa,
263 2572 321 2605 cui
345 2571 381 2604 in
405 2571 613 2605 dictionibus
637 2573 848 2608 militaribus
881 2572 1035 2607 maxime
1057 2572 1261 2612 studebant,
1286 2569 1467 2609 tubicines,

86 2630 229 2664 canendi
253 2634 427 2669 auctores,
451 2639 518 2661 non
543 2633 714 2671 curantes,
737 2630 878 2675 signum
902 2630 1036 2674 ipsum,
1059 2629 1152 2672 quod
1175 2627 1331 2662 currendo
1357 2626 1468 2660 daba-

87 2693 162 2730 tur,
197 2697 261 2732 pro
294 2685 464 2732 primaria
499 2698 539 2721 re
570 2687 762 2726 haberent,
794 2698 886 2731 quae
917 2699 979 2733 per
1011 2699 1049 2722 se
1083 2697 1206 2721 sonum
1241 2685 1366 2718 ederet.
1413 2682 1469 2716 Eo
