1630 3034
843 73 850 77 .
1033 80 1040 88 ,,
1459 61 1477 90 ι

395 132 756 176 IUGURTHA.
819 134 956 177 CAP.
988 135 1172 176 LXXX.
1373 138 1457 179 42³

77 249 246 304 omnia,
291 247 479 294 honesta
515 256 649 308 atque
688 248 945 306 inhonesta,
989 250 1183 295 vendere
1210 265 1310 294 mos
1345 257 1453 298 erat.

75 344 220 390 Etiam
255 351 384 390 antea
413 346 658 406 Iugurthae
691 346 782 390 filia
814 342 988 403 Bocchi
1021 352 1243 407 nupserat.
1287 346 1491 394 Verum6

73 457 127 484 ea
162 442 444 487 necessitudo
492 442 617 503 apud
651 443 868 486 Numidas
905 443 1184 502 Rffaurosque
1221 443 1329 488 levis
1367 443 1453 488 du-

72 537 204 595 citur,
241 539 345 597 quia
380 539 569 600 singuli,
605 553 692 598 pro
721 539 882 599 opibus
919 540 1130 598 quisque,
1175 554 1312 598 quam
1347 540 1452 600 plu-

68 711 272 755 scrnpulum
294 711 425 754 iniicit,
449 713 540 757 quod
565 712 654 747 haec
678 713 853 757 scriptura
875 725 939 758 per
962 725 998 747 se
1020 715 1112 747 bona
1135 716 1375 749 tantummodo
1399 716 1451 749 le-

66 771 164 816 gitur
187 771 221 805 in
244 772 321 805 Vin.
346 774 379 808 1.
404 773 437 807 2.
460 773 542 807 Sen.
567 773 600 807 2.
635 775 762 809 lleuss.
794 775 919 808 Franc.
950 776 1044 808 Vrat.
1070 774 1103 808 2.
1139 775 1239 809 Rem.
1266 777 1300 810 1.
1333 776 1449 813 Guelf.

65 832 100 866 3.
123 831 156 866 4.
180 832 212 867 7.
238 833 294 866 11.
319 833 374 866 12.
401 833 487 869 Tur.
506 835 540 867 1.
565 833 660 868 Leid.
682 834 726 868 Β.
752 835 796 868 G.
824 836 938 871 Berol.
964 836 996 868 1.
1021 836 1052 869 2.
1082 835 1244 877 (ἷοεῐίἰῑ.,
1269 836 1328 879 qui
1353 836 1450 872 codd.

63 891 254 926 maximam
281 898 415 937 partem
443 894 617 928 inferioris
640 898 718 928 sunt
739 895 881 930 ordinis.
919 895 1037 929 Cortio
1061 895 1211 929 maxime
1235 897 1351 941 placet
1374 900 1449 930 tan·

63 954 245 988 tummodo
267 954 376 988 scribi
401 955 723 999 opportunissimam
748 956 892 999 incepto,
917 954 967 988 uti
992 959 1044 988 est
1068 955 1101 988 in
1125 956 1200 988 solo
1226 956 1293 989 lnc.
1323 957 1354 990 1.
1380 956 1449 990 Sed

62 1025 171 1057 quum
194 1014 308 1059 magis
333 1015 375 1048 de
399 1015 549 1058 Bocchi,
586 1026 692 1059 quam
717 1015 759 1048 de
782 1017 1022 1049 Romanorum
1047 1016 1191 1049 consilio
1217 1023 1370 1061 agatur,
1393 1018 1448 1051 ἰπ-

62 1078 196 1117 ceptum
226 1074 318 1107 nude
341 1075 489 1119 positum
523 1077 728 1121 ambiguam
752 1081 856 1119 atque
878 1077 1064 1109 obscuram
1095 1076 1331 1111 narrationem
1353 1078 1448 1112 face-

60 1137 124 1166 ret.
173 1134 291 1177 Quare
322 1135 408 1170 bello
441 1137 656 1183 negligentia
690 1136 858 1171 omissum
881 1140 1064 1181 putamus,
1103 1139 1141 1169 ut
1166 1137 1318 1180 plurima
1344 1150 1445 1172 voca-

59 1192 144 1227 bula
166 1192 203 1227 in
237 1194 400 1231 omnibus
423 1198 497 1232 fere
529 1200 628 1233 codd.
654 1198 881 1240 exciderunt,
912 1202 946 1231 et
977 1195 1116 1230 interim
1141 1196 1177 1231 in
1201 1203 1340 1242 recepta
1362 1199 1448 1233 scri-

59 1258 162 1298 ptura
186 1255 451 1299 acquiescimus,

151 1316 271 1361 caeci]
305 1329 351 1351 sc.
386 1318 446 1362 qui
481 1317 631 1353 avaritia
662 1317 856 1362 praepediti
889 1317 973 1362 quid
1008 1317 1223 1361 reipublicae
1245 1317 1333 1352 utile
1356 1323 1447 1353 esset

58 1386 127 1410 non
149 1376 317 1412 viderent.
343 1397 389 1404 —
423 1379 524 1423 Quae
546 1383 756 1422 sequuntur:
789 1380 865 1424 quis
887 1378 1024 1420 omnia,
1048 1378 1194 1412 honesta
1219 1384 1323 1424 atque
1347 1379 1445 1413 inho-

57 1442 178 1480 nesta,
201 1439 349 1473 vendere
372 1450 444 1472 mos
468 1443 556 1481 erut,
581 1450 792 1484 quamquam
815 1439 976 1473 omnibus
1003 1438 1143 1473 omnino
1167 1440 1265 1473 codd.
1292 1440 1442 1483 firmata,

56 1497 238 1541 Bipontini
271 1503 436 1543 tanquam
469 1510 490 1534 a
523 1501 720 1544 glossatore
751 1500 870 1543 aliquo
895 1511 936 1532 ex
961 1500 1034 1533 Cat.
1061 1500 1172 1541 XXX,
1196 1499 1227 1533 4.
1252 1501 1322 1534 hue
1345 1500 1444 1534 illata

57 1558 191 1592 uncinis
221 1558 453 1602 incluserunt,
487 1560 694 1594 Sallustium
717 1571 843 1604 parum
876 1560 1053 1605 cognitum
1076 1560 1262 1603 habentes,
1287 1561 1345 1605 qui
1374 1572 1442 1596 non

56 1620 171 1652 solum
201 1620 339 1654 easdem
374 1632 479 1655 voces
512 1632 707 1664 vocumque
739 1622 870 1655 formas
902 1631 1005 1664 saepe
1040 1624 1198 1663 repetere
1232 1624 1347 1662 amnt,
1382 1621 1441 1654 sed

55 1678 160 1713 etiam
184 1679 219 1713 in
253 1679 377 1715 iisdem
402 1681 596 1723 sententiis,
628 1682 685 1715 vel
713 1693 781 1715 non
805 1680 946 1715 mutatis
978 1679 1115 1723 verbis,
1152 1681 1208 1714 vel
1231 1680 1356 1714 leviter
1378 1691 1442 1714 va-

54 1739 179 1784 riatis,
216 1741 292 1784 plus
324 1752 392 1775 uno
425 1741 504 1775 loco
536 1742 703 1785 ponendis
735 1742 802 1775 sibi
826 1742 949 1785 placet.
997 1742 1212 1774 Documento
1241 1744 1320 1775 sunt
1353 1741 1442 1774 haee

53 1800 153 1844 ipsa,
187 1799 230 1834 de
254 1802 380 1844 quibus
404 1801 544 1846 agitur,
579 1802 706 1843 verba,
736 1802 864 1846 quibus
886 1806 1008 1836 auctor
1030 1801 1102 1836 iam
1126 1811 1231 1844 supra
1255 1811 1284 1834 c.
1310 1801 1439 1842 xxxi,

53 1861 110 1895 12.
142 1860 270 1895 iterum
302 1874 384 1896 usus
416 1865 487 1903 est,
524 1862 619 1895 nullo
650 1862 879 1906 interpretum
911 1863 1056 1896 offenso.
1106 1862 1206 1905 Quae
1240 1861 1372 1895 dixerat
1395 1862 1438 1895 ad

53 1922 316 1957 describendum
357 1923 519 1958 timorem
557 1922 770 1964 mulierum,
809 1922 981 1956 Catilinae
1021 1922 1259 1955 coniuratione
1293 1922 1437 1963 factum,

53 1981 129 2016 cat.
162 1982 303 2023 XXXI,
336 1983 368 2018 2.
422 1983 538 2027 Neque
572 1983 664 2024 loco,
704 1994 765 2016 nec
803 1983 934 2016 Ῑιοῆιίηί
965 1983 1122 2026 cuiquam
1155 1983 1243 2016 satis
1276 1982 1437 2024 credere,

52 2041 173 2076 eadem
203 2041 343 2087 integra
367 2047 547 2076 recurrunt
568 2042 646 2086 lug.
672 2042 819 2084 LXXII,
845 2042 878 2077 2.
927 2042 1109 2076 Metellum
1140 2047 1304 2076 naturam
1329 2042 1436 2077 etiam

51 2102 172 2136 vicisse
205 2113 273 2136 uon
309 2107 487 2137 contentus
523 2102 594 2136 fuit
625 2114 656 2136 c.
691 2101 805 2145 LXX,
840 2102 873 2136 2.
908 2103 1054 2145 dixisse,
1097 2103 1155 2136 sed
1186 2103 1277 2137 idem
1310 2103 1435 2147 repetit

49 2162 215 2204 Lxxw,
246 2161 280 2195 l.
329 2164 428 2207 Quae
460 2174 487 2197 e.
525 2162 689 2204 Lxxxl,
729 2162 760 2197 1.
816 2163 1023 2207 Iugurtham
1055 2167 1253 2206 querentem
1284 2162 1370 2197 facit
1391 2163 1435 2198 de

50 2224 292 2258 Romanorum
318 2223 473 2257 avaritia
495 2226 529 2257 et
553 2222 680 2257 iniusto
701 2223 834 2256 bellum
859 2223 936 2257 aliis
960 2223 1129 2257 inferendi
1152 2223 1284 2265 studio,
1309 2223 1431 2258 eadem

49 2283 84 2318 in
115 2282 262 2326 epistola
294 2282 510 2318 Mithridatis
541 2283 586 2317 ad
619 2283 806 2325 Arsacem,
837 2284 982 2330 Fragm.
1018 2285 1171 2319 Historr.
1195 2283 1260 2324 IV,
1286 2283 1355 2325 12„
1380 2282 1431 2317 itt

47 2346 251 2389 persecutus
273 2347 346 2388 est,
385 2347 422 2377 ut
445 2343 532 2377 haee
554 2343 673 2388 priora
695 2344 795 2388 quasi
819 2356 881 2388 pro
911 2349 1118 2390 argumento
1141 2343 1237 2378 illius
1260 2343 1431 2388 epistolae

48 2403 173 2439 haberi
202 2404 343 2447 possint.
389 2403 441 2437 Ad
473 2405 616 2438 eandem
649 2416 724 2439 rem
754 2405 860 2440 etiam
892 2406 1058 2449 pertinet,
1099 2405 1192 2449 qnod
1224 2404 1362 2448 saepiu·
1391 2403 1428 2439 iu

46 2475 176 2511 paucos
206 2469 364 2509 potentes
394 2465 587 2509 invehitur,
611 2465 669 2509 qui
692 2464 758 2499 soli
781 2476 900 2499 omnes
925 2465 1172 2511 magistratus,
1202 2465 1350 2499 honores
1373 2468 1427 2499 at-

48 2538 116 2572 que
138 2537 220 2569 opes
243 2529 408 2568 tenerent,
432 2527 529 2560 velut
551 2527 627 2561 Cat.
650 2526 728 2567 XX,
750 2526 785 2560 7.
811 2527 972 2568 xxmx,
993 2526 1026 2560 2.
1050 2527 1129 2571 lug.
1154 2526 1245 2567 xm,
1268 2523 1304 2559 9.
1328 2524 1427 2559 alibi.

139 2589 172 2630 ἓ.
195 2585 229 2620 6.
265 2587 350 2630 filia
377 2587 517 2631 Bocchi]
543 2587 595 2621 lta
618 2590 729 2621 exstat
751 2586 787 2620 in
810 2586 944 2621 duobus
965 2587 1064 2620 codd.
1088 2583 1302 2628 Cutilionei,
1324 2584 1428 2621 Bodl.

51 2646 193 2680 Martin-
218 2647 380 2682 Arondel.
405 2646 480 2680 Vin.
509 2647 543 2683 2.
571 2647 696 2683 Franc.
728 2646 867 2681 Vratisl.
901 2645 936 2679 3.
967 2646 1038 2679 Ine.
1063 2645 1097 2680 1.
1127 2645 1274 2680 Eecard.
1303 2644 1424 2680 Guelf-

54 2706 90 2742 Ι,
111 2706 149 2742 ⁴1.
169 2705 207 2744 9.
229 2705 288 2741 10.
309 2706 366 2745 11.
391 2706 487 2742 held.
512 2706 552 2745 C.
575 2707 617 2742 F.
640 2707 689 2742 Η.
714 2707 741 2741 1.
765 2706 810 2741 K.
837 2705 885 2740 Μ.
910 2705 952 2741 N.
978 2705 1109 2741 Bus.L
1132 2704 1244 2741 Paris.
1273 2704 1316 2740 D·
1339 2714 1373 2740 c.
1390 2713 1424 2740 x.
