1630 3034
60 166 63 170 ’
133 184 192 225 oc
498 179 542 222 c
571 178 910 222 SALLthn
939 178 1166 223 cmsm

102 309 127 348 3
143 296 382 344 Numidiae
410 295 635 355 imperare
657 303 798 357 parat.
870 294 1106 341 Adherbal
1133 297 1307 341 tametsi
1334 297 1531 342 Romam

139 395 314 454 legatos
357 392 569 451 miserat,
625 395 704 452 qui
750 394 968 438 Senatum
1016 392 1233 437 docerent
1285 392 1345 437 de
1389 393 1531 438 caede

134 490 280 534 fratris
315 495 360 534 et
394 488 581 535 fortuniS
613 491 731 547 suis,
772 496 925 534 tamen
955 489 1096 535 fretus
1130 489 1410 534 multitudine
1444 491 1531 534 mi-

101 588 262 637 4litum
306 586 498 646 parabat
547 588 681 632 armis
727 586 1011 632 contendere.
1094 586 1190 632 Sed
1233 586 1314 630 ubi
1356 602 1428 630 res
1471 586 1532 630 ad

137 689 366 729 certamen
403 683 553 742 venit,
602 685 744 730 victus
792 699 848 729 ex
881 683 1061 744 proelio
1096 683 1302 744 profugit
1337 684 1382 728 in
1415 698 1529 743 pro-

133 878 278 912 exitium
301 877 449 910 militum
473 876 577 911 habet
611 881 717 922 nique
752 883 916 914 armat.
942 878 1097 914 Historr.
1121 878 1150 921 1,
1175 877 1232 919 40,
1256 877 1351 913 med.
1402 877 1530 911 Othoni

133 943 255 972 tamen
288 937 468 971 armari
512 939 694 981 plebem
727 940 970 974 nunciabatur.
1001 940 1048 980 ΙΙ,
1078 938 1114 981 8,
1139 951 1172 983 p.
1200 938 1291 972 med.
1314 938 1376 979 111,
1400 936 1460 980 79,
1484 936 1533 973 ἰιι.

133 999 231 1032 Flor.
255 998 319 1038 111,
342 997 401 1032 22.
423 1017 470 1022 —
508 998 694 1034 Voluntate
728 1000 754 1035 i.
779 1012 811 1034 e.
834 1000 920 1044 ipsis
954 999 1174 1040 volentibus,
1199 1003 1324 1043 sponte
1345 1008 1421 1031 sua.
1467 995 1531 1031 Di-

133 1070 237 1094 versa
260 1062 378 1093 autem
411 1059 650 1096 ablativorum
674 1061 801 1095 relatio
836 1060 873 1094 in
906 1060 977 1094 ista
1007 1060 1223 1104 oppositione
1248 1057 1332 1092 satis
1354 1059 1532 1102 frequens.

134 1121 213 1156 Liv.
237 1120 332 1162 xxi,
358 1119 418 1162 58,
446 1119 480 1152 2.
509 1132 587 1154 eum
611 1134 742 1167 quoque
773 1127 916 1167 gentem
939 1125 1003 1156 aut
1027 1121 1070 1154 vi
1094 1126 1158 1155 aut
1180 1121 1431 1153 voluntate
1464 1117 1531 1151 ad-

135 1182 322 1216 iuncturus.
349 1180 509 1222 XXXIV,
527 1181 586 1224 29,
606 1184 639 1217 1.
674 1184 714 1218 L.
743 1183 903 1225 Quintius
926 1183 1126 1216 maritimae
1149 1193 1232 1215 orae
1256 1179 1382 1223 oppida
1399 1177 1533 1222 partim

135 1254 157 1276 υ
171 1243 404 1282 oluntate,
423 1244 554 1286 partim
579 1245 625 1277 υί
647 1249 712 1279 aut
735 1249 832 1278 metu
851 1243 951 1288 cepit.
970 1243 1060 1287 Epit.
1082 1243 1145 1278 lib.
1168 1240 1293 1277 XLIX.
1343 1239 1533 1273 Andriscus

134 1309 246 1340 totam
270 1302 514 1337 Macedoniam
543 1311 605 1339 aut
638 1306 886 1339 voluntate
918 1304 1165 1344 incolentium,
1191 1307 1253 1336 aut
1269 1301 1410 1335 armis
1433 1311 1533 1334 occu·

132 1366 246 1410 pavit.
270 1375 309 1398 v.
331 1363 393 1396 Fr.
419 1364 577 1401 Gronov.
600 1367 644 1400 ad
670 1366 781 1408 XXX,
808 1366 845 1407 9,
870 1365 906 1399 2.
939 1364 1201 1399 Drakenborch.
1226 1363 1272 1396 ad
1295 1363 1337 1404 V,
1364 1361 1422 1403 17,
1443 1361 1530 1394 9.-

134 1427 188 1460 De
207 1429 317 1470 parat
341 1425 472 1466 verbo,
500 1424 524 1457 i.
546 1437 575 1461 e.
611 1427 752 1472 agitat,
782 1427 858 1462 sive
892 1427 937 1461 id
961 1426 1071 1471 agit
1091 1449 1102 1468 ,
1133 1429 1182 1459 ut
1216 1424 1386 1468 imperet,
1424 1432 1460 1454 v.
1487 1420 1532 1456 ad

135 1487 211 1521 Cat.
236 1485 359 1526 XLVI,
373 1484 407 1518 3.
427 1496 459 1527 p·
484 1484 565 1519 209.

230 1550 261 1590 ς.
288 1545 321 1579 3.
370 1546 521 1588 tametsi]
549 1545 606 1580 Ita
629 1557 748 1580 omnes
769 1546 869 1580 codd.
893 1549 1034 1590 praeter
1057 1544 1204 1580 Eccard.
1236 1548 1271 1578 et
1293 1553 1404 1577 unum
1428 1541 1531 1575 Was-

137 1608 201 1651 sii,
226 1619 312 1651 quos
339 1612 457 1642 tumen
482 1607 547 1639 etsi
570 1608 773 1649 praebentes
798 1607 938 1641 Cortius
969 1610 1003 1641 et
1028 1606 1236 1640 Gerlachius
1260 1605 1296 1638 in
1320 1604 1374 1637 ed.
1400 1602 1534 1636 maiore

136 1669 246 1704 secuti
260 1671 360 1708 sunt3
384 1677 418 1701 v,
443 1666 570 1707 XXXI,
584 1666 694 1700 21.—
711 1667 751 1700 In
777 1667 894 1700 verbis
919 1668 962 1700 de
978 1667 1084 1701 caede
1098 1667 1227 1710 fratris
1245 1664 1445 1708 ‹tsorlunis
1461 1663 1534 1696 suia

136 1732 312 1772 exspectes
334 1728 480 1761 fortasse
504 1727 547 1759 de
568 1732 648 1761 ante
665 1729 819 1770 fortunis
843 1728 975 1772 repeti,
999 1728 1187 1762 secundum
1211 1738 1264 1768 ea,
1289 1737 1378 1769 quae
1404 1725 1446 1758 de
1463 1725 1535 1758 liao

136 1801 176 1824 re
197 1788 348 1822 diximus
372 1787 417 1821 ad
442 1787 545 1821 Catil.
569 1799 598 1820 c.
629 1788 755 1829 XLIX,
779 1789 811 1822 1.
844 1799 876 1831 p.
909 1786 990 1822 226.
1037 1788 1107 1823 Sed
1139 1787 1352 1822 Adherbalis
1374 1788 1535 1821 fortunae

139 1854 236 1884 arcte
263 1860 344 1883 cum
376 1849 498 1881 fratris
526 1849 634 1881 caede
667 1849 871 1882 coniunctae
896 1853 1015 1891 erant,
1052 1860 1162 1892 caque
1185 1848 1284 1892 quasi
1306 1848 1534 1883 contineban-

138 1917 216 1951 tur,
247 1909 418 1953 siquidem
443 1908 556 1942 occiso
581 1908 788 1953 Hiempsale
811 1910 896 1953 quid
927 1910 1029 1944 alteri
1053 1909 1245 1944 timendum
1269 1914 1358 1943 esset
1382 1909 1535 1943 maxime

139 1971 316 2016 proditum
347 1973 434 2003 erat.
481 1968 600 2011 Quare
622 1973 810 2014 utrumque
841 1981 913 2005 una
935 1975 1102 2013 tanquam
1127 1969 1341 2014 cogitatione
1373 1979 1534 2013 compro-

137 2032 357 2065 hendendum
381 2029 562 2072 duplicata
586 2030 843 2073 praepositione
866 2042 935 2064 non
957 2035 1048 2075 eget.
1100 2030 1276 2064 Fortunae
1300 2034 1439 2070 autem,
1463 2038 1534 2072 qua

140 2104 226 2126 voce
249 2103 334 2136 opes
358 2094 393 2125 et
416 2090 598 2124 facultates
622 2090 801 2134 designari
823 2092 946 2125 docent
970 2091 1208 2136 grammatici,
1231 2090 1329 2123 velut
1352 2088 1536 2132 Zumptius

143 2154 306 2187 Gramm.
331 2152 406 2186 Lat.
431 2153 462 2192 §.
487 2150 546 2192 22,
565 2150 599 2186 3.
625 2163 660 2195 p.
685 2151 742 2185 80.
767 2151 819 2186 ed.
845 2152 915 2191 lv„
939 2153 1033 2196 apud
1053 2151 1262 2187 Sallustium
1277 2162 1346 2184 non
1368 2149 1535 2183 differunt

137 2223 161 2248 a
177 2215 349 2256 fortuna,
371 2212 418 2245 cf.
443 2211 535 2253 XIV,
559 2211 618 2248 24.
643 2212 768 2254 xxm,
794 2211 827 2245 2.
854 2212 962 2253 LXII,
977 2213 1013 2247 1.

233 2275 266 2315 §.
289 2273 323 2306 4.
369 2273 544 2317 profugit]
569 2272 670 2316 Apud
693 2272 780 2306 Non·
806 2272 864 2314 lV,
887 2273 943 2307 68.
968 2276 1019 2306 est
1035 2273 1161 2318 fugit,
1184 2270 1401 2317 negligentia
1419 2269 1536 2314 potius

142 2332 398 2376 Grammatici,
432 2344 538 2376 quam
573 2334 666 2377 quod
698 2333 888 2368 Sallustius
918 2345 956 2367 re
989 2345 1074 2368 vera
1108 2333 1159 2367 ita
1191 2331 1392 2376 scripserit3
1422 2340 1535 2373 nequo

141 2394 310 2438 vulgatae
331 2393 491 2428 officiunt
513 2405 606 2438 quae
630 2395 672 2428 dc
700 2397 892 2440 profugere
916 2394 1024 2428 verbo
1049 2393 1199 2427 diximus
1229 2393 1274 2427 ud
1298 2393 1373 2426 Cat.
1392 2391 1479 2432 mv,
1497 2389 1532 2425 3.

140 2465 173 2498 p.
199 2454 280 2488 287.
328 2454 432 2498 Quod
455 2466 562 2497 quum
587 2467 650 2499 pro
675 2455 709 2488 vi
734 2466 797 2489 sua
820 2455 1025 2498 respondeat
1046 2454 1237 2489 vernaculo
1259 2454 1375 2488 dauon
1389 2451 1536 2495 flichen,

142 2519 236 2557 patet
259 2515 418 2558 proximo
442 2515 667 2550 coniunctum
691 2515 842 2560 cogitari
865 2516 992 2549 debere
1016 2527 1096 2549 cum
1118 2514 1234 2549 verbis
1257 2526 1298 2548 cx
1317 2513 1462 2557 proelio,
1483 2511 1535 2546 ita

142 2580 179 2609 ut
204 2576 240 2608 in
270 2577 484 2619 provinciam
519 2587 586 2609 non
622 2576 785 2610 continuo
821 2588 843 2610 a
874 2577 1035 2620 profugit
1060 2576 1226 2619 pendeat,
1252 2575 1311 2608 sed
1335 2573 1451 2618 potius
1472 2583 1532 2605 ex-

141 2635 335 2679 plicationis
357 2647 482 2671 caussa
505 2636 663 2672 additum
688 2638 746 2679 uit,
768 2639 837 2672 hoc
862 2639 936 2671 fore
958 2648 1079 2671 sensu:
1104 2642 1147 2671 et
1171 2635 1358 2680 quidem
1381 2634 1417 2667 ιἰι
1434 2643 1531 2677 prou.

145 2706 180 2728 ne
204 2697 342 2740 recepit.
364 2698 452 2731 —In
473 2698 692 2742 provinciam
717 2699 740 2734 i.
758 2710 788 2733 ο.
814 2698 851 2733 iu
877 2709 957 2732 eain
983 2698 1124 2732 Africae
1148 2700 1303 2740 partem,
1337 2705 1429 2737 quae
1446 2692 1532 2727 olim

139 2755 481 2800 Carthaginiensium
507 2759 643 2803 fuerat,
671 2760 723 2802 (v.
749 2771 779 2793 c.
805 2759 900 2799 xlx,
924 2758 976 2800 7.)
1000 2759 1059 2793 sed
1083 2769 1104 2791 a
1128 2755 1298 2790 Romanis
1319 2754 1353 2788 in
1379 2754 1531 2787 formam
