1630 3034
429 99 599 140 RERUM
631 100 694 140 Ac
722 100 992 140 VERBORUM
1246 131 1248 137 .
1347 98 1402 139 39

27 210 118 242 Heres
135 212 281 242 secundus
299 212 388 253 quid,
407 212 430 244 Ι.
452 212 507 250 65,
528 212 555 244 1.

24 267 222 298 Hexametri'
214 277 246 298 in
265 267 413 299 oratione
430 267 588 310 pedestri,
609 267 643 300 C.
668 268 719 306 19,
739 270 769 300 5.
821 269 843 300 l.
865 270 896 303 5
916 268 946 300 1

2 324 4 327 “
24 322 156 354 Hiberna
169 323 327 364 quomodo
345 323 500 355 differant
517 323 557 354 ab
576 324 792 363 hibernaculis,
811 323 834 356 l.
856 323 981 362 103,1.

24 378 79 409 Hic
96 378 294 421 pronominis
311 379 442 421 propria
458 379 523 417 vis,
542 378 565 410 Ι
588 378 640 417 18,
659 379 690 411 9.

24 433 79 465 Hic
96 439 256 476 sequente
274 434 416 466 relativo
433 444 490 476 pro
508 435 532 465 is
547 435 699 477 positum,
719 435 753 467 C.
775 435 807 470 2.
826 436 856 467 4.
908 436 962 473 51,
982 435 1012 467 8.
1064 436 1086 466 l.
1117 435 1169 471 14,
1187 435 1217 466 8,
1240 472 1242 474 ,
1269 434 1323 469 23,
1343 435 1371 465 2.

24 490 78 521 Hic
96 491 128 522 in
147 491 173 521 is
191 490 417 533 depravatum,
437 489 471 521 C.
494 490 546 522 14.
566 490 597 523 3.
648 491 702 529 30,
721 492 760 530 4;
780 491 810 523 6.
862 490 916 528 37,
936 493 966 523 5.
1018 490 1071 526 50.
1091 490 1121 522 3.

24 546 79 577 Hic
97 545 137 578 de
154 550 330 588 praesento
347 556 455 578 rerum
473 550 563 578 statu
581 546 714 586 dictum,
733 546 756 578 Ι.
775 548 808 585 4,
824 546 854 578 7.

24 602 79 633 Hic
95 602 249 644 temporis
267 602 438 634 vocabulis
456 602 600 634 additum
618 603 638 634 i.
660 613 689 644 q.
703 603 873 643 proximus,
892 602 914 634 l.
939 602 990 640 11,
1011 602 1041 634 6.
1093 602 1145 635 31.
1165 603 1184 633 2

26 658 82 689 Hic
99 657 122 689 i.
143 667 173 699 q.
190 657 288 689 rebus
308 658 352 690 ita
372 658 579 701 comparatis,
598 658 622 690 Ι.
643 658 696 696 18,
716 658 747 690 9.

26 713 107 745 Haec
122 718 272 745 neutrum
291 715 322 745 in
340 723 439 745 unum
458 714 702 756 comprehendit
719 719 796 746 ante
814 714 914 752 (licta,
934 714 957 745 Ι,
977 714 1032 751 85,
1053 715 1081 745 4.

26 769 88 800 Hoc
106 774 147 801 est
165 770 395 812 explicationis
414 770 636 810 etgravitatis
655 765 805 808 formula,
819 769 843 802 1.
865 769 919 809 31,
938 769 991 802 20.

3 818 6 826 ’
27 826 125 866 Hippo
142 826 330 865 DiarrhymS,
347 825 371 857 Ι.
394 825 447 858 19.
467 824 497 856 1.

26 881 194 921 Hispaniae
211 883 300 920 duae,
328 880 362 913 C.
386 881 439 920 18,
457 882 487 912 4.

19 932 177 972 ’Ἰζεσθαι
192 935 241 973 εἴς
255 948 302 976 τι,
320 936 343 968 Ι.
366 936 442 975 112,
461 936 492 968 3.

26 993 120 1024 Homo
138 1003 202 1025 non
219 993 340 1025 dicitur
357 993 428 1024 loco
445 993 643 1035 pronominis
662 993 822 1024 indefiniti
840 994 962 1033 aliquis,
983 993 1016 1025 C.
1039 993 1092 1031 33,
1116 994 1125 1024 l

27 1049 120 1080 Homo
138 1049 259 1080 dicitur
274 1059 331 1091 pro
347 1049 373 1079 is
392 1049 447 1080 vel
465 1049 526 1087 ille,
544 1048 568 1080 Ι.
590 1047 644 1081 70,
664 1049 693 1081 5.

25 1104 165 1136 Homines
182 1109 216 1136 et
233 1114 332 1136 omnes
350 1104 535 1140 consusa.1.
553 1103 606 1143 74,
626 1103 656 1136 1.

26 1160 189 1192 Honestare
206 1161 335 1201 aliquem
353 1162 475 1199 honore,
490 1157 529 1193 C.
551 1160 605 1198 35,
624 1160 654 1192 3.

27 1217 158 1248 Honesta
175 1221 263 1257 alque
279 1217 435 1248 inhonesta
452 1227 509 1259 pro
527 1217 730 1259 appositione
749 1217 839 1248 vocis
861 1226 971 1252 omnm,
1000 1216 1033 1248 C.
1055 1216 1108 1251 30,
1130 1218 1157 1247 44

26 1272 172 1304 Honeslus
192 1273 213 1304 i.
234 1283 264 1314 q.
284 1273 495 1311 honorificus,
518 1272 552 1304 C.
573 1272 629 1308 20.
648 1271 678 1304 9.
729 1272 752 1305 l.
774 1272 806 1310 3.
828 1272 856 1305 1.

27 1328 188 1360 Honestum
205 1329 227 1361 i.
247 1338 277 1371 q.
298 1329 461 1365 decorum,
480 1328 502 1360 Ι.
523 1328 577 1364 82,
597 1329 627 1359 2.

27 1384 149 1416 Honesti
161 1385 226 1417 viri
244 1385 382 1428 oppositi
400 1386 503 1422 claris,
521 1383 546 1416 Ι.
565 1384 598 1422 8,
618 1383 646 1416 1.

28 1439 182 1472 Honorare
199 1441 329 1481 aliquem
349 1441 459 1481 oloria,
478 1440 500 1473 l.
523 1439 576 1476 10,
595 1440 626 1471 2.

28 1496 197 1529 Honoribus
215 1498 271 1537 uli,
289 1497 313 1529 I.
333 1497 388 1535 25,
408 1497 439 1528 4.

27 1552 128 1584 Honos
145 1552 296 1586 Sallustii
315 1558 378 1591 est,
398 1563 460 1584 non
480 1553 586 1590 honor,
603 1552 626 1583 l.
650 1552 682 1591 3,
703 1552 731 1583 1.

27 1608 128 1639 Honos
146 1613 180 1641 et
195 1618 311 1641 munus
328 1608 492 1651 publicum
511 1612 544 1639 et
561 1608 738 1650 praemium
752 1607 929 1648 significat.
948 1607 971 1639 1.
994 1607 1025 1645 3,
1049 1607 1076 1639 l.

25 1663 153 1695 Hostia:
167 1675 223 1705 per
240 1665 354 1696 hostias
371 1665 552 1705 supplicare,
578 1663 602 1695 Ι.
623 1663 677 1702 63,
698 1662 727 1695 1.

27 1719 127 1750 Hostis
145 1721 302 1762 quomodo
320 1720 452 1752 differat
469 1720 509 1751 ab
530 1720 664 1756 inimico,
690 1717 714 1750 Ι.
737 1717 789 1757 10,
806 1719 834 1750 5.

28 1776 128 1807 Hostis
145 1776 166 1808 i.
187 1786 216 1818 q.
237 1776 431 1820 perduellis,
461 1774 494 1807 C.
516 1775 571 1812 36.
591 1776 621 1807 2.

26 1832 126 1863 Hostis
143 1832 244 1864 alicui
263 1836 297 1864 et
312 1832 467 1870 alicuius,
496 1830 519 1863 Ι.
541 1831 596 1869 10,
611 1832 640 1869 5.
690 1830 745 1868 83,
765 1831 791 1862 1.

26 1888 90 1918 Huc
107 1892 142 1920 et
159 1888 226 1918 huic
243 1887 392 1925 confusa,
410 1887 433 1919 Ι.
456 1886 510 1925 47,
526 1886 557 1919 2.

27 1943 91 1974 Huc
106 1959 151 1965 —
167 1943 239 1973 illuc
254 1951 353 1974 voces
371 1943 561 1984 plerumque
579 1942 650 1973 sine
668 1941 783 1983 copula
801 1947 977 1983 ponuntur,
997 1942 1018 1974 l.
1041 1943 1094 1980 60,
1114 1944 1144 1974 4.

25 1999 114 2030 Humi
130 2008 202 2030 cum
219 1998 379 2030 vocabulo
396 2002 501 2030 motus
520 1997 727 2029 coniunctum
746 2007 807 2028 non
822 1997 913 2029 valet
930 1999 1061 2034 humum,
1089 1998 1123 2029 C.
1144 1999 1197 2036 55.
1218 1999 1246 2031 3.

25 2055 170 2096 Hyphen,
196 2054 300 2096 figura
327 2064 345 2086 n
371 2054 591 2095 grammaticis
617 2053 713 2092 ficta,
743 2053 774 2085 in
801 2052 921 2086 Latina
940 2053 1053 2095 lingua
1079 2054 1202 2086 nullum
1220 2059 1341 2088 exstat.
1375 2056 1396 2087 lv

116 2109 171 2150 76,
186 2111 216 2143 5.

27 2166 172 2206 Hvsteron
189 2170 343 2207 proteron.
364 2163 399 2197 C.
419 2165 474 2198 36.
494 2166 522 2197 4.

682 2278 742 2330 1.

28 2389 126 2420 lacere
143 2389 259 2428 aliquid
277 2390 297 2420 i.
319 2400 346 2431 q.
369 2389 475 2421 obiter
489 2399 679 2425 memorare,
699 2387 722 2419 l.
746 2388 798 2422 ll.
822 2391 850 2420 5.

27 2445 89 2475 lam
105 2445 297 2477 transeundi
316 2446 380 2477 vim
399 2445 509 2483 habet,
531 2444 565 2475 C.
591 2443 641 2475 15.
665 2443 693 2475 1.

28 2501 89 2531 Iam
103 2502 232 2542 primum
249 2510 311 2542 quo
328 2510 430 2532 sensu
447 2500 588 2537 dicatur,
609 2498 642 2531 C.
667 2499 719 2538 15,
740 2500 768 2532 1,

27 2556 90 2587 lam
107 2556 263 2598 quomodo
281 2555 412 2588 differat
424 2566 442 2587 a
460 2565 549 2594 nnnc,
569 2554 591 2587 Ι.
613 2554 644 2593 5,
669 2554 698 2587 1.

27 2612 89 2643 Iam
104 2612 174 2644 inde
191 2622 207 2642 α
226 2621 287 2643 non
306 2616 358 2643 est
374 2612 628 2649 sollicitandum,
647 2610 669 2643 l.
687 2609 740 2647 77.
760 2611 790 2642 2.
