1630 3034
392 187 754 232 IUGURTHA.
819 187 946 233 CAP.
975 188 1186 233 LXXIX.
1407 194 1491 234 417

105 302 245 348 humo
282 304 508 362 excitavit,
557 321 610 350 ea
644 319 810 366 magna
851 304 895 349 vi
930 304 1099 365 agitata
1135 320 1215 349 ora
1244 306 1490 366 oculosque

71 396 294 461 'implere
344 403 482 456 solet3
526 403 587 446 ita
631 407 880 462 prospectu
924 401 1143 461 impedito
1190 404 1354 447 morari
1391 404 1486 448 iter.

103 497 350 557 Postquam
404 498 681 558 Cyrenenses
727 499 950 556 aliquanto
1003 499 1271 558 posteriores
1326 515 1374 544 se
1419 500 1521 547 vsi-7

101 656 223 691 rietur.
271 658 340 692 Sed
365 658 400 692 in
423 661 586 702 promptu
610 660 661 692 est
679 659 746 692 has
769 669 903 704 nugas,
927 668 1011 702 quas
1030 669 1093 701 pro
1120 658 1275 693 doctrina
1298 659 1489 705 venditant,

101 727 125 751 a
157 717 274 752 ieiuna
311 718 572 760 comparatione
605 718 738 752 latinae
772 718 933 752 dictionis
967 730 1048 751 cum
1079 719 1284 763 germanica
1318 719 1491 762 profectas

100 789 186 812 esse.
234 779 324 813 Nam
359 778 486 820 latina,
520 782 559 813 ut
589 790 653 822 par
685 782 756 820 est,
786 791 849 823 per
882 790 919 812 se
949 783 1122 821 spectata,
1147 779 1236 812 nihil
1261 790 1401 822 prorsus
1425 783 1490 821 est,

98 839 191 883 quod
213 839 392 883 passivam
415 844 619 884 potestatem
643 840 780 884 prodat.
817 839 955 884 Quippe
977 850 1068 882 quae
1087 839 1273 873 Sallustius
1299 841 1490 885 gignentia

99 897 185 932 dicit
217 911 325 943 quum
359 899 410 934 ita
443 904 648 944 comparata
681 899 766 941 siut,
810 903 850 933 ut
879 900 951 934 alia
983 900 1136 934 eiusdem
1174 900 1312 945 generis
1342 912 1383 935 ex
1414 912 1488 936 seso

100 957 271 1003 gignant,
305 971 395 1002 quae
426 965 508 995 nata
541 965 662 1005 suapte
686 960 722 994 vi
747 964 924 1002 crescant,
958 965 1178 1006 augeantur,
1210 966 1244 995 et
1275 973 1396 995 rursus
1430 962 1488 1007 gi-

94 1019 224 1064 guendi
249 1020 453 1055 facultatem
477 1021 640 1062 habeant,
664 1022 743 1055 luce
759 1021 888 1055 clarius
912 1026 973 1063 est,
996 1033 1038 1055 ea
1062 1020 1266 1067 significari,
1292 1032 1383 1065 quae
1407 1033 1487 1056 ver-

97 1080 224 1114 nacula
259 1091 425 1115 vocamus
460 1083 652 1127 organis
665 1083 741 1116 che
777 1075 930 1127 Korper',
965 1082 1090 1126 quibus
1114 1094 1203 1126 quae
1226 1082 1384 1126 opposita
1407 1087 1487 1117 sunt

97 1136 307 1184 ἆνόργανα,
338 1145 505 1186 tanquam
538 1143 702 1177 inferiore
736 1144 850 1188 gradu
872 1143 1061 1184 collocata,
1087 1147 1121 1177 et
1143 1142 1206 1177 illa
1227 1143 1394 1187 giguendi
1417 1144 1485 1178 vir-

96 1205 170 1235 tute
196 1205 232 1236 et
255 1202 378 1236 ceteris
402 1213 481 1236 cum
505 1202 575 1236 hac
598 1204 790 1238 coniunctis
816 1207 956 1245 carent3
981 1204 1026 1238 cf.
1050 1203 1143 1238 infra
1168 1215 1196 1236 c.
1223 1204 1345 1245 XCIII,
1370 1204 1404 1238 4.
1438 1205 1485 1239 E't

89 1264 186 1306 sorte
208 1263 246 1296 in
269 1274 308 1296 eo
343 1264 414 1296 loco
438 1264 586 1308 grandis
619 1265 685 1298 ilex
717 1266 897 1298 coaluerat
928 1265 1020 1298 inter
1051 1276 1158 1307 saxa,
1194 1265 1352 1308 paullum
1384 1265 1484 1300 modo

92 1334 228 1368 prona,
262 1323 388 1358 deinde
404 1325 502 1368 flexa
527 1329 630 1369 atque
654 1330 801 1359 aucta
835 1325 880 1358 in
917 1324 1246 1366 altitudinem,
1271 1337 1335 1369 quo
1361 1331 1484 1360 cuncta

95 1384 384 1429 gignentium
417 1389 549 1419 natura
575 1387 661 1428 fert.
710 1384 875 1418 Nostrum
908 1384 1025 1417 Iocum
1059 1383 1215 1418 imitatus
1239 1389 1289 1418 est
1313 1385 1484 1430 Hegesip-

92 1456 158 1488 pus
181 1445 249 1485 IV,
273 1445 330 1479 16.
386 1445 471 1478 Urbs
502 1446 642 1480 condita
677 1446 713 1479 in
748 1457 885 1490 campo,
918 1444 974 1478 cui
995 1444 1224 1488 supereminet
1254 1457 1352 1481 mons
1377 1447 1484 1491 diffu-

95 1505 165 1538 sior
199 1509 233 1538 et
264 1505 410 1539 nudus
450 1506 772 1551 gignentium,·
802 1507 892 1539 uude
924 1509 1019 1548 patet
1042 1505 1230 1549 gignentia
1258 1505 1413 1540 maxime
1441 1507 1484 1541 do

96 1565 282 1599 arboribus
306 1570 341 1599 et
363 1565 549 1600 fruticibus
574 1567 750 1612 intelligi,
776 1576 992 1611 quamquam
1015 1566 1214 1599 animantia
1238 1566 1356 1600 omnia
1378 1566 1484 1600 simul

93 1625 162 1659 hac
193 1637 281 1660 voce
304 1627 653 1670 comprehenduntur.
701 1628 794 1672 Quin
819 1640 859 1662 ea
883 1628 959 1662 sola
981 1626 1196 1671 significavit
1226 1627 1417 1671 Appuleius
1440 1627 1483 1661 de

94 1685 216 1720 flabit.
241 1686 351 1720 doctr.
386 1688 477 1722 Plat.
502 1687 532 1723 I.
563 1701 597 1733 p.
621 1689 656 1723 6.
690 1689 744 1722 ed.
769 1689 928 1722 Elmeuh.
979 1689 1141 1721 Animam
1165 1699 1245 1722 vero
1275 1689 1482 1722 animan-

95 1746 209 1781 tium
233 1747 384 1780 omnium
409 1760 478 1782 non
501 1761 698 1794 corpoream
724 1761 818 1793 esse,
851 1761 911 1783 nec
935 1760 1018 1783 sane
1041 1750 1255 1793 perituram,
1280 1760 1383 1793 quum
1407 1760 1483 1782 eor-

93 1818 178 1852 pore
209 1808 323 1851 fuerit
361 1808 541 1851 absoluta,
585 1811 802 1855 omniumque
839 1811 1146 1855 gignentium
1190 1820 1261 1844 esse
1303 1810 1482 1842 seniorem.

94 1868 165 1902 Sed
199 1880 321 1902 vocem
352 1869 554 1913 angustiore
586 1871 651 1905 illo
684 1882 786 1905 seusu
821 1871 1026 1915 plerumque
1060 1875 1266 1915 usurpatam
1292 1870 1419 1911 fuisse,
1448 1872 1484 1904 et

92 1928 254 1963 Sallustii
281 1929 349 1963 loci
383 1930 584 1974 ostendunt,
618 1935 653 1966 et
675 1932 800 1975 probat
824 1942 906 1964 usus
927 1931 1159 1975 posteriorum
1182 1929 1415 1973 scriptorum,
1445 1933 1484 1964 ut

93 1989 252 2023 Lactant.
275 1990 319 2022 de
349 1990 405 2023 Ira
429 1990 495 2023 Dei
519 1991 555 2034 1,
575 1990 633 2025 13.
689 1990 798 2024 Aiunt
832 1991 920 2024 enirn
945 1992 1057 2025 multa
1085 2001 1155 2024 esee
1179 1992 1215 2024 in
1238 1990 1483 2035 gignenti-

95 2048 178 2082 bus
209 2052 243 2082 et
274 2049 312 2082 in
340 2061 490 2084 numero
526 2051 829 2092 animalium,
866 2062 1008 2095 quorum
1041 2051 1154 2084 adhuc
1186 2052 1298 2085 lateat
1333 2051 1481 2085 utilitas.

29 2125 38 2139 ι
96 2109 232 2142 Eadem
254 2120 294 2142 re
318 2109 363 2143 ab
388 2110 514 2144 effectu
537 2117 690 2155 spectata
717 2111 894 2145 Vitruvius
918 2112 1098 2145 nascentia
1123 2111 1217 2151 dicit,
1244 2121 1332 2153 quae
1355 2121 1377 2144 a
1400 2110 1479 2144 Sal-

95 2168 200 2203 lustio
223 2170 412 2213 gignentia
436 2177 626 2213 vocantur3
658 2172 700 2207 ct.
735 2172 781 2212 V,
807 2172 840 2207 1.
890 2172 969 2206 Non
1004 2173 1115 2206 minus
1147 2183 1251 2216 quam
1277 2172 1383 2205 etiam
1407 2183 1481 2205 na-

93 2231 314 2264 scentium
338 2237 471 2275 oportet
493 2233 624 2266 imitari
643 2238 822 2275 naturam,
846 2237 885 2267 ut
903 2234 938 2266 in
963 2233 1150 2266 arborib
1164 2244 1211 2265 us
1234 2233 1410 2268 teretibus.
1432 2232 1481 2266 id.

94 2291 186 2332 vm,
210 2291 243 2325 1.
293 2292 331 2326 Si
358 2293 576 2327 invenientur
606 2295 866 2336 nascentia,
898 2295 1011 2328 tenuis
1043 2295 1229 2335 iuncus,
1259 2294 1387 2327 sali:
1418 2304 1482 2327 er-

94 2353 266 2386 ratica.
290 2372 335 2378 —
371 2353 513 2386 Coortus
536 2354 629 2387 male
657 2353 693 2387 iu
717 2354 891 2388 nonnullis
923 2355 1021 2388 codd.
1047 2355 1272 2397 depravatum
1294 2357 1345 2386 est
1365 2351 1402 2386 in
1425 2364 1483 2386 or-

95 2416 151 2446 tus
175 2412 232 2445 vel
265 2417 425 2453 exortus),-
459 2424 540 2446 nam
577 2425 641 2448 usu
666 2415 800 2456 valuit,
834 2420 872 2448 ut
896 2415 1026 2448 coon‘or
1051 2425 1160 2458 paene
1183 2412 1381 2457 legitimum
1405 2424 1483 2445 ver-

94 2472 179 2506 bum
204 2472 248 2506 sit
271 2473 314 2506 de
337 2473 448 2506 ventis
472 2478 505 2506 et
529 2476 802 2518 tempestatibus,
836 2476 890 2509 Cl'.
916 2475 1176 2509 Drakenborch.
1202 2474 1245 2507 ad
1271 2472 1346 2507 Liv.
1370 2473 1398 2511 1,
1423 2472 1481 2515 16,

95 2531 131 2566 1.
166 2533 285 2566 Subito
319 2540 436 2567 coorta
460 2540 659 2578 tempestas.
695 2537 769 2576 XL,
794 2536 831 2578 2,
858 2537 890 2572 1.
915 2537 962 2569 ib.
988 2547 1017 2569 c.
1042 2534 1098 2576 35,
1117 2534 1152 2569 2.
1176 2534 1273 2568 Caes.
1298 2535 1342 2568 B.
1369 2535 1411 2568 G.
1440 2534 1480 2577 V,

97 2590 154 2632 10,
177 2591 211 2628 2.
239 2593 286 2627 id.
310 2593 352 2626 13.
381 2595 418 2628 C.
444 2595 479 2637 1,
505 2595 569 2637 48,
591 2597 623 2629 1.
673 2597 818 2630 Praeter
851 2597 938 2630 haec
970 2597 1127 2639 exempla
1163 2595 1302 2629 Cortius
1325 2593 1483 2628 laudavit

98 2651 188 2685 Ptin.
211 2653 257 2686 H.
276 2653 318 2688 N.
341 2655 384 2695 11,
411 2654 468 2695 48,
492 2655 567 2691 init.
590 2656 686 2691 Flor.
707 2657 752 2698 11,
777 2659 811 2698 6,
836 2657 894 2692 15.
918 2657 1016 2701 virg.
1037 2657 1167 2700 Georg.
1193 2655 1255 2698 III,
1280 2654 1360 2689 478.
1400 2655 1483 2688 Inde

98 2714 193 2754 patet
223 2715 345 2747 cooriri
369 2727 443 2749 esse
475 2728 555 2750 cum
590 2717 627 2751 vi
659 2729 789 2763 magna
826 2723 861 2753 et
891 2716 1115 2753 vehementia
1134 2716 1220 2752 oriri
1244 2716 1300 2750 vel
1323 2713 1481 2757 excitari,

101 2780 193 2814 quae
213 2774 308 2810 notio
326 2775 424 2811 abest
446 2787 466 2811 a
493 2777 647 2822 simplici
669 2779 789 2812 verbo.

171 2842 224 2887 11.
1140 2847 1206 2892 27
