1630 3034
163 168 248 211 458
534 161 580 204 C.
610 159 938 203 SALLUSTI
966 159 1185 204 GRlsrl

162 294 418 327 maxumum
453 278 684 339 negotium
727 277 1019 339 imposuistis,
1068 277 1200 322 etiam
1243 281 1378 336 atque
1413 277 1544 322 etiam
1587 302 1590 304 v

93 383 147 424 29
157 383 387 440 reputate,
432 391 539 420 num
584 389 739 420 eorum
781 375 1108 435 poenitundum
1152 373 1218 419 sit.
1288 373 1394 418 Non
1439 388 1544 434 pos-

160 490 255 522 sum
305 474 412 519 fidei
467 488 623 520 caussa
677 472 920 533 imagines,
976 487 1123 532 neque
1174 469 1426 532 triumphos
1470 477 1547 515 aut

161 573 414 619 consulatus
460 571 681 615 maiorum
725 585 930 615 meorum
980 575 1224 625 ostentare,
1269 574 1344 627 at,
1388 568 1424 613 si
1473 580 1546 612 res

158 671 382 732 postulet,
427 668 600 725 hastas,
655 667 891 724 vexillum,
937 667 1169 729 phaleras,
1215 666 1300 711 alia
1342 665 1546 710 militaria

249 821 282 862 ἓ.
306 817 364 852 28.
384 821 418 851 et
439 815 498 851 29.
545 816 781 861 imposuistis]
813 817 893 852 Hoc
924 817 1072 852 verbum
1104 826 1168 859 per
1190 825 1342 860 zeugma
1366 813 1411 849 ad
1437 814 1545 848 hono-

156 891 229 914 rem
254 877 402 919 referri,
432 877 492 921 qui
523 877 629 912 datur
664 889 732 911 non
755 877 967 922 imponitur,
999 877 1072 911 iam
1095 875 1294 910 monuimus
1328 875 1373 910 ad
1397 887 1428 909 c.
1451 874 1545 916 XIV,

156 941 190 975 4.
222 957 265 964 —-
295 938 366 972 Pro
393 949 545 973 eorum
577 938 829 983 poenitendum
864 938 1006 974 Cottius
1037 941 1071 972 et
1095 936 1169 971 eius
1191 940 1378 971 sectatores
1399 935 1546 980 scripse-

155 1004 236 1035 runt
258 999 306 1034 id
328 999 598 1043 pocustundum,
621 1003 661 1033 ut
684 999 816 1044 legitur
838 998 873 1033 in
897 998 1109 1034 Fabricium»
1133 997 1232 1031 Rivii
1255 1000 1290 1032 et
1312 997 1391 1031 vin.
1415 997 1449 1030 l.
1474 996 1545 1030 Sed

155 1073 265 1107 quum
288 1059 395 1094 ceteri
419 1060 519 1094 codd.
555 1070 676 1094 omnes
704 1059 741 1093 in
772 1060 920 1106 vulgata
950 1059 1187 1100 consentiant,
1216 1057 1384 1093 audacius
1406 1056 1546 1091 videtur

153 1128 228 1158 tam
258 1122 386 1167 exigua
419 1120 630 1155 auctoritate
662 1124 804 1156 externa
839 1121 973 1165 aliquid
1006 1131 1165 1161 novare,
1206 1129 1423 1163 quamquam
1452 1121 1547 1151 recto

154 1184 282 1219 dicitur
302 1182 478 1228 poenitere
501 1181 711 1226 aliquam
740 1194 841 1216 rem.
867 1183 913 1217 cf.
939 1182 1012 1216 Cic.
1036 1182 1080 1215 de
1105 1182 1238 1215 invent.
1261 1180 1308 1224 11,
1326 1179 1382 1214 13.
1422 1180 1545 1214 Utrum

152 1247 191 1280 id
217 1245 361 1289 facinus
395 1243 461 1286 sit,
499 1242 616 1287 quud
650 1243 902 1287 poenitere
933 1244 1046 1287 fuerit
1078 1253 1222 1277 necesse.
1255 1241 1392 1275 Colum.
1414 1239 1460 1282 11,
1485 1238 1542 1272 11.

154 1308 278 1351 Itaque
312 1304 384 1338 hic
419 1315 536 1348 ager
573 1303 690 1337 colono
724 1309 792 1338 est
822 1304 1140 1349 poenitendus
1173 1314 1214 1336 ac
1248 1307 1418 1347 tanquam
1437 1300 1544 1345 pesti-

152 1369 224 1402 lens
247 1365 486 1411 refugiendus.
519 1364 636 1399 Tacit.
669 1364 757 1399 Anu.
783 1365 850 1409 vl,
874 1364 942 1407 48,
974 1365 1009 1399 2.
1057 1364 1244 1400 Arruntius
1276 1362 1455 1407 respondit
1477 1372 1546 1395 non

150 1428 284 1464 aliud
313 1427 454 1472 poeni
464 1426 566 1460 tend
576 1436 671 1469 um,
711 1437 817 1471 quam
851 1426 942 1470 quod
973 1415 1117 1460 a'nxiam
1154 1428 1328 1460 senectam
1363 1422 1545 1458 toleravis-

150 1495 213 1525 set.
240 1509 287 1516 —
311 1490 362 1522 De
387 1491 450 1521 out
478 1486 653 1531 particula
680 1497 714 1522 v·
742 1487 787 1521 ud
818 1498 850 1521 c.
882 1487 1016 1528 xvm,
1040 1488 1073 1522 2.
1100 1506 1142 1511 —
1168 1487 1221 1520 De
1244 1484 1456 1519 militaribus
1478 1483 1543 1517 do-

148 1552 226 1593 nis,
261 1560 351 1594 quae
387 1548 421 1581 in
454 1548 658 1581 universum
691 1553 866 1583 memorat
890 1548 1015 1582 Cicero
1051 1559 1084 1592 p.
1119 1547 1211 1581 Mur.
1246 1557 1277 1580 c.
1314 1546 1357 1587 V,
1383 1544 1440 1578 11.
1465 1544 1542 1579 Liv.

148 1611 323 1652 XXXIX,
348 1608 389 1652 5,
415 1607 473 1643 17.
506 1609 600 1642 Gen.
634 1608 710 1642 NN.
745 1609 818 1643 ΛΑ.
851 1610 899 1652 V,
922 1609 970 1650 6.,
1002 1609 1046 1642 cf.
1083 1607 1176 1652 Lips.
1209 1607 1252 1640 de
1279 1605 1384 1640 Milit.
1419 1605 1461 1646 V,
1486 1603 1543 1640 1².

145 1670 297 1707 Nitschii
320 1669 457 1713 Antiqq.
495 1669 638 1703 Romm.
674 1669 752 1703 vol.
782 1670 826 1704 11.
863 1682 899 1714 p.
924 1668 1017 1704 1454
1041 1681 1114 1713 sqq.
1149 1672 1183 1702 et
1215 1667 1383 1701 Creuzeri
1405 1665 1547 1710 Antiqq·

144 1732 255 1766 Rom.
290 1732 323 1773 §-
349 1729 490 1774 260211.
524 1741 556 1774 p.
590 1728 661 1764 396
686 1741 739 1773 sq.
771 1730 824 1763 ed.
859 1730 903 1764 ΙΙ.
953 1731 1108 1772 Hastas,
1144 1728 1272 1773 quibus
1306 1728 1414 1761 fortes
1436 1727 1542 1760 dona—

145 1793 275 1827 bantur
299 1791 361 1835 (cf.
386 1791 511 1825 Festus
534 1791 570 1825 h,
599 1791 677 1835 v.),
702 1794 844 1824 vocatas
867 1800 942 1824 esse
962 1801 1089 1835 puras,
1113 1789 1138 1824 i.
1162 1800 1193 1822 e.
1219 1787 1293 1821 sine
1315 1788 1430 1829 ferro,
1453 1787 1543 1820 Var-

144 1852 242 1887 ronis
264 1851 474 1886 auctoritate
497 1851 602 1886 tradit
627 1851 772 1885 Servius
795 1851 841 1885 ad
866 1851 963 1897 Virg-
990 1852 1076 1886 Aen.
1101 1850 1160 1893 vl,
1184 1848 1263 1882 76⁰.
1314 1850 1367 1882 De
1387 1848 1541 1893 phaleris

145 1925 180 1948 v.
210 1914 340 1948 Duker.
377 1913 421 1946 ad
445 1913 542 1947 Flor.
569 1914 606 1955 1,
631 1912 676 1954 5,
699 1913 735 1948 6.
769 1913 847 1948 Liv.
885 1913 1056 1955 XXXIX,
1089 1911 1155 1953 31,
1180 1910 1235 1945 17.
1286 1910 1431 1943 Praeter
1451 1909 1540 1943 haec

147 1976 241 2010 dona
272 1974 380 2009 tribui
413 1974 574 2008 solebant
604 1984 746 2008 coronae
771 1972 861 2007 varii
884 1972 1045 2019 generis,
1077 1978 1235 2016 torques,
1272 1972 1457 2012 armillae,
1480 1982 1540 2004 ca—

147 2037 256 2071 tellae
288 2045 330 2070 ac
354 2036 520 2080 fibulae3
554 2046 590 2070 V.
624 2034 664 2068 A.
691 2034 783 2070 Geli.
809 2035 861 2077 11,
888 2034 945 2068 11.
994 2034 1035 2068 L.
1060 2033 1190 2068 Siccius
1214 2032 1387 2066 Dentatus
1412 2030 1540 2065 dicitur

146 2098 340 2132 coronis
363 2107 435 2131 esse
462 2097 612 2130 donatus
634 2096 753 2130 aureis
775 2100 869 2138 octo,
901 2094 1109 2129 obsidionali
1133 2104 1228 2134 una,
1261 2092 1451 2126 muralibus
1475 2092 1539 2126 tri·

145 2159 229 2201 bus,
265 2158 383 2192 civicis
407 2158 706 2204 quattuordecim,
739 2157 990 2201 torquibus
1019 2155 1130 2191 tribus
1161 2159 1196 2188 ct
1228 2152 1431 2199 octoginta,
1472 2164 1539 2186 ar-

144 2220 296 2253 millis
316 2220 396 2264 plus
430 2225 566 2254 centum
595 2217 806 2264 sexaginta,
840 2217 992 2252 hastis
1031 2215 1295 2260 duodeviginti3
1327 2213 1538 2259 phaleris

144 2282 229 2314 item
254 2281 404 2315 donatus
428 2285 478 2315 est
502 2281 680 2325 quinquies
714 2278 893 2323 viciesque.
924 2278 1004 2312 niv.
1027 2278 1048 2312 Ι.
1076 2279 1101 2312 1.
1127 2280 1160 2321 §.
1186 2277 1244 2311 17.
1292 2276 1423 2310 Donati
1446 2286 1471 2309 a
1500 2275 1535 2309 G.

147 2342 338 2387 Calpurnio
363 2342 494 2387 equites
523 2340 764 2386 phaleris,·
798 2340 979 2382 Quinctius
1009 2350 1088 2373 suos
1113 2338 1244 2383 equites
1266 2336 1462 2372 catellis
1493 2347 1536 2370 ac

140 2404 321 2446 fibulis
352 2403 508 2437 donavit.
551 2401 694 2436 Sueton.
727 2400 820 2446 Aug.
852 2412 882 2434 c.
915 2400 1033 2442 XXV,
1064 2399 1157 2434 med.
1216 2399 1317 2432 Dona
1353 2396 1536 2437 militaria,

146 2464 329 2509 aliquanto
356 2466 505 2507 facilius
535 2464 780 2508 phaleras,
813 2466 1003 2506 torques
1029 2467 1063 2496 et
1098 2460 1261 2506 quicquid
1284 2469 1370 2493 auro
1404 2468 1533 2503 argon-

149 2530 250 2569 toque
283 2530 480 2568 constaret,
515 2536 617 2570 quam
643 2525 797 2558 vallares
828 2535 870 2557 ac
904 2524 1056 2557 murales
1098 2531 1293 2556 coronas
1327 2519 1447 2553 dabat.
1484 2517 1532 2551 M.

149 2588 346 2632 Agrippam
371 2587 407 2620 in
433 2587 556 2620 Sicilia
586 2591 662 2631 post
686 2586 847 2619 navalem
871 2585 1053 2620 victoriam
1078 2583 1235 2617 caeruleo
1266 2570 1444 2615 vexillo
1471 2579 1532 2612 do—

148 2649 266 2689 navit,
292 2647 354 2682 ubi
377 2659 410 2684 v,
431 2647 625 2681 casaubon.

241 2712 273 2752 ᾖ.
299 2709 356 2743 3⁰.
406 2710 485 2743 Hae
508 2708 610 2752 sunt]
648 2707 699 2740 ne
731 2706 944 2751 pronominis
973 2716 1101 2750 genere
1134 2715 1165 2736 v.
1202 2702 1246 2735 nd
1281 2702 1355 2735 Cat.
1379 2701 1460 2744 vn,
1485 2700 1532 2741 6‚;

150 2771 191 2804 de
215 2771 393 2813 anaphora
418 2770 460 2805 ud
487 2770 561 2804 Cat.
586 2769 670 2811 XX,
695 2767 726 2802 4.
764 2768 819 2807 Li,
845 2768 899 2800 16.
927 2785 968 2791 -
1005 2768 1091 2799 Ante
1123 2763 1284 2798 nobilitas
1316 2761 1468 2796 Weisius
1490 2773 1531 2795 cx
