1630 3034
118 205 201 246 172
488 198 540 242 c?
565 199 887 242 SALLUSTI
921 200 1180 244 CRISPI'

117 323 278 373 retent,
315 316 452 359 multa
485 317 681 376 superba
716 322 761 360 et
795 316 994 360 crudelia
1031 317 1230 361 facinora
1266 318 1503 363 nobilitatis

119 412 378 466 ostendere3
423 427 605 473 prorsus
649 414 838 457 intentus
884 414 1007 457 omni
1050 413 1189 458 modo
1224 415 1371 474 plebis
1407 416 1504 459 aui-

84 520 243 561 4mum
271 510 558 557 accendebat.
602 509 698 555 Sed
726 509 938 568 quoniam
964 496 1017 554 ea
1042 518 1309 571 tempestate
1328 512 1507 556 Romae

116 608 307 653 Memmi
348 607 557 651 facundia
593 608 714 651 clara
749 607 1014 666 pollensque
1050 599 1160 662 fuit,
1212 609 1375 653 decere
1411 610 1506 654 exi-

117 706 306 750 stumavi
352 720 487 749 unam
532 720 587 748 ex
636 712 728 748 tam
776 704 923 748 multis
969 705 1217 749 orationem
1263 707 1355 750 eius
1397 721 1507 766 per—

119 803 339 859 scribere,
387 817 439 845 ac
484 802 778 862 potissumum
824 817 878 846 ea
923 801 1096 860 dicam,
1147 819 1263 862 quae
1307 804 1352 847 in
1399 819 1507 847 con-

118 983 178 1027 qui
196 982 405 1017 Sallustium
431 982 482 1016 ita
507 981 687 1026 scripsisse
708 980 878 1016 coniecitz
900 981 1117 1015 concionibus
1139 983 1303 1027 populum
1326 983 1374 1017 ad
1396 983 1510 1016 vindi-

116 1045 266 1078 candum
283 1044 431 1085 hortari,
454 1044 709 1088 rempublicam,
735 1043 932 1076 libertatem
956 1054 999 1076 ne
1024 1043 1233 1078 desererent.
1281 1045 1391 1077 Recte
1406 1042 1512 1077 sensit

117 1105 327 1140 Gerlachius
351 1117 441 1149 quae
465 1105 526 1138 ille
549 1104 659 1138 deleri
682 1104 788 1147 velit,
824 1115 965 1138 monere
995 1104 1168 1147 verbum,
1200 1103 1397 1148 particulae
1429 1113 1511 1147 pro-

115 1168 288 1201 hibitivae
309 1167 549 1210 anaphoram,
574 1177 674 1200 suam
697 1176 900 1209 pronomen,
924 1175 968 1198 ea
992 1163 1133 1209 singula
1157 1176 1219 1208 pro
1242 1164 1404 1199 Sallustii
1423 1172 1512 1198 ‘eon-

116 1229 193 1263 silis
217 1223 384 1273 magnam
409 1228 481 1261 vim
507 1229 639 1261 habere
663 1227 707 1260 ad
740 1237 858 1261 acrem
885 1225 1045 1260 Memmii
1068 1225 1246 1268 animum,
1286 1225 1347 1270 qui
1371 1225 1511 1271 plebem

116 1291 161 1325 ad
184 1290 303 1324 odium
327 1289 520 1323 nobilitatis
543 1288 760 1331 stimularet,
787 1288 1048 1322 declarandum.

209 1356 244 1386 et
268 1350 440 1393 crudelia]
467 1351 514 1385 Et
539 1350 677 1384 Cottius
701 1349 819 1384 omisit
842 1349 912 1383 fide
935 1348 1043 1383 trium
1067 1349 1167 1385 codd.
1187 1348 1338 1390 Guelffi,
1364 1347 1512 1383 Eccard.
1572 1365 1573 1368 κ

115 1413 221 1448 Fabr.
246 1412 278 1445 1.
304 1412 339 1447 2.
368 1415 402 1445 et
427 1411 528 1444 Rem.
554 1410 610 1451 l.;
645 1411 704 1444 sed
729 1416 868 1455 praeter
891 1410 1104 1445 relicum-um
1129 1421 1334 1444 consensum
1358 1409 1512 1444 maxime

117 1474 232 1508 obstat
253 1473 418 1516 loquendi
443 1484 535 1506 usus.
583 1473 663 1515 Qua
695 1473 774 1516 lege
809 1473 879 1506 duo
917 1472 1092 1506 adieetiva
1120 1471 1339 1506 substantivo
1369 1476 1510 1515 postpo-

115 1535 180 1569 sita
205 1535 332 1578 copula
357 1545 476 1567 carere
501 1532 652 1577 possint,
685 1533 836 1567 diximus
859 1534 905 1566 ad
929 1545 958 1567 c.
985 1534 1150 1577 xxxin,
1175 1534 1209 1567 4.
1244 1532 1322 1566 Alia
1345 1531 1437 1566 ratio
1460 1533 1513 1565 est

114 1596 145 1629 si
179 1594 350 1629 adiecliva
381 1605 508 1627 nomen
539 1594 760 1637 praecedunt.
808 1593 878 1628 Ubi
911 1594 1004 1628 enim
1041 1595 1090 1628 ita
1114 1598 1320 1638 comparata
1341 1597 1440 1634 sunt,
1473 1595 1514 1626 ut

114 1661 275 1690 nentrum
308 1655 457 1689 arctiore
486 1655 637 1698 quodam
673 1665 761 1687 nexu
790 1666 870 1687 cum
904 1654 1121 1688 substantivo
1145 1655 1353 1698 cohaereat,
1386 1653 1513 1697 copula

115 1719 237 1753 abesse
261 1716 404 1760 nequit;
428 1721 523 1750 recte
545 1727 630 1750 vero
655 1715 830 1749 omittitur
853 1715 883 1748 εἰ
906 1715 1058 1748 alterum
1081 1726 1160 1748 cum
1184 1714 1326 1748 nomine
1350 1713 1384 1747 in
1404 1725 1511 1747 innam

116 1778 216 1822 quasi
238 1777 415 1811 notionem
441 1776 625 1817 coalescit,
658 1780 696 1809 ut
728 1775 824 1818 prius
855 1776 1096 1810 tantummodo
1128 1776 1202 1809 veri
1236 1774 1426 1818 praedicati
1449 1784 1512 1817 po-

116 1844 275 1875 testatem
301 1839 456 1879 habeat,
485 1849 554 1881 quo
581 1837 840 1870 substantivum
864 1848 945 1870 cum
969 1837 1082 1870 altero
1106 1837 1279 1870 adiectivo
1304 1836 1408 1869 simul
1424 1835 1512 1869 defi-

117 1901 246 1936 niatur.
270 1901 314 1933 cf.
338 1900 515 1932 Bauer-um
538 1898 583 1932 ad
607 1898 724 1931 Sanct.
750 1897 898 1932 Minerv.
924 1898 976 1939 11,
1001 1898 1035 1932 8.
1062 1911 1098 1942 p.
1118 1898 1188 1932 240
1200 1909 1274 1941 sqq.
1300 1898 1410 1931 wilh.
1428 1897 1510 1932 Em.

118 1961 261 1996 Weberi
287 1962 489 1995 Exercitatt.
522 1959 605 2004 styli
636 1961 712 1993 Lat.
736 1959 851 1993 Votl.
887 1971 920 2001 μ.
939 1959 998 1996 27.
1016 1966 1085 1993 ηοῑ.
1105 1958 1163 1993 63.
1197 1959 1329 1994 Bromi.
1355 1959 1399 1991 ad
1423 1958 1511 2001 Nep.

117 2024 257 2057 Datum.
294 2034 322 2055 c.
349 2022 416 2062 ΙΙΙ,
449 2021 482 2054 2.
536 2022 612 2065 Ipse
645 2021 781 2065 agresti
814 2020 992 2063 duplici
1027 2020 1225 2053 amiculo
1262 2020 1509 2054 circumdatus.

119 2084 244 2118 Noster
267 2084 344 2127 lug.
372 2082 571 2125 xxxviii,
596 2082 629 2116 6.
654 2082 780 2115 Cohors
806 2093 877 2114 uno
904 2082 1074 2126 Ligurum
1099 2092 1175 2115 cum
1198 2082 1319 2124 paucis
1341 2091 1514 2126 grego-

120 2145 205 2179 riis
239 2144 474 2178 militibus
507 2143 680 2176 transiere
711 2143 759 2177 od
792 2153 925 2187 regem.
975 2142 1134 2175 Plurima
1167 2153 1208 2175 ex
1235 2142 1336 2175 Livio
1367 2140 1516 2175 eontulit

120 2204 431 2240 Drakenborcliius
454 2205 498 2239 ad
521 2204 547 2245 l,
575 2203 639 2244 14,
663 2203 696 2236 7.
723 2215 765 2237 ex
790 2204 914 2247 quibus
938 2203 1106 2237 nonnullo
1129 2202 1199 2236 hnc
1223 2202 1457 2237 transcriben-
1468 2202 1514 2235 li-

121 2270 215 2307 cent,
240 2272 278 2300 ut
302 2267 340 2307 1,
364 2265 432 2308 31,
453 2265 487 2300 8.
525 2267 637 2307 Quum
662 2265 711 2298 ibi
735 2266 906 2309 quaedam
932 2266 1064 2299 occulto
1097 2265 1326 2298 sollennia
1360 2263 1513 2297 socri·

115 2328 236 2371 sicia
265 2328 337 2361 Iovi
371 2327 481 2360 Elicio
509 2329 614 2368 sacta
650 2326 848 2360 invenisset.
874 2327 908 2369 1,
935 2325 1002 2368 57,
1031 2327 1086 2360 11.
1126 2327 1171 2361 Et
1203 2331 1276 2360 tum
1306 2326 1446 2371 quiden
1469 2325 1514 2358 ab

122 2394 287 2423 nocturno
313 2389 512 2422 iuvenili
536 2388 636 2421 ludo
662 2388 698 2420 in
722 2393 841 2421 costra
865 2388 1022 2421 redeunt.
1043 2387 1152 2427 xml,
1176 2386 1234 2428 50,
1256 2388 1292 2421 6.
1320 2387 1518 2420 Ceu-vicibus

123 2461 236 2483 corum
253 2455 512 2493 praepotentem
529 2449 708 2493 sinitim
720 2461 740 2480 u
752 2459 785 2481 m
806 2459 958 2493 regem
977 2449 1189 2493 imposuisse.
1205 2447 1399 2489 xxxvm,
1413 2447 1469 2484 52,
1482 2447 1515 2481 l.

127 2510 193 2544 Hic
217 2510 386 2554 npecn'osm
411 2511 604 2543 ultimus
628 2509 722 2543 die·
750 2509 786 2543 P.
812 2510 965 2554 Scipioni
989 2510 1114 2543 illusit.
1163 2509 1260 2542 Adde
1282 2509 1411 2543 Catuli.
1426 2508 1455 2549 1,
1481 2508 1515 2542 1.

128 2571 217 2614 Quoi
251 2571 339 2604 dono
373 2571 524 2615 lepidum
557 2581 717 2604 novum
753 2570 992 2604 libellum?
1029 2570 1100 2604 Cic..
1127 2571 1170 2604 de
1194 2570 1368 2614 Legg.1‚
1399 2568 1432 2608 9,
1456 2568 1513 2602 26.

132 2632 271 2665 Natura
287 2643 401 2665 rerum
416 2632 643 2675 plurimarum
663 2632 824 2665 obscuras
847 2632 1129 2666 necessarias
1155 2630 1516 2675 intelligentius

129 2693 305 2731 enodavit,
330 2692 421 2734 quod
442 2692 654 2726 Goerenzins
676 2704 862 2737 perperam
883 2693 1039 2737 explieat
1061 2693 1149 2725 olnc.
1170 2693 1279 2725 intell.
1304 2701 1417 2735 quac
1442 2701 1516 2723 ne-

130 2753 374 2787 cessar-‘ac
399 2757 522 2793 οιιηθ,
547 2764 656 2796 quum
681 2753 797 2797 potius
820 2760 942 2788 contra
964 2753 1009 2787 sit
1032 2765 1158 2787 neren.
1173 2753 1281 2786 intell.
1307 2762 1421 2796 quoe
1443 2750 1516 2783 01>-

132 2823 295 2847 ucurae
327 2825 410 2848 uun
423 2819 448 2849 t.
495 2814 613 2857 neque
637 2815 779 2849 omnino
803 2827 885 2849 usus
907 2814 1076 2849 rationem
1101 2813 1270 2848 intellexit
1293 2813 1333 2846 V.
1361 2812 1421 2854 D.‚
1456 2811 1517 2855 qui
