1630 3034
394 175 757 218 IUGURTHA.
795 154 945 219 'CAR
976 176 1152 219 XXXI.
1192 204 1201 223 ,
1395 184 1478 223 189

97 299 229 352 atque
265 291 492 336 dedecora
517 293 824 353 pervenerint3
859 293 941 337 nisi
969 293 1085 337 forte
1117 293 1314 338 nondum
1343 296 1474 340 etiam
1488 304 1542 343 20

97 405 176 433 vos
213 389 520 434 dominationis
557 404 711 433 eorum
747 390 920 434 satietas
956 396 1099 447 tenet,
1153 397 1198 434 et
1232 390 1307 435 illa
1342 408 1477 451 quam

95 486 209 530 haec
254 493 459 547 tempora
513 487 657 546 magis
705 487 909 546 placent,
958 502 1098 545 quum
1142 503 1308 548 regna,
1364 505 1476 549 pro-

93 585 285 640 vinciae,
340 584 487 643 leges,
551 583 667 640 iura,
693 635 699 642 ·
721 583 908 640 iudicia,
965 583 1084 628 bella
1136 590 1271 643 atque
1321 601 1472 645 paces,

94 687 321 740 postremo
375 679 520 724 divina
575 687 618 724 et
673 680 868 724 humana
922 680 1068 724 omnia
1120 695 1258 740 penes
1305 699 1476 743 paucos

92 837 207 870 omnia
224 838 260 870 in
275 840 426 870 vestram
443 836 608 870 dicionem
628 836 805 876 dedimus,
830 837 990 881 quicquid
1013 838 1137 872 deinde
1156 838 1352 882 patiemur,
1377 840 1476 874 dccli-

93 898 167 931 ticin·
186 897 291 930 vestri
307 897 460 940 passuri,
483 897 543 930 ubi
567 908 602 930 v.
619 897 881 930 Drakenborch.
897 917 940 922 -—
960 899 1099 933 Scilicet
1115 899 1253 934 eortius
1277 901 1476 935 affirmandi

92 957 128 991 vi
151 957 302 1001 positum
325 961 464 1001 censet,
493 962 531 991 ut
555 957 599 991 sit
626 957 648 990 i.
675 968 706 999 q.
733 958 909 999 profecto,
933 963 1046 1001 certo,
1077 960 1222 1003 liquido.
1269 962 1344 996 Non
1370 974 1477 1008 nega-

92 1017 205 1051 verim
238 1018 445 1057 Memmium
479 1018 683 1052 sententiam
714 1028 815 1051 suam
848 1019 916 1052 ista
948 1020 1123 1063 particula
1155 1022 1382 1065 confirmare3
1417 1025 1478 1058 sed

90 1062 349 1113 affirmat'cum
373 1080 498 1113 acerba
525 1079 656 1118 ironia,
695 1088 784 1120 quae
814 1080 955 1121 propria
979 1085 1031 1114 est
1054 1081 1159 1115 huius
1186 1083 1281 1117 vocis
1305 1089 1477 1127 potesta83

92 1150 125 1175 v.
149 1139 193 1173 ad
218 1151 248 1171 c.
268 1139 366 1176 XLI,
390 1139 424 1172 3.
449 1159 495 1166 —
519 1141 588 1174 Pro
613 1139 863 1173 existumabitis
888 1141 986 1175 Rivii
1010 1142 1111 1184 libri,
1141 1143 1308 1177 Commel.
1332 1148 1367 1177 et
1382 1145 1476 1178 Leid.

93 1199 134 1232 C.
158 1199 207 1232 M.
232 1198 274 1232 Ν.
300 1199 431 1234 habent
455 1200 713 1242 aestumabitis,
747 1201 837 1243 quod
864 1201 1035 1236 Gruterus
1069 1207 1103 1236 et
1126 1203 1230 1246 Bipp.
1263 1205 1357 1238 male
1380 1216 1477 1239 rece-

91 1265 227 1303 perunt.
274 1259 361 1293 Vide
391 1261 434 1295 ad
460 1262 533 1294 Cat.
560 1262 660 1302 vm,
685 1260 720 1294 2.
744 1280 789 1285 ——
823 1262 877 1295 Sit
911 1268 986 1306 post
1020 1263 1151 1297 deditio
1185 1265 1321 1298 Cottius
1358 1265 1478 1300 invitia

93 1321 196 1355 codd.
213 1320 374 1354 omnibus
399 1319 539 1353 delevit.
551 1338 598 1344 —
623 1321 665 1353 In
679 1322 921 1365 rempublicam
939 1334 1006 1356 non
1022 1335 1091 1357 uno
1107 1324 1211 1358 modo
1228 1325 1351 1359 scribis
1367 1318 1478 1359 offen-

90 1381 179 1414 sioni
205 1380 291 1421 fuit3
325 1379 428 1413 multi
452 1379 566 1420 enim,
591 1381 799 1424 particulam
823 1382 941 1416 deesse
964 1384 1053 1425 rati,
1078 1385 1202 1418 dedere
1225 1391 1275 1420 at
1298 1388 1335 1420 in
1356 1399 1478 1432 remp„

90 1442 383 1485 quemadmodum
408 1440 575 1474 Weissius
599 1442 753 1486 scripsit3
778 1454 866 1489 unus
889 1455 936 1476 ac
959 1445 997 1476 in
1019 1455 1126 1488 remp.
1175 1446 1336 1489 Plurimi,
1366 1453 1479 1481 muta-

83 1508 163 1536 ¹tam
187 1501 482 1546 praepositionem
507 1513 574 1534 non
600 1502 761 1544 ferentes,
789 1509 976 1538 exararunt
999 1505 1055 1538 ad
1078 1507 1244 1549 rempubl.
1281 1507 1478 1543 Genuinam

91 1562 298 1606 scripturam
324 1567 506 1596 servarunt
529 1563 658 1596 Palatt.
683 1575 821 1604 omnes,
847 1565 953 1599 Fabr.
972 1565 1004 1598 1.
1033 1566 1152 1600 Guelf.
1171 1566 1205 1599 2.
1230 1566 1301 1599 Inc.
1318 1567 1353 1601 1.
1379 1568 1476 1603 Leid.

89 1623 131 1657 A.
149 1624 192 1658 Β.
210 1624 252 1656 D.
270 1623 310 1656 E.
331 1624 374 1656 G.
391 1623 438 1656 H.
456 1623 506 1656 Μ.
530 1624 603 1658 Erl.
626 1623 717 1667 Teg.
743 1627 778 1657 et
803 1623 950 1658 Goerlit.
985 1644 1028 1651 —
1062 1628 1175 1671 Atque
1208 1633 1287 1662 ante
1312 1629 1479 1664 dedecora

90 1684 184 1717 solus
209 1683 317 1717 Fabr.
334 1685 367 1717 1.
389 1695 458 1716 non
481 1684 599 1724 habet,
631 1686 783 1718 multum
810 1686 979 1728 probante
1003 1687 1134 1721 Cortio.
1183 1687 1221 1721 Si
1246 1689 1361 1731 plures
1384 1688 1478 1733 iique

91 1744 171 1778 boni
191 1743 275 1777 libri
299 1745 515 1787 assentirent,
541 1747 728 1789 asyndeton
753 1747 837 1780 ferri
861 1757 961 1790 posse
984 1747 1163 1781 docuimus
1180 1749 1223 1782 ad
1237 1761 1265 1782 e.
1286 1749 1364 1790 XX,
1381 1748 1414 1783 8.
1431 1769 1477 1775 -

90 1805 160 1839 Pro
180 1806 402 1849 pervenerint
427 1806 522 1841 Med.
545 1806 579 1842 ⁷.
603 1806 712 1840 habet
734 1811 986 1852 pervenerant,
1009 1819 1115 1851 quam
1140 1809 1323 1842 lectionem
1349 1811 1479 1844 Gerla-

89 1865 189 1898 chius
224 1876 286 1909 pro
319 1865 448 1911 insigni
484 1878 546 1900 sua
578 1868 707 1901 latinae
741 1867 884 1912 linguae
906 1868 1050 1902 scientia
1074 1870 1167 1903 haud
1193 1872 1478 1904 contemnendam

89 1925 196 1968 dicit,
229 1926 358 1969 pariter
388 1931 427 1960 ut
462 1927 506 1960 ad
531 1927 604 1962 Cat.
633 1928 712 1968 vn,
736 1927 769 1963 3.
807 1929 841 1961 in
867 1929 1077 1964 commentt.
1102 1943 1134 1973 p.
1159 1930 1215 1964 51.
1247 1941 1310 1973 pro
1335 1933 1479 1966 creverit

90 1987 198 2020 etiam
228 1993 386 2021 creverat
419 1988 487 2021 dici
520 2000 620 2032 posse
651 1988 837 2030 iudicavit,
870 1990 961 2031 quod
994 1992 1100 2033 quale
1132 1991 1176 2025 sit
1207 1991 1419 2026 ostendimus
1443 1992 1479 2027 in

92 2045 206 2079 Iahnii
230 2047 368 2079 Annall.
395 2048 524 2081 Philol.
552 2053 586 2081 et
609 2048 761 2092 Paedag.
787 2059 820 2081 a.
851 2048 953 2083 1829.
981 2051 1057 2084 vol.
1082 2052 1126 2085 Π.
1152 2052 1249 2085 Fasc.
1275 2052 1303 2085 Ι.
1331 2064 1365 2095 p.
1389 2053 1447 2087 61.

184 2108 215 2148 §-
239 2106 296 2141 20.
342 2107 411 2140 nisi
424 2108 535 2150 forte]
566 2108 617 2140 De
647 2107 685 2140 vi
716 2107 844 2140 harum
877 2108 1128 2150 particularum
1162 2122 1198 2144 v.
1223 2117 1344 2147 notata
1377 2114 1421 2147 ad
1444 2126 1476 2150 c.

93 2165 166 2206 111,
192 2166 227 2199 4.
253 2170 287 2199 et
309 2166 354 2199 ad
379 2166 483 2202 Catil.
507 2167 594 2208 XX,
619 2166 676 2201 17.
712 2165 771 2210 qui
795 2167 891 2200 locus
915 2168 1020 2202 etiam
1045 2176 1203 2213 respectu
1227 2177 1262 2206 et
1286 2174 1478 2216 particulae

93 2226 201 2260 nostri
223 2225 423 2259 simillimus
447 2231 565 2260 est.-
587 2228 656 2261 Pro
679 2228 825 2262 satietas
847 2228 997 2262 Bothius
1020 2229 1055 2262 in
1078 2230 1195 2263 Praef.
1220 2244 1254 2276 p.
1274 2234 1335 2267 XI.
1359 2246 1381 2268 a
1396 2234 1478 2269 Sal-

93 2286 198 2320 lustio
218 2286 386 2330 scriptum
415 2286 522 2320 fuisse
545 2287 685 2321 coniicit
708 2290 829 2330 satias,
855 2289 945 2332 quod
969 2289 1041 2323 iam
1060 2290 1262 2326 Ciacconius
1285 2295 1481 2338 suspicatus

93 2353 186 2389 erat,
220 2347 385 2390 quoniam
417 2347 550 2381 Nonius
573 2349 627 2389 11,
661 2348 742 2382 791.
777 2351 885 2383 refert
917 2349 1123 2384 Sallustium
1157 2351 1191 2385 in
1226 2354 1390 2390 nistoriis
1424 2357 1478 2401 (v,

92 2409 241 2453 Fragm.
267 2408 334 2449 111,
359 2408 415 2441 13.
441 2409 557 2452 Gerl.)
588 2410 655 2443 hac
687 2410 804 2444 forma
837 2422 937 2444 usum
963 2422 1048 2445 esse.
1096 2411 1214 2447 Possis
1237 2414 1320 2448 huic
1344 2421 1480 2451 senten-

93 2469 164 2502 tiae
186 2479 227 2502 eo
250 2469 355 2502 fidem
378 2472 552 2510 astruere,
586 2472 684 2514 quod·
710 2470 745 2504 in
770 2471 846 2504 cod.
872 2471 1017 2505 Goerlit.
1043 2471 1172 2517 legitur
1195 2477 1386 2517 saturita33
1418 2478 1479 2512 sed

92 2541 181 2563 unus
204 2529 278 2562 cod.
303 2529 513 2563 relicuorum
538 2530 693 2574 omnium
719 2531 958 2565 auctoritatem
982 2544 1049 2566 non
1065 2537 1176 2576 potest
1190 2535 1340 2578 elevare,
1365 2547 1477 2581 neque

93 2589 358 2637 Grammaticusr
385 2590 471 2624 dixit
490 2590 706 2627 „Sallustium
740 2591 869 2633 ubique
900 2593 991 2626 hanc
1024 2594 1177 2628 formam
1212 2607 1405 2639 usurpasse,
1434 2617 1472 2623 —-

96 2650 192 2683 Illa
214 2655 371 2694 tempora
388 2654 508 2684 auctor
527 2651 601 2694 ipse
623 2651 807 2692 describit3
831 2652 916 2685 haec
934 2654 1072 2688 Cortius
1093 2656 1180 2689 bene
1202 2657 1351 2699 explicat
1374 2659 1476 2702 „qui-

94 2710 157 2742 bus
179 2709 355 2743 *iudicare
378 2721 561 2754 possumus
584 2711 620 2744 in
645 2711 801 2745 obnoxios
820 2713 1011 2755 proditores
1027 2714 1278 2758 reipublicae.“
1296 2738 1339 2743 —
1368 2718 1474 2753 Faces

62 2765 64 2767 ’
96 2769 222 2813 plurali
245 2781 389 2806 numero
411 2770 502 2806 Non.
517 2771 625 2806 Marc.
642 2772 694 2814 11,
718 2771 797 2806 621.
837 2784 927 2808 nove
950 2773 1080 2811 dietum
1103 2781 1216 2811 censet
1240 2788 1261 2812 a
1284 2777 1413 2814 Catone
1438 2779 1472 2813 in
