1630 3034
435 173 794 216 IUGURTHA.
859 172 995 216 CAP.
1025 172 1118 215 VII.
1413 179 1467 218 41

81 290 170 333 bat.
243 289 335 333 Sed
372 305 425 334 ea
454 305 524 333 res
554 290 690 349 longe
718 289 872 345 aliter,
909 305 961 334 ac
993 295 1112 333 ratus
1149 294 1266 345 erat,
1305 291 1501 334 evenit.3

82 387 199 429 Nam
238 385 474 446 Iugurtha,
521 393 567 429 ut
603 392 698 430 erat
738 386 931 446 impigro
971 393 1105 444 atque
1145 386 1232 429 acri
1270 385 1503 447 ingenio‚4

84 483 158 526 ubi
184 489 385 526 naturam
415 483 465 526 P.
493 482 737 542 Scipionis,
773 483 849 539 qui
882 489 982 526 tunc
1019 483 1234 526 Romanis
1272 484 1471 543 impera-

85 586 153 622 tor
191 587 308 631 erat,
355 586 399 623 et
431 594 602 622 morem
635 578 831 622 hostium
863 579 1096 638 cognovit,
1143 580 1283 623 multo
1315 570 1486 624 labore*

86 676 314 734 multaque
358 690 486 730 cura,
531 682 766 734 praeterea
802 675 1140 719 modestissume
1181 677 1385 735 parendo
1428 683 1474 721 et

85 787 222 831 saepe
257 772 436 816 obviam
463 771 611 816 eundo
642 771 849 831 perieulis
879 772 923 816 in
961 777 1129 815 tantam
1169 773 1474 818 claritudinem

86 932 189 973 dum3
213 932 353 967 Cortius
376 932 469 967 enim
494 944 683 977 pronomen
717 933 783 967 fide
814 933 912 967 codd.
948 933 1080 968 Guelff.
1108 932 1142 967 4.
1166 933 1198 969 7.
1223 934 1256 969 6.
1282 935 1338 969 10.
1363 934 1478 969 eiece-

86 998 150 1027 rat.
197 994 299 1037 Quod
323 1006 428 1038 quum
454 995 660 1028 Gerlachius
683 1006 837 1038 qnoque,
863 994 923 1038 qui
942 995 978 1028 in
995 1000 1090 1029 textu
1106 995 1306 1038 reliquerat,
1329 1008 1350 1030 a
1369 997 1476 1040 Neap.

85 1054 120 1088 2.
144 1054 234 1087 Med.
262 1055 294 1089 1.
316 1055 349 1088 2.
379 1057 437 1091 11.
468 1057 552 1090 Ven.
578 1056 612 1089 1.
643 1055 676 1089 2.
703 1056 811 1089 Barb.
845 1053 878 1088 5.
902 1059 935 1089 et
960 1056 1035 1089 Vat.
1056 1055 1088 1090 1.
1122 1057 1242 1090 abesse
1264 1057 1417 1098 vidisset,
1442 1057 1479 1090 in

87 1115 295 1150 Commentt.
321 1128 356 1160 p.
379 1114 460 1150 224.
496 1119 548 1150 tot
568 1116 738 1149 librorum
763 1116 944 1149 consensui
967 1117 1158 1150 cedendum
1181 1117 1330 1161 putavit,
1356 1129 1479 1162 quam-

90 1186 196 1219 quam
220 1176 294 1210 eius
320 1187 504 1210 consensus
528 1176 563 1210 in
587 1177 641 1210 ed.
666 1175 799 1210 minore
823 1188 962 1220 prorsus
985 1177 1181 1213 immemor.
1226 1178 1298 1212 Nos
1320 1190 1402 1212 vero
1422 1190 1481 1212 ce-

90 1234 215 1269 dimus
237 1237 434 1270 auctoritati
459 1239 661 1281 optimorum
690 1238 786 1270 codd.
811 1238 980 1271 Commel.
1014 1238 1140 1272 Nazar.
1172 1238 1255 1272 Bas.
1281 1239 1315 1273 1.
1338 1239 1480 1273 Fabric.

90 1295 123 1327 1.
151 1296 268 1330 Senat.
294 1297 327 1330 1.
353 1298 442 1342 Teg.
467 1298 565 1333 Leid.
591 1299 630 1333 L.
653 1303 686 1332 et
712 1299 852 1333 relicuis
875 1299 1059 1342 plurimis,
1092 1310 1178 1342 quos
1201 1310 1262 1332 eur
1285 1300 1394 1332 multo
1419 1299 1480 1333 de-

91 1357 276 1392 terioribus
306 1358 402 1392 Italis
426 1360 696 1402 posthabeamus
728 1361 826 1394 nulla
849 1371 972 1394 caussa
994 1363 1055 1394 est.
1105 1359 1224 1402 Neque
1247 1359 1481 1403 suspicionem

90 1415 210 1451 inserti
233 1429 255 1452 a
279 1418 432 1453 librariis
456 1420 668 1463 pronominis
686 1430 828 1453 movere
851 1424 963 1464 potest
984 1420 1076 1462 quod
1093 1419 1128 1453 in
1153 1420 1271 1454 Guelf.
1290 1419 1323 1454 5.
1341 1420 1482 1455 Fabric.

91 1478 125 1512 2.
151 1479 244 1512 Med.
272 1479 306 1514 5.
329 1480 416 1514 Min.
441 1481 474 1514 2.
505 1482 581 1514 Vat.
604 1481 638 1515 6:
676 1493 754 1515 eum
777 1487 856 1524 post
890 1492 1091 1514 occasurum
1124 1481 1276 1525 legitur,
1309 1492 1400 1524 quae
1427 1482 1484 1516 vel

91 1539 306 1584 negligentia
329 1540 403 1585 est,
440 1542 495 1575 vel
528 1542 612 1576 levis
637 1542 859 1586 interpolatio
892 1542 1139 1582 librariorum,
1173 1553 1364 1585 pronomen
1387 1554 1481 1577 eom-

91 1600 228 1634 modius
251 1602 296 1635 ad
318 1613 463 1646 sequens
486 1603 633 1636 verbum
656 1604 780 1637 referri
803 1615 902 1648 posse
926 1601 1135 1646 putantium·

182 1663 214 1704 §.
239 1661 272 1695 el.
321 1668 359 1697 ut
384 1668 460 1697 erat
490 1663 640 1708 impigro
674 1665 831 1710 ingenio]
870 1666 923 1698 De
947 1662 982 1695 vi
1006 1666 1041 1696 et
1073 1673 1138 1695 usu
1163 1666 1201 1696 ut
1232 1663 1426 1707 particulae
1450 1675 1484 1701 V.

91 1725 211 1755 notata
234 1722 277 1755 ad
303 1723 404 1757 Catil.
426 1724 551 1765 XXXI,
567 1724 600 1757 7.
626 1736 659 1768 p.
684 1725 764 1759 146.
787 1746 832 1750 —
853 1727 948 1759 Tunc
971 1736 1035 1757 cur
1051 1723 1290 1767 scripserimus
1314 1736 1377 1769 pro
1400 1730 1485 1765 tum,

91 1786 185 1825 patet
209 1795 249 1816 ex
275 1783 318 1818 iis
351 1795 440 1827 quae
470 1784 620 1818 diximus
655 1785 697 1819 ad
728 1797 758 1818 c.
786 1786 826 1826 V,
852 1786 886 1821 1.
919 1785 1026 1819 Codd.
1051 1796 1134 1817 num
1163 1784 1350 1819 assentiant
1371 1784 1486 1818 incer-

36 1832 43 1836 ·
92 1848 166 1877 tum
192 1849 260 1885 est,
293 1856 402 1888 quum
427 1845 576 1879 editores
600 1845 689 1879 nihil
722 1846 939 1887 notaverint3
971 1846 1031 1880 sed
1055 1846 1134 1879 Par.
1158 1846 1192 1880 6.
1216 1850 1251 1879 et
1274 1846 1378 1879 Misn.
1403 1851 1485 1880 tunc

92 1904 234 1939 habent.
256 1926 302 1931 —
327 1907 493 1940 Romanis
517 1908 704 1950 imperator
737 1912 814 1940 erat
837 1919 903 1940 non
930 1907 1044 1941 solum
1068 1906 1281 1950 optimorum
1306 1918 1346 1939 ac
1371 1906 1484 1950 pluri-

94 1975 232 1998 morum
267 1966 367 1999 codd.
405 1967 462 2000 sed
495 1967 602 2000 etiam
634 1968 732 2002 Arus.
765 1968 873 2001 Messi
903 1979 940 2001 v.
969 1969 1158 2010 imperator
1194 1967 1374 2009 (Granum.
1409 1968 1484 2000 Lat.

95 2026 170 2059 Vol.
195 2027 221 2060 l.
246 2038 279 2070 p.
305 2027 386 2060 237.
410 2028 463 2062 ed.
488 2028 736 2071 Lindemann.)
759 2028 882 2062 nititur
905 2028 1114 2062 testimonio.
1161 2028 1200 2060 In
1231 2032 1407 2061 structura
1432 2028 1482 2061 of-

95 2085 273 2120 fendentes
297 2088 359 2121 alii
393 2088 603 2131 scripserunt
628 2090 824 2128 Romanus,
860 2088 920 2121 alii
950 2089 1196 2131 imperitabat,
1220 2099 1310 2130 quae
1334 2087 1484 2130 interpo-

97 2145 261 2180 lationem
297 2148 399 2181 olcnt.
446 2149 576 2181 Parum
612 2153 773 2182 accurate
805 2153 922 2182 autem
957 2148 1165 2181 Gerlaclrius
1198 2149 1273 2181 Vol.
1307 2149 1350 2183 11.
1383 2149 1425 2182 1³.
1458 2149 1486 2182 1.

96 2217 129 2249 p.
155 2206 235 2240 224.
260 2207 442 2250 ‚,dativus‚
472 2208 603 2252 inquit,
639 2209 730 2251 apud
767 2208 950 2243 historicos
984 2210 1165 2252 frequens,
1199 2210 1347 2243 maxime
1379 2221 1487 2252 quum

96 2267 233 2300 verbum
259 2267 414 2300 dativum
440 2269 564 2313 regit.'·'
612 2269 760 2302 Dativns
791 2269 883 2302 enixu
907 2281 1081 2314 nunquam
1109 2282 1173 2303 non
1199 2281 1219 2304 a
1251 2271 1361 2304 verbo
1386 2274 1488 2314 aptus

97 2331 171 2369 est,
207 2340 273 2360 non
299 2330 493 2372 ponendus,
528 2329 594 2363 nisi
627 2330 685 2363 ubi
722 2330 755 2363 id
789 2333 881 2373 quud
904 2333 1010 2365 verbo
1035 2333 1237 2365 <nunciatur
1263 2332 1311 2365 ita
1336 2331 1490 2376 eogitari

98 2393 225 2432 potest,
256 2394 294 2422 ut
317 2390 360 2422 ad
385 2390 540 2433 aliquam
577 2401 650 2424 rem
686 2402 728 2424 ea
752 2391 887 2425 ratione
911 2393 1101 2435 pertineat,
1134 2404 1240 2436 quam
1264 2392 1489 2437 grammatici

98 2448 271 2481 commodi
295 2450 350 2482 vel
384 2450 594 2484 incommodi
624 2452 794 2485 vocabulo
827 2452 1032 2497 significant
1070 2465 1103 2487 v.
1140 2454 1308 2488 Goerenz.
1344 2454 1386 2488 ad
1414 2454 1487 2487 Cio.

99 2510 140 2543 de
164 2510 266 2543 Finn.
291 2511 335 2551 ll,
359 2511 397 2547 S).
418 2511 475 2545 27.
501 2524 532 2555 p.
560 2511 626 2544 161
645 2525 696 2556 sq.
722 2514 760 2546 1⁴¹.
780 2515 819 2547 Α.
845 2515 952 2547 Wolf.
979 2515 1020 2548 ad
1047 2514 1117 2547 Cic.
1142 2515 1185 2548 de
1209 2516 1248 2549 N.
1275 2517 1316 2549 D.
1342 2516 1368 2549 I.
1395 2518 1427 2558 ἓ.
1453 2515 1488 2549 9.

98 2571 178 2603 coll.
211 2570 254 2604 iis
286 2582 376 2614 quae
399 2573 598 2606 nronuimus
627 2574 671 2607 ad
705 2574 806 2607 Catil.
842 2576 986 2615 motu,
1014 2575 1047 2608 1.
1071 2580 1106 2609 et
1133 2576 1206 2616 XL,
1230 2576 1262 2608 3.
1289 2588 1322 2619 p.
1347 2576 1426 2610 188.
1453 2586 1487 2609 v.

99 2631 194 2665 infra
222 2643 251 2664 c.
286 2633 382 2675 xlv,
416 2632 471 2667 2⁴.
509 2635 662 2677 XXXV,
688 2633 722 2670 4.
755 2635 834 2676 LV,
858 2635 892 2669 8.
928 2636 1026 2678 mx,
1051 2636 1084 2669 1.
1107 2655 1151 2660 —
1176 2636 1266 2671 Erat
1286 2649 1353 2672 non
1378 2640 1429 2670 est
1453 2636 1489 2670 in

101 2691 219 2726 Guelf.
244 2692 278 2726 9.
302 2693 358 2727 10.
384 2694 480 2728 Ϊτῑιῐ.
511 2693 546 2729 3.
568 2694 666 2729 Leid.
698 2696 742 2730 D.
768 2697 815 2731 11.
848 2697 953 2731 Ber-n.
974 2696 1034 2738 l.;
1067 2708 1130 2741 pro
1155 2708 1195 2731 eo
1221 2697 1301 2731 Sen.
1323 2697 1357 2731 2.
1383 2697 1489 2731 habet

94 2751 189 2802 suist
214 2752 307 2786 Lcid.
334 2755 375 2787 h‘.
402 2759 434 2789 ct
457 2754 492 2789 [A.
508 2761 683 2800 praeerat.
731 2756 799 2791 Sed
825 2769 930 2800 quum
955 2762 1090 2801 practer
1115 2761 1247 2793 ceteros
1268 2758 1375 2793 etiam
1399 2757 1488 2792 Aru-
