1630 3034
151 204 238 246 428
523 197 569 239 G.
598 197 921 242 SALLUSTI
948 197 1169 242 CRISPI

156 321 232 361 aut
278 314 315 359 si
357 312 591 358 Romanus
634 313 795 358 auxillo
840 314 930 361 suis
971 314 1186 372 venisset,
1228 317 1403 376 proelio
1439 333 1537 364 sese

118 417 415 460 4certaturoS.
468 410 588 454 Nam
617 410 801 456 callidus
829 410 878 456 id
903 411 1041 456 modo
1068 411 1333 471 festinabat,
1365 414 1541 461 Bocchi

153 524 314 571 pacem
356 506 642 563 imminuere,
686 522 745 553 ne
786 522 935 554 moras
979 508 1192 570 agitando
1238 506 1359 553 aliud
1403 522 1539 565 quam

151 605 321 650 bellum
355 604 519 649 mallet.
1467 648 1471 650 ,

289 699 519 745 LXXXII.
588 701 839 761 Imperator
881 708 1123 764 postquam
1166 702 1223 747 de
1268 714 1428 761 regum
1463 713 1538 744 so·-

153 799 313 843 cietate
349 797 586 858 cognovit,
622 813 711 842 non
745 804 938 854 temere,
974 814 1148 859 neque,
1180 799 1243 843 uti
1278 811 1415 858 saepe
1449 796 1539 840 iam

150 967 195 1002 ad
220 965 355 1001 Sanctii
388 965 539 1000 Minerv.
565 965 635 1009 lv,
657 966 691 1003 4.
723 979 756 1012 p.
782 967 852 1002 165
877 980 928 1012 sq.
961 968 1016 1004 ed.
1039 968 1130 1002 Bau.
1152 969 1187 1002 et
1209 978 1232 1002 a
1253 966 1479 1002 Boettichero
1502 963 1539 998 in

150 1029 234 1062 Lex.
268 1027 386 1064 Tacit.
422 1028 623 1072 Prolegom.
657 1040 693 1073 p.
728 1029 922 1063 LXXXIII.
943 1048 989 1054 ·—
1021 1030 1091 1064 Pro
1122 1028 1299 1062 Romanus
1321 1026 1475 1061 Weisius
1496 1035 1539 1058 ex

148 1087 315 1123 obsoletis
339 1088 418 1122 edd.
442 1089 584 1133 repetiit
608 1089 694 1123 dux
728 1089 850 1130 Rom.,·
882 1090 941 1124 sed
966 1090 1035 1124 dus
1058 1090 1213 1135 glossam
1238 1099 1311 1122 esse
1331 1099 1400 1121 non
1422 1086 1540 1121 solum

149 1161 190 1182 ex
214 1160 256 1182 eo
281 1152 377 1192 patet
391 1175 400 1192 ,
425 1149 516 1193 qnod
540 1150 646 1196 longe
670 1149 813 1194 plurimi
835 1150 934 1184 codd.
958 1150 1051 1185 hanc
1074 1161 1197 1185 vocem
1221 1160 1290 1184 non
1311 1149 1455 1190 habent,
1478 1145 1540 1181 sed

147 1208 256 1242 etiam
279 1219 320 1242 ex
343 1220 385 1243 eo
402 1233 413 1250 ,
437 1211 526 1254 quod
551 1211 587 1244 in
611 1211 690 1245 aliis
717 1212 787 1253 dux
811 1211 1008 1253 Romanus,
1031 1210 1067 1244 in
1091 1209 1171 1245 aliis
1194 1210 1374 1244 Romanus
1396 1208 1466 1242 dux
1488 1207 1540 1241 le-

147 1269 263 1314 gitur,
287 1268 323 1303 in
347 1270 460 1304 Paris.
484 1283 513 1306 z.
538 1275 656 1305 autem
679 1272 750 1306 dux
773 1272 891 1306 versui
919 1271 1192 1316 superscriptum
1216 1273 1279 1305 est.
1326 1268 1540 1314 Ignorabant

148 1331 242 1364 enim
265 1330 400 1365 scribae
423 1331 629 1375 saepissime
651 1333 774 1377 populi
804 1333 945 1368 nomine
968 1332 1140 1378 singulari
1162 1341 1308 1366 numero
1331 1329 1447 1375 posito
1468 1338 1537 1362 non

147 1391 338 1436 significari
365 1392 543 1427 indefinite
574 1405 680 1428 unum
711 1406 753 1428 ex
777 1395 927 1438 populo,
957 1395 1017 1429 sed
1041 1405 1122 1428 eum
1145 1393 1207 1438 qui
1230 1403 1405 1427 summum
1428 1390 1537 1434 impe-

146 1451 239 1485 rium
263 1456 394 1494 teneat,
420 1454 488 1496 ita,
512 1459 551 1488 ut
574 1455 674 1499 quasi
700 1455 806 1490 totius
828 1455 938 1489 instar
961 1455 1079 1500 populi
1103 1455 1165 1489 sit:
1201 1465 1304 1498 quem
1327 1464 1429 1487 usum
1451 1452 1537 1485 Cor-
1607 1496 1614 1502 .

148 1511 218 1546 tius
242 1513 411 1556 exemplis
435 1514 521 1549 scite
544 1515 754 1558 illustravit,
790 1516 870 1550 coll.
895 1516 969 1551 Liv.
994 1518 1031 1560 1,
1052 1516 1117 1557 23,
1140 1515 1176 1550 7.
1231 1516 1284 1549 Ibi
1307 1515 1385 1559 infit
1410 1513 1536 1548 Alba-

146 1585 251 1615 nus,
275 1585 322 1608 sc.
347 1574 507 1611 dictator.
531 1577 688 1621 xxxn,
714 1576 771 1618 11,
797 1577 852 1610 10.
901 1578 954 1611 Εο
973 1577 1139 1612 intentius
1160 1576 1389 1609 Romanus
1412 1574 1536 1616 instat,

144 1645 194 1668 sc.
219 1634 347 1668 consul.
373 1634 460 1670 ibid.
487 1647 516 1670 c.
541 1636 598 1678 32,
623 1637 679 1671 12.
701 1641 736 1671 et
760 1649 790 1674 c.
812 1638 871 1678 33,
896 1637 929 1670 1.
977 1638 1087 1672 Plura
1107 1648 1311 1682 congessere
1335 1633 1537 1670 Gronovius

144 1698 180 1729 et
201 1695 509 1730 Drakenborchius
541 1697 586 1731 ad
612 1698 664 1739 X,
688 1698 733 1740 4,
756 1698 789 1734 6.
836 1699 891 1733 lta
921 1699 1015 1742 apud
1039 1698 1187 1732 eundem
1219 1697 1254 1731 in
1278 1696 1426 1731 historia
1450 1695 1536 1730 belli

144 1755 268 1790 Punici
289 1756 379 1790 nihil
404 1757 618 1801 frequentius
641 1762 714 1801 est,
750 1770 856 1802 quam
885 1759 993 1793 Poeni
1016 1758 1157 1792 nomine
1183 1757 1375 1802 significari
1399 1756 1534 1791 Hauni-

144 1817 261 1851 balem
285 1821 346 1852 aut
372 1817 481 1852 alium
514 1819 858 1864 Carthaginiensium
883 1821 1019 1855 ducem.
1065 1819 1165 1863 Apud
1189 1818 1397 1853 Sallustium
1420 1817 1535 1861 ipsum

145 1877 304 1912 Numida
334 1888 439 1922 saepe
471 1879 599 1914 dicitur
622 1892 686 1924 pro
709 1892 794 1926 rege
816 1880 1047 1916 Numidarum
1068 1879 1261 1925 Iugurtha,
1300 1884 1340 1913 ut
1363 1891 1393 1914 c.
1418 1879 1476 1921 cl,
1498 1878 1534 1914 6.

144 1939 232 1980 cu,
255 1938 291 1972 3.
315 1939 425 1973 cvm
440 1965 450 1982 ,
474 1940 508 1975 3.
537 1941 639 1983 cxl,
662 1940 696 1975 4.
722 1942 854 1984 cxm,
881 1942 928 1984 6.,
958 1942 1106 1975 Maurus
1127 1951 1191 1984 pro
1219 1951 1304 1985 rege
1327 1941 1537 1974 Maurorum

143 2000 306 2043 Boccho,
330 2000 375 2034 cf.
401 2012 431 2034 c.
457 2001 593 2044 xcvn,
618 2002 652 2036 2.
677 2002 794 2043 cvm,
819 2002 852 2036 1.
878 2003 1004 2045 CXIII,
1026 2000 1062 2035 3.
1088 2001 1167 2045 [cf.
1194 2001 1363 2036 Herodot.
1384 2001 1414 2044 1,
1440 2000 1475 2036 3.
1499 2004 1534 2035 et

143 2061 200 2095 80.
223 2061 406 2096 Dcmostli.
430 2062 473 2095 de
496 2074 583 2106 pace
606 2064 638 2105 §.
662 2062 719 2098 25.
746 2063 837 2108 Fn.]

237 2124 270 2164 §-
301 2122 335 2158 4.
384 2123 421 2156 id
452 2124 553 2157 modo
580 2125 800 2169 festinabat]
840 2126 881 2159 ld
904 2136 974 2160 non
1001 2124 1191 2166 redundat,
1218 2127 1257 2157 ut
1279 2121 1390 2157 videri
1413 2121 1534 2167 possit,

143 2181 203 2216 sed
228 2182 301 2216 vim
319 2182 491 2218 orationis
515 2189 634 2230 auget,
659 2185 688 2220 si
712 2186 853 2230 quidem
874 2187 1071 2231 sequentia,
1094 2185 1220 2229 quibus
1245 2183 1431 2219 festinandi
1454 2183 1533 2218 tinia

143 2244 367 2287 declaratur,
402 2243 476 2279 iam
510 2245 732 2290 aliquatenus
767 2247 973 2291 pronomine
996 2246 1149 2280 indicata
1171 2250 1269 2288 sunt,
1301 2249 1340 2280 ut
1361 2245 1532 2289 quodam-

144 2305 246 2338 modo
280 2304 312 2339 ei
347 2305 552 2349 explicando
586 2306 788 2342 inserviant.
848 2307 934 2341 vide
972 2310 1093 2342 notata
1127 2307 1171 2341 ad
1203 2306 1306 2342 Catil.
1339 2306 1404 2347 m,
1435 2304 1469 2339 7.
1494 2316 1529 2349 p.

147 2365 228 2400 239.
251 2388 297 2393 —
323 2366 453 2401 Bocchi
480 2378 633 2411 pacem
665 2369 928 2404 imminuere
960 2374 1001 2403 ut
1032 2367 1182 2413 explicet
1206 2366 1379 2412 Longius,
1407 2377 1531 2411 pacem

144 2427 261 2471 inepte
285 2428 536 2473 interpretatur
556 2429 655 2472 pacis
677 2430 852 2469 animum5
875 2429 935 2463 sed
956 2441 1065 2473 quum
1088 2429 1238 2464 alicuius
1262 2428 1314 2463 rei
1338 2428 1531 2463 imminutio

143 2491 274 2532 spectet
308 2489 353 2522 ad
385 2500 463 2523 eam
487 2489 776 2533 corrumpendam
808 2500 852 2524 ac
875 2489 1153 2533 dissolvendam,
1179 2501 1319 2525 sensum
1342 2489 1530 2523 verborum

144 2549 233 2582 bene
256 2549 425 2593 expressit
451 2550 679 2585 Gerlachius:
707 2561 841 2594 pacem,
867 2561 973 2594 quam
997 2551 1159 2585 Bocchus
1186 2551 1363 2597 agitabat,
1385 2550 1529 2584 turbare

145 2614 249 2652 atquc
272 2608 460 2653 impedire;
492 2611 538 2645 cf.
562 2610 634 2646 Cic.
668 2623 703 2655 p.
728 2612 834 2647 Rosc.
861 2613 978 2646 Amor.
1016 2624 1047 2646 c.
1069 2612 1136 2655 38,
1171 2612 1252 2647 109.
1304 2611 1444 2645 Nullum
1476 2616 1528 2645 ent

146 2670 318 2713 officium,
350 2672 482 2705 nullum
518 2672 573 2705 ius
603 2677 677 2706 tam
708 2678 863 2706 sanctum
896 2677 999 2717 atquc
1023 2674 1218 2719 integrum,
1249 2672 1340 2717 quod
1363 2683 1430 2705 non
1454 2672 1527 2706 eiu·

146 2732 254 2765 reclus
278 2731 418 2766 violarit
443 2737 475 2766 et
499 2733 795 2767 imminuerit.
820 2744 852 2768 v.
875 2732 982 2768 etiam
1007 2733 1051 2767 ad
1076 2745 1106 2770 c.
1124 2733 1198 2774 CX,
1215 2732 1250 2769 3.
1297 2733 1459 2767 Ceterum
1482 2733 1528 2767 ad

145 2791 338 2838 Iugurthae
369 2792 516 2828 consilia
546 2793 757 2829 illustranda
780 2793 919 2829 certiu-
943 2794 1102 2839 apposito
1132 2793 1242 2830 utitur
1264 2793 1422 2829 cao-ari·
1448 2805 1525 2829 rer-
