1630 3034
438 197 808 241 IUGURTHA.
869 197 996 241 CAP.
1027 199 1256 241 LXXXV.
1443 204 1525 243 ‘151

147 329 301 360 eorum
336 315 496 375 partim
526 315 636 371 vidi,
665 316 748 359 alia
779 322 961 376 egomet
996 315 1136 376 gessi,
1164 330 1280 374 quae
1316 316 1377 360 illi
1405 316 1524 361 litte-

146 413 227 468 ris,
265 427 319 456 ea
364 427 451 471 ego
486 411 712 455 militando
750 412 895 455 didici.
966 413 1096 456 Nunc
1141 427 1218 456 vos
1255 414 1527 471 existumate‚
1544 415 1592 456 14

146 509 264 552 facta
309 524 365 552 an
418 508 537 552 dicta
582 509 720 568 pluris
770 509 863 552 siut.
942 508 1242 554 Contemnunt
1286 511 1527 555 novitatem

145 621 314 662 meam,
367 619 455 665 ego
506 605 683 648 illorum
740 605 987 665 ignaviam3
1036 594 1149 649 mihi
1199 606 1398 663 fortuna,
1444 608 1525 652 illis

143 793 301 835 spectum
332 788 444 830 datis,
476 787 654 822 audientes
686 788 909 833 legentesque
939 789 982 824 nd
1021 800 1151 823 novum
1186 783 1348 834 aliquod,
1382 803 1423 825 ex
1453 792 1528 826 illis

144 850 413 890 consectarium,
441 850 731 891 transducuntur,
767 861 858 893 quae
888 862 943 884 res
966 850 1002 884 in
1029 861 1154 885 caussa
1185 855 1255 891 est,
1288 862 1351 884 0111·
1374 852 1526 895 plerum-

143 922 211 955 que
234 922 312 944 cum
337 910 548 954 imperativo
571 910 749 954 iungatur.
785 911 911 944 Sensus
936 916 1054 945 autem
1077 912 1272 955 particulae
1293 910 1329 944 in
1353 911 1415 945 tali
1437 924 1527 946 nexu

142 971 204 1005 hic
226 975 297 1005 estz
329 970 392 1005 1100
414 982 528 1004 rerum
552 976 669 1012 statu,
700 971 774 1004 sive
796 972 896 1005 rebus
919 972 991 1014 ita,
1024 976 1062 1006 ut
1087 972 1216 1006 dictum
1241 976 1311 1011 est,
1347 982 1526 1016 compara-

144 1032 213 1073 τῖε,-
245 1032 289 1066 cf.
325 1031 470 1067 Meiner.
494 1032 538 1065 de
558 1031 706 1066 Particc.
741 1032 830 1066 Latt.
863 1043 896 1076 p.
921 1031 1001 1066 328.
1048 1032 1180 1066 Eodem
1206 1031 1310 1065 modo
1338 1032 1429 1076 apud
1453 1032 1525 1067 No-

142 1096 254 1127 strum
288 1092 323 1125 in
355 1092 423 1126 hac
458 1092 566 1126 Marii
596 1092 754 1126 oratione
788 1092 916 1137 iegitur
948 1094 980 1135 §.
1013 1092 1069 1126 14.
1101 1097 1135 1126 et
1161 1092 1218 1126 25.
1252 1090 1324 1124 Cic.
1357 1092 1448 1136 Epp.
1481 1093 1526 1126 ad

142 1153 284 1189 Famm.
314 1153 358 1195 X,
389 1152 456 1194 32,
479 1153 512 1188 7.
561 1154 648 1188 Abi
679 1165 814 1195 nunc,
846 1153 966 1197 populi
979 1153 1089 1196 fidem
1113 1153 1275 1197 implora.
1299 1152 1433 1187 Seneca
1458 1155 1524 1198 Ep.

141 1214 198 1255 cl,
228 1217 314 1250 extr.
351 1213 497 1259 -Nega
529 1226 645 1248 nunc
677 1225 846 1259 magnum
878 1214 1075 1255 beneficium
1121 1225 1193 1248 esse
1226 1218 1399 1257 naturae,
1436 1215 1528 1259 qnod

141 1285 279 1309 necesse
309 1278 361 1309 est
393 1276 491 1309 mori.
524 1275 572 1308 Id.
600 1275 643 1308 de
665 1275 798 1309 Beneff.
826 1275 882 1316 Π,
907 1273 965 1317 35,
989 1279 1074 1308 extr.
1100 1294 1144 1300 —
1178 1275 1232 1308 De
1255 1285 1356 1309 more
1389 1275 1523 1310 Roma-

141 1347 266 1371 norum
291 1346 456 1380 personas
477 1336 704 1379 comparandi
726 1347 794 1369 11011
817 1346 896 1369 011111
921 1335 1085 1378 personis,
1110 1335 1169 1368 sed
1188 1346 1266 1369 cum
1287 1335 1353 1377 iis,
1378 1347 1468 1380 quae
1491 1336 1527 1370 in

141 1396 296 1441 personis
319 1395 458 1438 insunt,
480 1396 552 1430 iam
576 1396 727 1430 diximus
748 1396 796 1429 ad
819 1394 920 1430 Catil.
944 1407 974 1429 c.
999 1395 1053 1436 m,
1080 1394 1133 1428 14.
1158 1406 1193 1438 p.
1217 1394 1311 1437 245„
1336 1396 1397 1431 ubi
1420 1397 1528 1432 etiam

141 1458 236 1491 hunc
260 1458 377 1492 locum
402 1456 594 1491 attulimus.
641 1457 735 1491 Satis
758 1457 845 1490 bene
878 1456 921 1490 de
944 1467 986 1490 ea
1018 1468 1056 1490 re
1080 1456 1241 1491 disseruit
1265 1457 1382 1501 Raph.
1407 1457 1529 1491 Kueli-

141 1529 245 1552 nerns
267 1517 312 1552 ad
341 1517 413 1551 Cic.
438 1516 566 1551 Tuscc.
590 1517 620 1559 Ι,
644 1518 679 1561 1,
702 1517 736 1551 2.
762 1517 808 1553 cf.
833 1516 949 1551 Tacit.
974 1517 1032 1559 Π,
1056 1517 1090 1559 7,
1112 1516 1145 1551 1.
1197 1518 1251 1551 Co
1266 1522 1340 1552 tta
1369 1527 1433 1562 per
1454 1520 1527 1564 fla-

144 1579 239 1626 gitia
261 1579 404 1622 infamis
436 1579 660 1613 sanctissimis
684 1578 842 1612 Arruntii
866 1577 1044 1612 artibus
1066 1577 1294 1622 aequabatur.
1316 1577 1363 1611 id.
1385 1575 1451 1620 Ν,
1469 1580 1527 1622 17,

143 1640 177 1673 2.
202 1639 280 1675 Liv.
314 1639 419 1680 XXI,
442 1638 507 1679 ll,
532 1639 566 1672 2.
602 1657 642 1664 -
674 1639 744 1672 Pro
772 1643 931 1683 partem,
965 1638 1058 1682 quod
1092 1649 1210 1672 omnes
1243 1639 1341 1672 codd.
1376 1642 1528 1683 tuentur,

144 1699 284 1736 Curtius
306 1711 327 1733 e
350 1698 549 1734 coniectura
573 1698 743 1733 Gronovii
767 1700 803 1733 in
831 1699 932 1733 obss.
956 1699 1020 1740 ΠΙ,
1044 1698 1078 1733 2.
1101 1710 1135 1743 p.
1159 1697 1239 1732 342.
1265 1698 1318 1732 ed.
1337 1698 1432 1743 bips.
1451 1712 1527 1743 pro-

142 1762 257 1806 posita
277 1760 416 1804 scripsit
438 1761 593 1804 partim‚·
627 1770 732 1803 quam
757 1760 935 1801 formam,
967 1771 1030 1802 per
1052 1770 1089 1793 se
1112 1771 1180 1793 non
1203 1760 1459 1803 damnindam,
1490 1765 1530 1795 ut

143 1821 294 1856 diximus
318 1821 363 1855 ad
391 1832 419 1855 c.
447 1820 524 1863 LV,
551 1820 598 1861 4.,
626 1819 701 1853 sine
732 1820 807 1854 ulla
836 1820 936 1853 codd.
969 1819 1177 1853 auctoritate
1200 1819 1330 1853 insen-e
1353 1819 1526 1854 inconsul-

144 1888 219 1918 tum
249 1885 310 1916 est.
334 1901 379 1906 —
407 1882 466 1914 Ea
489 1886 570 1915 ante
600 1891 665 1925 ego
702 1881 792 1914 idem
828 1879 984 1920 delevit,
1017 1880 1115 1913 codd.
1148 1880 1225 1913 Vin.
1255 1879 1289 1912 2.
1314 1883 1350 1913 et
1373 1879 1468 1913 Vrat.
1493 1880 1530 1915 3.

145 1947 302 1984 secutus3
327 1943 375 1976 cf.
400 1941 444 1976 ad
468 1941 544 1974 Cat.
570 1940 627 1981 LI,
653 1939 710 1974 14.
733 1959 780 1965 —-
811 1940 881 1972 Pro
905 1939 1085 1972 militando
1110 1938 1218 1971 didici
1241 1939 1411 1973 Gruterus
1434 1941 1530 1974 male

146 2007 266 2037 contra
290 2013 410 2036 omnes
433 2000 531 2034 codd.
555 1999 692 2043 scripsit
716 2000 824 2033 didici
845 1999 956 2040 milit,
973 1998 1032 2042 qui
1058 1999 1244 2032 verborum
1268 2000 1355 2033 ordo
1377 2011 1438 2034 cur
1460 2012 1529 2035 non

146 2062 308 2097 ferendus
331 2062 377 2096 sit
401 2061 551 2096 diximus
574 2062 618 2095 ad
642 2072 671 2095 c.
697 2061 803 2103 Lxx,
827 2058 861 2095 5.
910 2058 1117 2102 nuperrime
1141 2063 1257 2093 tumen
1280 2058 1433 2094 Weisius
1455 2072 1529 2104 per-

144 2134 284 2158 versam
310 2122 479 2157 rationem
503 2126 638 2155 secutus
662 2125 722 2154 est.

238 2186 270 2227 §.
296 2184 353 2219 14.
398 2194 458 2217 vos
489 2181 716 2225 existumem]
753 2181 947 2214 Pronomen
980 2178 1162 2222 personale
1194 2178 1403 2221 imperativo
1435 2180 1530 2214 addit

147 2243 304 2285 Marius,
334 2247 372 2277 nt
407 2242 579 2288 significet
613 2246 781 2285 qnantum
805 2240 932 2284 populo
967 2239 1110 2273 tribuat.
1136 2257 1180 2263 —
1207 2239 1444 2280 Esiseumate,
1468 2251 1529 2282 pro

147 2315 216 2348 qno
251 2303 451 2348 paucissimi
485 2301 567 2336 iibri
600 2302 730 2335 habent
763 2301 967 2342 aestimate,
1003 2299 1140 2333 Cottius
1173 2300 1261 2333 bene
1282 2298 1333 2332 sic
1358 2298 1529 2332 defendit:

147 2364 310 2406 „Marius
341 2374 408 2397 non
440 2364 545 2397 modo
577 2361 862 2396 deliberationem
903 2365 937 2395 et
971 2361 1299 2400 considerationem,
1329 2359 1388 2392 sed
1424 2359 1531 2392 ctiam

149 2425 318 2458 iudicium
350 2429 384 2458 et
416 2424 625 2457 sententiam
660 2422 770 2466 piebis
804 2421 934 2455 facit.“
962 2433 995 2456 v.
1022 2421 1280 2455 annotationem
1306 2424 1459 2453 nostram
1486 2420 1531 2453 ad

150 2484 253 2519 Catii.
280 2484 369 2526 Π11,
394 2484 427 2517 2.
452 2485 529 2529 lug.
557 2485 628 2525 CX,
655 2484 746 2518 5.-
766 2484 818 2517 De
843 2488 1041 2526 contemptu
1068 2482 1231 2515 novitatis
1255 2491 1287 2514 τ.
1311 2480 1390 2513 car.
1416 2479 1531 2513 Beier.

150 2545 194 2580 ad
219 2544 291 2579 Cic.
315 2545 358 2578 de
392 2544 462 2579 off.
491 2546 517 2588 1,
544 2544 606 2586 39,
630 2543 712 2579 138.
744 2542 824 2576 coll.
850 2543 951 2576 Catil.
978 2542 1106 2584 xxm,
1130 2541 1164 2576 6.
1196 2559 1236 2565 —
1266 2540 1420 2574 Fortuna
1445 2541 1478 2575 11,
1505 2540 1529 2573 1.

151 2605 327 2650 significat
356 2606 494 2650 generis
529 2604 774 2639 obscuritatem
799 2609 834 2638 et
858 2602 1052 2648 imaginum
1077 2592 1238 2645 inopiam.
1266 2600 1310 2634 cf.
1343 2606 1464 2634 notata
1489 2599 1533 2633 ad

153 2677 184 2699 c.
210 2666 330 2707 LXIV,
351 2665 384 2698 2.
411 2686 453 2690 —
482 2666 644 2699 Probrum
669 2664 796 2698 dicitur
820 2675 920 2698 omne
947 2663 1000 2704 id,
1026 2663 1116 2706 qnod
1142 2662 1288 2696 dedecus
1312 2660 1426 2701 affert,
1451 2660 1532 2703 quia

153 2725 199 2758 ab
222 2725 400 2760 honestate
424 2730 458 2760 et
481 2737 617 2760 morum
642 2725 846 2770 integritate
875 2725 993 2767 abest;
1022 2734 1056 2758 v·
1081 2723 1214 2758 Ludov.
1239 2721 1440 2757 Doederaini
1464 2721 1532 2765 Sy·

153 2795 329 2830 uonymm.
355 2786 444 2821 Lan.
470 2786 545 2821 Vol.
569 2786 626 2821 lv.
651 2798 685 2830 p.
710 2785 778 2821 195
793 2797 866 2830 sqq.

727 2855 744 2891 N
1145 2852 1261 2898 29*
