<?xml version="1.0" encoding="UTF-8"?>
<!DOCTYPE html PUBLIC "-//W3C//DTD XHTML 1.0 Transitional//EN"
    "http://www.w3.org/TR/xhtml1/DTD/xhtml1-transitional.dtd">
<html xmlns="http://www.w3.org/1999/xhtml" xml:lang="en" lang="en">
 <head>
  <title>
</title>
<meta http-equiv="Content-Type" content="text/html;charset=utf-8" />
  <meta name='ocr-system' content='tesseract 3.04.00' />
  <meta name='ocr-capabilities' content='ocr_page ocr_carea ocr_par ocr_line ocrx_word'/>
</head>
<body>
  <div class='ocr_page' id='page_1' title='image "./operaquaesupeappx01salluoft_0701.png"; bbox 0 0 1630 3034; ppageno 0'>
   <div class='ocr_carea' id='block_1_1' title="bbox 492 150 1520 203">
    <p class='ocr_par' dir='ltr' id='par_1_1' title="bbox 492 150 1520 203">
     <span class='ocr_line' id='line_1_1' title="bbox 492 150 1520 203; baseline 0.003 -9"><span class='ocrx_word' id='word_1_1' title='bbox 492 150 847 195; x_wconf 85' lang='lat' dir='ltr'><strong>IUGURTHA.</strong></span> <span class='ocrx_word' id='word_1_2' title='bbox 899 151 1027 196; x_wconf 87' lang='lat' dir='ltr'><strong>CAP.</strong></span> <span class='ocrx_word' id='word_1_3' title='bbox 1058 151 1154 196; x_wconf 85' lang='lat' dir='ltr'><strong>LX.</strong></span> <span class='ocrx_word' id='word_1_4' title='bbox 1436 161 1520 203; x_wconf 79' lang='lat'><strong>321</strong></span> 
     </span>
    </p>
   </div>
   <div class='ocr_carea' id='block_1_2' title="bbox 133 268 1558 621">
    <p class='ocr_par' dir='ltr' id='par_1_2' title="bbox 133 268 1558 621">
     <span class='ocr_line' id='line_1_2' title="bbox 136 268 1558 329; baseline 0.004 -17"><span class='ocrx_word' id='word_1_5' title='bbox 136 268 264 312; x_wconf 86' lang='lat' dir='ltr'><strong>alteri</strong></span> <span class='ocrx_word' id='word_1_6' title='bbox 300 269 462 312; x_wconf 86' lang='lat' dir='ltr'><strong>alteros</strong></span> <span class='ocrx_word' id='word_1_7' title='bbox 510 269 730 326; x_wconf 81' lang='lat' dir='ltr'>sauciare,</span> <span class='ocrx_word' id='word_1_8' title='bbox 776 283 911 326; x_wconf 87' lang='lat' dir='ltr'><strong>quam</strong></span> <span class='ocrx_word' id='word_1_9' title='bbox 951 275 1094 313; x_wconf 89' lang='lat' dir='ltr'><strong>semet</strong></span> <span class='ocrx_word' id='word_1_10' title='bbox 1127 275 1312 329; x_wconf 81' lang='lat' dir='ltr'><strong>tegere3</strong></span> <span class='ocrx_word' id='word_1_11' title='bbox 1352 272 1558 326; x_wconf 82' lang='lat' dir='ltr'><strong>clamor2</strong></span> 
     </span>
     <span class='ocr_line' id='line_1_3' title="bbox 133 364 1518 429; baseline 0.004 -20"><span class='ocrx_word' id='word_1_12' title='bbox 133 365 377 425; x_wconf 84' lang='lat' dir='ltr'><strong>permixtus</strong></span> <span class='ocrx_word' id='word_1_13' title='bbox 413 364 689 422; x_wconf 83' lang='lat' dir='ltr'><strong>hortatione,</strong></span> <span class='ocrx_word' id='word_1_14' title='bbox 724 365 1138 425; x_wconf 82' lang='lat' dir='ltr'><strong>laetitia,.gemitu‚</strong></span> <span class='ocrx_word' id='word_1_15' title='bbox 1169 366 1276 410; x_wconf 89' lang='lat' dir='ltr'><strong>item</strong></span> <span class='ocrx_word' id='word_1_16' title='bbox 1311 369 1518 429; x_wconf 85' lang='lat' dir='ltr'><strong>strepitus</strong></span> 
     </span>
     <span class='ocr_line' id='line_1_4' title="bbox 134 460 1518 521; baseline 0.005 -17"><span class='ocrx_word' id='word_1_17' title='bbox 134 477 359 506; x_wconf 88' lang='lat' dir='ltr'><strong>armornm</strong></span> <span class='ocrx_word' id='word_1_18' title='bbox 404 461 464 506; x_wconf 89' lang='lat' dir='ltr'><strong>ad</strong></span> <span class='ocrx_word' id='word_1_19' title='bbox 510 462 686 506; x_wconf 88' lang='lat' dir='ltr'><strong>coelum</strong></span> <span class='ocrx_word' id='word_1_20' title='bbox 740 461 874 518; x_wconf 86' lang='lat' dir='ltr'><strong>ferri,</strong></span> <span class='ocrx_word' id='word_1_21' title='bbox 944 460 1035 505; x_wconf 86' lang='lat' dir='ltr'><strong>tela</strong></span> <span class='ocrx_word' id='word_1_22' title='bbox 1085 461 1308 521; x_wconf 83' lang='lat' dir='ltr'><strong>utrimque</strong></span> <span class='ocrx_word' id='word_1_23' title='bbox 1351 465 1518 511; x_wconf 80' lang='lat' dir='ltr'><strong>volare.</strong></span> 
     </span>
     <span class='ocr_line' id='line_1_5' title="bbox 134 557 1557 621; baseline 0.003 -19"><span class='ocrx_word' id='word_1_24' title='bbox 134 557 228 603; x_wconf 83' lang='lat' dir='ltr'><strong>Sed</strong></span> <span class='ocrx_word' id='word_1_25' title='bbox 273 558 356 610; x_wconf 88' lang='lat' dir='ltr'><strong>illi,</strong></span> <span class='ocrx_word' id='word_1_26' title='bbox 404 558 480 617; x_wconf 89' lang='lat' dir='ltr'><strong>qui</strong></span> <span class='ocrx_word' id='word_1_27' title='bbox 525 559 701 603; x_wconf 86' lang='lat' dir='ltr'><strong>moenia</strong></span> <span class='ocrx_word' id='word_1_28' title='bbox 732 557 1050 614; x_wconf 80' lang='lat' dir='ltr'><strong>defensabant,</strong></span> <span class='ocrx_word' id='word_1_29' title='bbox 1097 557 1173 602; x_wconf 93' lang='lat' dir='ltr'><strong>ubi</strong></span> <span class='ocrx_word' id='word_1_30' title='bbox 1199 558 1351 604; x_wconf 84' lang='lat' dir='ltr'><strong>hostes</strong></span> <span class='ocrx_word' id='word_1_31' title='bbox 1386 562 1557 621; x_wconf 80' lang='lat' dir='ltr'><strong>paul—3</strong></span> 
     </span>
    </p>
   </div>
   <div class='ocr_carea' id='block_1_3' title="bbox 132 654 1519 716">
    <p class='ocr_par' dir='ltr' id='par_1_3' title="bbox 132 654 1519 716">
     <span class='ocr_line' id='line_1_6' title="bbox 132 654 1519 716; baseline 0.004 -18"><span class='ocrx_word' id='word_1_32' title='bbox 132 654 226 699; x_wconf 90' lang='lat' dir='ltr'><strong>lum</strong></span> <span class='ocrx_word' id='word_1_33' title='bbox 280 654 418 700; x_wconf 88' lang='lat' dir='ltr'><strong>modo</strong></span> <span class='ocrx_word' id='word_1_34' title='bbox 475 670 677 716; x_wconf 86' lang='lat' dir='ltr'><strong>pugnam</strong></span> <span class='ocrx_word' id='word_1_35' title='bbox 742 654 1003 699; x_wconf 83' lang='lat' dir='ltr'><strong>remiserant</strong></span> <span class='ocrx_word' id='word_1_36' title='bbox 1025 687 1038 711; x_wconf 90' lang='lat'>‚</span> <span class='ocrx_word' id='word_1_37' title='bbox 1094 654 1246 698; x_wconf 87' lang='lat' dir='ltr'><strong>intenti</strong></span> <span class='ocrx_word' id='word_1_38' title='bbox 1298 659 1519 716; x_wconf 87' lang='lat' dir='ltr'><strong>proelium</strong></span> 
     </span>
    </p>
   </div>
   <div class='ocr_carea' id='block_1_4' title="bbox 78 797 1520 2782">
    <p class='ocr_par' dir='ltr' id='par_1_4' title="bbox 129 797 1520 2419">
     <span class='ocr_line' id='line_1_7' title="bbox 132 797 1520 844; baseline 0.004 -12"><span class='ocrx_word' id='word_1_39' title='bbox 132 799 314 833; x_wconf 85' lang='lat' dir='ltr'><strong>commode</strong></span> <span class='ocrx_word' id='word_1_40' title='bbox 345 799 465 833; x_wconf 87' lang='lat' dir='ltr'><strong>abesse</strong></span> <span class='ocrx_word' id='word_1_41' title='bbox 495 809 561 844; x_wconf 81' lang='lat' dir='ltr'><strong>que</strong></span> <span class='ocrx_word' id='word_1_42' title='bbox 591 797 822 833; x_wconf 76' lang='lat' dir='ltr'><strong>concedimus.</strong></span> <span class='ocrx_word' id='word_1_43' title='bbox 856 817 902 823; x_wconf 88' lang='lat'>—</span> <span class='ocrx_word' id='word_1_44' title='bbox 933 798 1122 843; x_wconf 83' lang='lat' dir='ltr'><strong>Sequentia</strong></span> <span class='ocrx_word' id='word_1_45' title='bbox 1157 799 1251 833; x_wconf 88' lang='lat' dir='ltr'><strong>haud</strong></span> <span class='ocrx_word' id='word_1_46' title='bbox 1282 811 1351 834; x_wconf 91' lang='lat' dir='ltr'><strong>uno</strong></span> <span class='ocrx_word' id='word_1_47' title='bbox 1379 802 1520 837; x_wconf 85' lang='lat' dir='ltr'><strong>nomine</strong></span> 
     </span>
     <span class='ocr_line' id='line_1_8' title="bbox 131 858 1519 908; baseline 0.003 -14"><span class='ocrx_word' id='word_1_48' title='bbox 131 861 177 894; x_wconf 85' lang='lat' dir='ltr'><strong>ab</strong></span> <span class='ocrx_word' id='word_1_49' title='bbox 201 860 390 895; x_wconf 73' lang='lat' dir='ltr'><strong>editoribus</strong></span> <span class='ocrx_word' id='word_1_50' title='bbox 421 863 552 893; x_wconf 84' lang='lat' dir='ltr'><strong>tentata</strong></span> <span class='ocrx_word' id='word_1_51' title='bbox 584 863 672 894; x_wconf 89' lang='lat' dir='ltr'><strong>sunt.</strong></span> <span class='ocrx_word' id='word_1_52' title='bbox 719 859 881 893; x_wconf 90' lang='lat' dir='ltr'><strong>Primum</strong></span> <span class='ocrx_word' id='word_1_53' title='bbox 911 859 1003 893; x_wconf 90' lang='lat' dir='ltr'><strong>enim</strong></span> <span class='ocrx_word' id='word_1_54' title='bbox 1033 858 1156 901; x_wconf 87' lang='lat' dir='ltr'><strong>multi,</strong></span> <span class='ocrx_word' id='word_1_55' title='bbox 1189 858 1224 893; x_wconf 89' lang='lat' dir='ltr'><strong>in</strong></span> <span class='ocrx_word' id='word_1_56' title='bbox 1249 861 1375 904; x_wconf 83' lang='lat' dir='ltr'><strong>quibus</strong></span> <span class='ocrx_word' id='word_1_57' title='bbox 1398 862 1519 908; x_wconf 65' lang='lat' dir='ltr'><strong>Bipp„</strong></span> 
     </span>
     <span class='ocr_line' id='line_1_9' title="bbox 129 919 1520 969; baseline 0.004 -15"><span class='ocrx_word' id='word_1_58' title='bbox 129 920 323 956; x_wconf 80' lang='lat' dir='ltr'><strong>Muellerus</strong></span> <span class='ocrx_word' id='word_1_59' title='bbox 352 925 387 955; x_wconf 90' lang='lat' dir='ltr'><strong>et</strong></span> <span class='ocrx_word' id='word_1_60' title='bbox 417 919 653 961; x_wconf 62' lang='lat' dir='ltr'><strong>Gerlachius,</strong></span> <span class='ocrx_word' id='word_1_61' title='bbox 679 924 758 964; x_wconf 87' lang='lat' dir='ltr'><strong>post</strong></span> <span class='ocrx_word' id='word_1_62' title='bbox 789 931 897 965; x_wconf 83' lang='lat' dir='ltr'><strong>agere</strong></span> <span class='ocrx_word' id='word_1_63' title='bbox 932 923 1106 954; x_wconf 87' lang='lat' dir='ltr'><strong>commate</strong></span> <span class='ocrx_word' id='word_1_64' title='bbox 1132 919 1384 966; x_wconf 78' lang='lat' dir='ltr'><strong>distinxerunt,</strong></span> <span class='ocrx_word' id='word_1_65' title='bbox 1425 926 1520 969; x_wconf 85' lang='lat' dir='ltr'><strong>quod</strong></span> 
     </span>
     <span class='ocr_line' id='line_1_10' title="bbox 129 979 1519 1027; baseline 0.006 -15"><span class='ocrx_word' id='word_1_66' title='bbox 129 984 313 1022; x_wconf 83' lang='lat' dir='ltr'><strong>propterea</strong></span> <span class='ocrx_word' id='word_1_67' title='bbox 350 979 436 1013; x_wconf 78' lang='lat' dir='ltr'><strong>ferri</strong></span> <span class='ocrx_word' id='word_1_68' title='bbox 466 980 605 1024; x_wconf 85' lang='lat' dir='ltr'><strong>nequit,</strong></span> <span class='ocrx_word' id='word_1_69' title='bbox 638 981 722 1024; x_wconf 87' lang='lat' dir='ltr'><strong>quia</strong></span> <span class='ocrx_word' id='word_1_70' title='bbox 752 993 861 1027; x_wconf 84' lang='lat' dir='ltr'><strong>agere</strong></span> <span class='ocrx_word' id='word_1_71' title='bbox 892 992 992 1014; x_wconf 79' lang='lat' dir='ltr'><strong>sensu</strong></span> <span class='ocrx_word' id='word_1_72' title='bbox 1024 991 1046 1014; x_wconf 93' lang='lat' dir='ltr'><strong>a</strong></span> <span class='ocrx_word' id='word_1_73' title='bbox 1081 981 1303 1023; x_wconf 81' lang='lat' dir='ltr'><strong>sequentibus</strong></span> <span class='ocrx_word' id='word_1_74' title='bbox 1327 984 1444 1019; x_wconf 81' lang='lat' dir='ltr'><strong>verbis</strong></span> <span class='ocrx_word' id='word_1_75' title='bbox 1467 985 1519 1020; x_wconf 82' lang='lat' dir='ltr'><strong>ita</strong></span> 
     </span>
     <span class='ocr_line' id='line_1_11' title="bbox 131 1039 1518 1087; baseline 0.006 -14"><span class='ocrx_word' id='word_1_76' title='bbox 131 1039 267 1082; x_wconf 83' lang='lat' dir='ltr'><strong>differt,</strong></span> <span class='ocrx_word' id='word_1_77' title='bbox 291 1044 328 1074; x_wconf 90' lang='lat' dir='ltr'><strong>ut</strong></span> <span class='ocrx_word' id='word_1_78' title='bbox 351 1041 419 1075; x_wconf 90' lang='lat' dir='ltr'><strong>hoc</strong></span> <span class='ocrx_word' id='word_1_79' title='bbox 439 1039 475 1074; x_wconf 88' lang='lat' dir='ltr'><strong>in</strong></span> <span class='ocrx_word' id='word_1_80' title='bbox 499 1041 700 1076; x_wconf 73' lang='lat' dir='ltr'><strong>universum</strong></span> <span class='ocrx_word' id='word_1_81' title='bbox 721 1046 756 1077; x_wconf 87' lang='lat' dir='ltr'><strong>et</strong></span> <span class='ocrx_word' id='word_1_82' title='bbox 778 1041 988 1087; x_wconf 81' lang='lat' dir='ltr'><strong>generaliter</strong></span> <span class='ocrx_word' id='word_1_83' title='bbox 1006 1041 1226 1075; x_wconf 85' lang='lat' dir='ltr'><strong>obsessorum</strong></span> <span class='ocrx_word' id='word_1_84' title='bbox 1251 1043 1434 1079; x_wconf 78' lang='lat' dir='ltr'><strong>conamina</strong></span> <span class='ocrx_word' id='word_1_85' title='bbox 1459 1046 1518 1081; x_wconf 85' lang='lat' dir='ltr'><strong>de-</strong></span> 
     </span>
     <span class='ocr_line' id='line_1_12' title="bbox 129 1099 1517 1149; baseline 0.004 -16"><span class='ocrx_word' id='word_1_86' title='bbox 129 1099 267 1145; x_wconf 79' lang='lat' dir='ltr'><strong>signet,</strong></span> <span class='ocrx_word' id='word_1_87' title='bbox 298 1101 368 1134; x_wconf 82' lang='lat' dir='ltr'><strong>illis</strong></span> <span class='ocrx_word' id='word_1_88' title='bbox 404 1106 520 1135; x_wconf 83' lang='lat' dir='ltr'><strong>autem</strong></span> <span class='ocrx_word' id='word_1_89' title='bbox 553 1103 736 1146; x_wconf 86' lang='lat' dir='ltr'><strong>peculiaris</strong></span> <span class='ocrx_word' id='word_1_90' title='bbox 772 1103 865 1138; x_wconf 86' lang='lat' dir='ltr'><strong>ratio</strong></span> <span class='ocrx_word' id='word_1_91' title='bbox 902 1101 1084 1137; x_wconf 84' lang='lat' dir='ltr'><strong>resistendi</strong></span> <span class='ocrx_word' id='word_1_92' title='bbox 1117 1101 1344 1146; x_wconf 83' lang='lat' dir='ltr'><strong>significetur.</strong></span> <span class='ocrx_word' id='word_1_93' title='bbox 1400 1105 1517 1149; x_wconf 78' lang='lat' dir='ltr'><strong>Quare</strong></span> 
     </span>
     <span class='ocr_line' id='line_1_13' title="bbox 130 1160 1517 1210; baseline 0.006 -17"><span class='ocrx_word' id='word_1_94' title='bbox 130 1160 221 1194; x_wconf 85' lang='lat' dir='ltr'><strong>haec</strong></span> <span class='ocrx_word' id='word_1_95' title='bbox 249 1160 387 1196; x_wconf 73' lang='lat' dir='ltr'><strong>diversa</strong></span> <span class='ocrx_word' id='word_1_96' title='bbox 418 1173 486 1196; x_wconf 91' lang='lat' dir='ltr'><strong>non</strong></span> <span class='ocrx_word' id='word_1_97' title='bbox 517 1168 661 1207; x_wconf 80' lang='lat' dir='ltr'><strong>possunt</strong></span> <span class='ocrx_word' id='word_1_98' title='bbox 692 1174 760 1197; x_wconf 90' lang='lat' dir='ltr'><strong>uno</strong></span> <span class='ocrx_word' id='word_1_99' title='bbox 783 1168 902 1198; x_wconf 87' lang='lat' dir='ltr'><strong>tenore</strong></span> <span class='ocrx_word' id='word_1_100' title='bbox 924 1161 1060 1203; x_wconf 67' lang='lat' dir='ltr'><strong>efferri,</strong></span> <span class='ocrx_word' id='word_1_101' title='bbox 1092 1161 1151 1195; x_wconf 82' lang='lat' dir='ltr'><strong>sed</strong></span> <span class='ocrx_word' id='word_1_102' title='bbox 1183 1162 1316 1197; x_wconf 83' lang='lat' dir='ltr'><strong>maiore</strong></span> <span class='ocrx_word' id='word_1_103' title='bbox 1338 1164 1517 1210; x_wconf 76' lang='lat' dir='ltr'><strong>interpun-</strong></span> 
     </span>
     <span class='ocr_line' id='line_1_14' title="bbox 131 1221 1518 1268; baseline 0.004 -13"><span class='ocrx_word' id='word_1_104' title='bbox 131 1221 246 1256; x_wconf 83' lang='lat' dir='ltr'><strong>ctione</strong></span> <span class='ocrx_word' id='word_1_105' title='bbox 270 1222 500 1268; x_wconf 69' lang='lat' dir='ltr'><strong>dis-iungenda</strong></span> <span class='ocrx_word' id='word_1_106' title='bbox 532 1228 622 1258; x_wconf 85' lang='lat' dir='ltr'><strong>sunt.</strong></span> <span class='ocrx_word' id='word_1_107' title='bbox 669 1224 740 1258; x_wconf 86' lang='lat' dir='ltr'><strong>Sed</strong></span> <span class='ocrx_word' id='word_1_108' title='bbox 772 1223 917 1268; x_wconf 74' lang='lat' dir='ltr'><strong>gravior</strong></span> <span class='ocrx_word' id='word_1_109' title='bbox 940 1222 1111 1256; x_wconf 78' lang='lat' dir='ltr'><strong>dissensus</strong></span> <span class='ocrx_word' id='word_1_110' title='bbox 1136 1226 1188 1257; x_wconf 90' lang='lat' dir='ltr'><strong>est</strong></span> <span class='ocrx_word' id='word_1_111' title='bbox 1220 1221 1446 1267; x_wconf 80' lang='lat' dir='ltr'><strong>interpretum</strong></span> <span class='ocrx_word' id='word_1_112' title='bbox 1473 1227 1518 1261; x_wconf 86' lang='lat' dir='ltr'><strong>de</strong></span> 
     </span>
     <span class='ocr_line' id='line_1_15' title="bbox 131 1281 1517 1330; baseline 0.004 -15"><span class='ocrx_word' id='word_1_113' title='bbox 131 1283 246 1317; x_wconf 77' lang='lat' dir='ltr'><strong>verbis</strong></span> <span class='ocrx_word' id='word_1_114' title='bbox 269 1295 474 1329; x_wconf 81' lang='lat' dir='ltr'><strong>oppugnare</strong></span> <span class='ocrx_word' id='word_1_115' title='bbox 498 1290 561 1320; x_wconf 83' lang='lat' dir='ltr'><strong>aut</strong></span> <span class='ocrx_word' id='word_1_116' title='bbox 587 1296 738 1330; x_wconf 83' lang='lat' dir='ltr'><strong>parare,</strong></span> <span class='ocrx_word' id='word_1_117' title='bbox 772 1295 862 1328; x_wconf 87' lang='lat' dir='ltr'><strong>quae</strong></span> <span class='ocrx_word' id='word_1_118' title='bbox 884 1281 990 1317; x_wconf 81' lang='lat' dir='ltr'><strong>multi</strong></span> <span class='ocrx_word' id='word_1_119' title='bbox 1020 1282 1065 1316; x_wconf 80' lang='lat' dir='ltr'><strong>nd</strong></span> <span class='ocrx_word' id='word_1_120' title='bbox 1087 1283 1180 1316; x_wconf 83' lang='lat' dir='ltr'><strong>solos</strong></span> <span class='ocrx_word' id='word_1_121' title='bbox 1203 1282 1393 1327; x_wconf 76' lang='lat' dir='ltr'><strong>oppidanos</strong></span> <span class='ocrx_word' id='word_1_122' title='bbox 1424 1286 1517 1320; x_wconf 81' lang='lat' dir='ltr'><strong>refe-</strong></span> 
     </span>
     <span class='ocr_line' id='line_1_16' title="bbox 129 1342 1518 1390; baseline 0.002 -14"><span class='ocrx_word' id='word_1_123' title='bbox 129 1347 233 1385; x_wconf 84' lang='lat' dir='ltr'><strong>runt,</strong></span> <span class='ocrx_word' id='word_1_124' title='bbox 259 1343 396 1378; x_wconf 79' lang='lat' dir='ltr'><strong>Cottius</strong></span> <span class='ocrx_word' id='word_1_125' title='bbox 421 1351 539 1380; x_wconf 84' lang='lat' dir='ltr'><strong>autem</strong></span> <span class='ocrx_word' id='word_1_126' title='bbox 561 1346 612 1381; x_wconf 89' lang='lat' dir='ltr'><strong>ita</strong></span> <span class='ocrx_word' id='word_1_127' title='bbox 634 1345 747 1390; x_wconf 88' lang='lat' dir='ltr'><strong>posita</strong></span> <span class='ocrx_word' id='word_1_128' title='bbox 770 1349 903 1387; x_wconf 78' lang='lat' dir='ltr'><strong>censet,</strong></span> <span class='ocrx_word' id='word_1_129' title='bbox 927 1348 965 1378; x_wconf 92' lang='lat' dir='ltr'><strong>ut</strong></span> <span class='ocrx_word' id='word_1_130' title='bbox 987 1342 1084 1387; x_wconf 83' lang='lat' dir='ltr'><strong>prius</strong></span> <span class='ocrx_word' id='word_1_131' title='bbox 1109 1343 1152 1376; x_wconf 90' lang='lat' dir='ltr'><strong>ad</strong></span> <span class='ocrx_word' id='word_1_132' title='bbox 1177 1343 1353 1378; x_wconf 77' lang='lat' dir='ltr'><strong>Romanos</strong></span> <span class='ocrx_word' id='word_1_133' title='bbox 1375 1350 1518 1389; x_wconf 78' lang='lat' dir='ltr'><strong>spectet,</strong></span> 
     </span>
     <span class='ocr_line' id='line_1_17' title="bbox 131 1403 1517 1452; baseline 0.003 -15"><span class='ocrx_word' id='word_1_134' title='bbox 131 1404 306 1450; x_wconf 80' lang='lat' dir='ltr'><strong>posterius</strong></span> <span class='ocrx_word' id='word_1_135' title='bbox 328 1407 574 1441; x_wconf 79' lang='lat' dir='ltr'><strong>tantummodo</strong></span> <span class='ocrx_word' id='word_1_136' title='bbox 597 1407 643 1441; x_wconf 86' lang='lat' dir='ltr'><strong>ad</strong></span> <span class='ocrx_word' id='word_1_137' title='bbox 668 1406 879 1452; x_wconf 81' lang='lat' dir='ltr'><strong>oppidanos,</strong></span> <span class='ocrx_word' id='word_1_138' title='bbox 916 1403 1121 1439; x_wconf 78' lang='lat' dir='ltr'><strong>assentiente</strong></span> <span class='ocrx_word' id='word_1_139' title='bbox 1146 1403 1352 1448; x_wconf 83' lang='lat' dir='ltr'><strong>Gerlachio,</strong></span> <span class='ocrx_word' id='word_1_140' title='bbox 1378 1405 1438 1449; x_wconf 83' lang='lat' dir='ltr'><strong>qui</strong></span> <span class='ocrx_word' id='word_1_141' title='bbox 1460 1417 1517 1441; x_wconf 83' lang='lat' dir='ltr'><strong>sa-</strong></span> 
     </span>
     <span class='ocr_line' id='line_1_18' title="bbox 130 1463 1516 1512; baseline 0.002 -14"><span class='ocrx_word' id='word_1_142' title='bbox 130 1464 177 1498; x_wconf 87' lang='lat' dir='ltr'><strong>tis</strong></span> <span class='ocrx_word' id='word_1_143' title='bbox 200 1465 413 1499; x_wconf 80' lang='lat' dir='ltr'><strong>inconsulto:</strong></span> <span class='ocrx_word' id='word_1_144' title='bbox 446 1478 562 1510; x_wconf 84' lang='lat' dir='ltr'><strong>„quae</strong></span> <span class='ocrx_word' id='word_1_145' title='bbox 599 1477 825 1511; x_wconf 79' lang='lat' dir='ltr'><strong>personarum</strong></span> <span class='ocrx_word' id='word_1_146' title='bbox 850 1465 1019 1507; x_wconf 85' lang='lat' dir='ltr'><strong>mutatio,</strong></span> <span class='ocrx_word' id='word_1_147' title='bbox 1053 1463 1188 1508; x_wconf 83' lang='lat' dir='ltr'><strong>inquit,</strong></span> <span class='ocrx_word' id='word_1_148' title='bbox 1220 1464 1388 1500; x_wconf 82' lang='lat' dir='ltr'><strong>solemnis</strong></span> <span class='ocrx_word' id='word_1_149' title='bbox 1424 1467 1516 1512; x_wconf 86' lang='lat' dir='ltr'><strong>apud</strong></span> 
     </span>
     <span class='ocr_line' id='line_1_19' title="bbox 131 1524 1517 1571; baseline 0.002 -12"><span class='ocrx_word' id='word_1_150' title='bbox 131 1525 376 1562; x_wconf 84' lang='lat' dir='ltr'><strong>Sallustium.“</strong></span> <span class='ocrx_word' id='word_1_151' title='bbox 422 1527 533 1570; x_wconf 82' lang='lat' dir='ltr'><strong>Quasi</strong></span> <span class='ocrx_word' id='word_1_152' title='bbox 564 1539 647 1562; x_wconf 70' lang='lat' dir='ltr'><strong>vero</strong></span> <span class='ocrx_word' id='word_1_153' title='bbox 670 1527 754 1561; x_wconf 91' lang='lat' dir='ltr'><strong>huic</strong></span> <span class='ocrx_word' id='word_1_154' title='bbox 777 1525 938 1571; x_wconf 84' lang='lat' dir='ltr'><strong>scriptori</strong></span> <span class='ocrx_word' id='word_1_155' title='bbox 963 1525 1118 1559; x_wconf 86' lang='lat' dir='ltr'><strong>solemne</strong></span> <span class='ocrx_word' id='word_1_156' title='bbox 1140 1524 1185 1559; x_wconf 81' lang='lat' dir='ltr'><strong>sit</strong></span> <span class='ocrx_word' id='word_1_157' title='bbox 1215 1526 1378 1570; x_wconf 83' lang='lat' dir='ltr'><strong>perplexe</strong></span> <span class='ocrx_word' id='word_1_158' title='bbox 1406 1531 1441 1562; x_wconf 87' lang='lat' dir='ltr'><strong>et</strong></span> <span class='ocrx_word' id='word_1_159' title='bbox 1462 1528 1517 1562; x_wconf 80' lang='lat' dir='ltr'><strong>vi-</strong></span> 
     </span>
     <span class='ocr_line' id='line_1_20' title="bbox 133 1585 1515 1634; baseline 0.002 -15"><span class='ocrx_word' id='word_1_160' title='bbox 133 1585 222 1620; x_wconf 84' lang='lat' dir='ltr'><strong>tiose</strong></span> <span class='ocrx_word' id='word_1_161' title='bbox 244 1586 370 1620; x_wconf 88' lang='lat' dir='ltr'><strong>dicere.</strong></span> <span class='ocrx_word' id='word_1_162' title='bbox 417 1587 561 1621; x_wconf 86' lang='lat' dir='ltr'><strong>Praeter</strong></span> <span class='ocrx_word' id='word_1_163' title='bbox 594 1588 825 1622; x_wconf 87' lang='lat' dir='ltr'><strong>Gerlachium</strong></span> <span class='ocrx_word' id='word_1_164' title='bbox 849 1587 941 1621; x_wconf 90' lang='lat' dir='ltr'><strong>enim</strong></span> <span class='ocrx_word' id='word_1_165' title='bbox 965 1586 1024 1621; x_wconf 71' lang='lat' dir='ltr'><strong>vix</strong></span> <span class='ocrx_word' id='word_1_166' title='bbox 1047 1586 1229 1631; x_wconf 86' lang='lat' dir='ltr'><strong>quisquam</strong></span> <span class='ocrx_word' id='word_1_167' title='bbox 1256 1586 1432 1633; x_wconf 76' lang='lat' dir='ltr'><strong>intelligat</strong></span> <span class='ocrx_word' id='word_1_168' title='bbox 1454 1600 1515 1634; x_wconf 86' lang='lat' dir='ltr'><strong>op-</strong></span> 
     </span>
     <span class='ocr_line' id='line_1_21' title="bbox 129 1647 1516 1692; baseline 0.004 -13"><span class='ocrx_word' id='word_1_169' title='bbox 129 1657 293 1691; x_wconf 79' lang='lat' dir='ltr'><strong>pugnare</strong></span> <span class='ocrx_word' id='word_1_170' title='bbox 316 1647 358 1680; x_wconf 82' lang='lat' dir='ltr'><strong>de</strong></span> <span class='ocrx_word' id='word_1_171' title='bbox 382 1648 551 1682; x_wconf 85' lang='lat' dir='ltr'><strong>Romanis</strong></span> <span class='ocrx_word' id='word_1_172' title='bbox 574 1648 667 1690; x_wconf 85' lang='lat' dir='ltr'><strong>dici,</strong></span> <span class='ocrx_word' id='word_1_173' title='bbox 698 1661 804 1692; x_wconf 87' lang='lat' dir='ltr'><strong>quum</strong></span> <span class='ocrx_word' id='word_1_174' title='bbox 829 1652 950 1682; x_wconf 86' lang='lat' dir='ltr'><strong>auctor</strong></span> <span class='ocrx_word' id='word_1_175' title='bbox 975 1658 1054 1681; x_wconf 86' lang='lat' dir='ltr'><strong>eam</strong></span> <span class='ocrx_word' id='word_1_176' title='bbox 1078 1647 1276 1681; x_wconf 79' lang='lat' dir='ltr'><strong>certaminis</strong></span> <span class='ocrx_word' id='word_1_177' title='bbox 1301 1648 1516 1684; x_wconf 83' lang='lat' dir='ltr'><strong>describendi</strong></span> 
     </span>
     <span class='ocr_line' id='line_1_22' title="bbox 132 1707 1517 1753; baseline 0.003 -12"><span class='ocrx_word' id='word_1_178' title='bbox 132 1707 303 1742; x_wconf 83' lang='lat' dir='ltr'><strong>rationem</strong></span> <span class='ocrx_word' id='word_1_179' title='bbox 328 1707 462 1750; x_wconf 83' lang='lat' dir='ltr'><strong>inierit,</strong></span> <span class='ocrx_word' id='word_1_180' title='bbox 487 1712 525 1742; x_wconf 89' lang='lat' dir='ltr'><strong>ut</strong></span> <span class='ocrx_word' id='word_1_181' title='bbox 547 1708 661 1751; x_wconf 88' lang='lat' dir='ltr'><strong>primo</strong></span> <span class='ocrx_word' id='word_1_182' title='bbox 685 1711 763 1743; x_wconf 88' lang='lat' dir='ltr'><strong>loco</strong></span> <span class='ocrx_word' id='word_1_183' title='bbox 785 1711 828 1743; x_wconf 79' lang='lat' dir='ltr'><strong>de</strong></span> <span class='ocrx_word' id='word_1_184' title='bbox 851 1707 1022 1743; x_wconf 85' lang='lat' dir='ltr'><strong>Romanis</strong></span> <span class='ocrx_word' id='word_1_185' title='bbox 1045 1708 1148 1749; x_wconf 84' lang='lat' dir='ltr'><strong>dicat,</strong></span> <span class='ocrx_word' id='word_1_186' title='bbox 1172 1712 1246 1742; x_wconf 85' lang='lat' dir='ltr'><strong>tum</strong></span> <span class='ocrx_word' id='word_1_187' title='bbox 1271 1708 1313 1742; x_wconf 86' lang='lat' dir='ltr'><strong>de</strong></span> <span class='ocrx_word' id='word_1_188' title='bbox 1336 1709 1517 1753; x_wconf 80' lang='lat' dir='ltr'><strong>oppidanis</strong></span> 
     </span>
     <span class='ocr_line' id='line_1_23' title="bbox 133 1767 1516 1815; baseline 0.004 -15"><span class='ocrx_word' id='word_1_189' title='bbox 133 1771 230 1812; x_wconf 82' lang='lat' dir='ltr'><strong>agat,</strong></span> <span class='ocrx_word' id='word_1_190' title='bbox 261 1767 408 1811; x_wconf 84' lang='lat' dir='ltr'><strong>denique</strong></span> <span class='ocrx_word' id='word_1_191' title='bbox 434 1772 600 1813; x_wconf 77' lang='lat' dir='ltr'><strong>utrosque</strong></span> <span class='ocrx_word' id='word_1_192' title='bbox 618 1769 724 1804; x_wconf 87' lang='lat' dir='ltr'><strong>simul</strong></span> <span class='ocrx_word' id='word_1_193' title='bbox 746 1774 878 1815; x_wconf 81' lang='lat' dir='ltr'><strong>tangat.</strong></span> <span class='ocrx_word' id='word_1_194' title='bbox 929 1771 1046 1812; x_wconf 81' lang='lat' dir='ltr'><strong>Quare</strong></span> <span class='ocrx_word' id='word_1_195' title='bbox 1070 1780 1176 1814; x_wconf 89' lang='lat' dir='ltr'><strong>quum</strong></span> <span class='ocrx_word' id='word_1_196' title='bbox 1200 1769 1341 1803; x_wconf 84' lang='lat' dir='ltr'><strong>secundi</strong></span> <span class='ocrx_word' id='word_1_197' title='bbox 1365 1770 1516 1805; x_wconf 87' lang='lat' dir='ltr'><strong>membri</strong></span> 
     </span>
     <span class='ocr_line' id='line_1_24' title="bbox 133 1828 1518 1876; baseline 0.002 -14"><span class='ocrx_word' id='word_1_198' title='bbox 133 1828 328 1862; x_wconf 83' lang='lat' dir='ltr'><strong>subiectum</strong></span> <span class='ocrx_word' id='word_1_199' title='bbox 350 1829 418 1862; x_wconf 82' lang='lat' dir='ltr'><strong>sint</strong></span> <span class='ocrx_word' id='word_1_200' title='bbox 442 1830 630 1873; x_wconf 80' lang='lat' dir='ltr'><strong>oppidani,</strong></span> <span class='ocrx_word' id='word_1_201' title='bbox 659 1831 705 1864; x_wconf 90' lang='lat' dir='ltr'><strong>ad</strong></span> <span class='ocrx_word' id='word_1_202' title='bbox 739 1842 824 1875; x_wconf 84' lang='lat' dir='ltr'><strong>quos</strong></span> <span class='ocrx_word' id='word_1_203' title='bbox 856 1841 965 1876; x_wconf 82' lang='lat' dir='ltr'><strong>agere</strong></span> <span class='ocrx_word' id='word_1_204' title='bbox 991 1835 1024 1864; x_wconf 88' lang='lat' dir='ltr'><strong>et</strong></span> <span class='ocrx_word' id='word_1_205' title='bbox 1049 1841 1180 1874; x_wconf 85' lang='lat' dir='ltr'><strong>parare</strong></span> <span class='ocrx_word' id='word_1_206' title='bbox 1211 1829 1336 1864; x_wconf 82' lang='lat' dir='ltr'><strong>referri</strong></span> <span class='ocrx_word' id='word_1_207' title='bbox 1359 1831 1518 1866; x_wconf 78' lang='lat' dir='ltr'><strong>concedit</strong></span> 
     </span>
     <span class='ocr_line' id='line_1_25' title="bbox 134 1889 1518 1934; baseline 0.001 -12"><span class='ocrx_word' id='word_1_208' title='bbox 134 1889 362 1931; x_wconf 60' lang='lat' dir='ltr'><strong>Germanus,</strong></span> <span class='ocrx_word' id='word_1_209' title='bbox 396 1891 493 1924; x_wconf 84' lang='lat' dir='ltr'><strong>nullo</strong></span> <span class='ocrx_word' id='word_1_210' title='bbox 526 1891 629 1925; x_wconf 84' lang='lat' dir='ltr'><strong>modo</strong></span> <span class='ocrx_word' id='word_1_211' title='bbox 657 1891 736 1925; x_wconf 89' lang='lat' dir='ltr'><strong>fieri</strong></span> <span class='ocrx_word' id='word_1_212' title='bbox 768 1895 898 1934; x_wconf 85' lang='lat' dir='ltr'><strong>potest,</strong></span> <span class='ocrx_word' id='word_1_213' title='bbox 937 1895 976 1924; x_wconf 94' lang='lat' dir='ltr'><strong>ut</strong></span> <span class='ocrx_word' id='word_1_214' title='bbox 1006 1891 1159 1924; x_wconf 87' lang='lat' dir='ltr'><strong>medinm</strong></span> <span class='ocrx_word' id='word_1_215' title='bbox 1192 1890 1336 1924; x_wconf 74' lang='lat' dir='ltr'><strong>verbnm</strong></span> <span class='ocrx_word' id='word_1_216' title='bbox 1371 1902 1414 1925; x_wconf 84' lang='lat' dir='ltr'><strong>ex</strong></span> <span class='ocrx_word' id='word_1_217' title='bbox 1444 1891 1518 1926; x_wconf 84' lang='lat' dir='ltr'><strong>alio</strong></span> 
     </span>
     <span class='ocr_line' id='line_1_26' title="bbox 134 1950 1518 1994; baseline 0.001 -11"><span class='ocrx_word' id='word_1_218' title='bbox 134 1950 314 1991; x_wconf 85' lang='lat' dir='ltr'><strong>subiecto,</strong></span> <span class='ocrx_word' id='word_1_219' title='bbox 347 1954 381 1983; x_wconf 83' lang='lat' dir='ltr'><strong>et</strong></span> <span class='ocrx_word' id='word_1_220' title='bbox 412 1950 552 1994; x_wconf 82' lang='lat' dir='ltr'><strong>quidem</strong></span> <span class='ocrx_word' id='word_1_221' title='bbox 584 1951 668 1984; x_wconf 89' lang='lat' dir='ltr'><strong>huic</strong></span> <span class='ocrx_word' id='word_1_222' title='bbox 703 1952 862 1985; x_wconf 85' lang='lat' dir='ltr'><strong>membro</strong></span> <span class='ocrx_word' id='word_1_223' title='bbox 895 1961 1034 1994; x_wconf 82' lang='lat' dir='ltr'><strong>prorsus</strong></span> <span class='ocrx_word' id='word_1_224' title='bbox 1067 1951 1202 1990; x_wconf 82' lang='lat' dir='ltr'><strong>alieno,</strong></span> <span class='ocrx_word' id='word_1_225' title='bbox 1236 1950 1394 1992; x_wconf 85' lang='lat' dir='ltr'><strong>pendeat.</strong></span> <span class='ocrx_word' id='word_1_226' title='bbox 1439 1951 1518 1985; x_wconf 72' lang='lat' dir='ltr'><strong>Non</strong></span> 
     </span>
     <span class='ocr_line' id='line_1_27' title="bbox 133 2009 1517 2062; baseline 0.001 -19"><span class='ocrx_word' id='word_1_227' title='bbox 133 2009 278 2062; x_wconf 62' lang='lat' dir='ltr'><strong>minoris</strong></span> <span class='ocrx_word' id='word_1_228' title='bbox 299 2015 414 2043; x_wconf 85' lang='lat' dir='ltr'><strong>autem</strong></span> <span class='ocrx_word' id='word_1_229' title='bbox 448 2011 616 2044; x_wconf 85' lang='lat' dir='ltr'><strong>momenti</strong></span> <span class='ocrx_word' id='word_1_230' title='bbox 647 2012 689 2045; x_wconf 87' lang='lat' dir='ltr'><strong>ad</strong></span> <span class='ocrx_word' id='word_1_231' title='bbox 720 2021 922 2054; x_wconf 73' lang='lat' dir='ltr'><strong>perversam</strong></span> <span class='ocrx_word' id='word_1_232' title='bbox 954 2010 1158 2044; x_wconf 72' lang='lat' dir='ltr'><strong>sententiam</strong></span> <span class='ocrx_word' id='word_1_233' title='bbox 1191 2009 1418 2045; x_wconf 77' lang='lat' dir='ltr'><strong>refellendam</strong></span> <span class='ocrx_word' id='word_1_234' title='bbox 1448 2010 1517 2045; x_wconf 87' lang='lat' dir='ltr'><strong>hoe</strong></span> 
     </span>
     <span class='ocr_line' id='line_1_28' title="bbox 135 2068 1516 2116; baseline 0.001 -13"><span class='ocrx_word' id='word_1_235' title='bbox 135 2073 210 2112; x_wconf 87' lang='lat' dir='ltr'><strong>est,</strong></span> <span class='ocrx_word' id='word_1_236' title='bbox 234 2071 326 2113; x_wconf 84' lang='lat' dir='ltr'><strong>quod</strong></span> <span class='ocrx_word' id='word_1_237' title='bbox 348 2081 552 2116; x_wconf 79' lang='lat' dir='ltr'><strong>oppugnare</strong></span> <span class='ocrx_word' id='word_1_238' title='bbox 577 2075 611 2104; x_wconf 88' lang='lat' dir='ltr'><strong>et</strong></span> <span class='ocrx_word' id='word_1_239' title='bbox 632 2083 763 2115; x_wconf 80' lang='lat' dir='ltr'><strong>parare</strong></span> <span class='ocrx_word' id='word_1_240' title='bbox 795 2071 903 2104; x_wconf 71' lang='lat' dir='ltr'><strong>verba</strong></span> <span class='ocrx_word' id='word_1_241' title='bbox 938 2075 998 2103; x_wconf 83' lang='lat' dir='ltr'><strong>aut</strong></span> <span class='ocrx_word' id='word_1_242' title='bbox 1023 2069 1196 2112; x_wconf 77' lang='lat' dir='ltr'><strong>porticula</strong></span> <span class='ocrx_word' id='word_1_243' title='bbox 1228 2068 1403 2104; x_wconf 80' lang='lat' dir='ltr'><strong>disiuncta</strong></span> <span class='ocrx_word' id='word_1_244' title='bbox 1425 2075 1516 2113; x_wconf 83' lang='lat' dir='ltr'><strong>sunt,</strong></span> 
     </span>
     <span class='ocr_line' id='line_1_29' title="bbox 134 2128 1516 2175; baseline 0.002 -13"><span class='ocrx_word' id='word_1_245' title='bbox 134 2139 224 2172; x_wconf 86' lang='lat' dir='ltr'><strong>quae</strong></span> <span class='ocrx_word' id='word_1_246' title='bbox 243 2130 440 2173; x_wconf 81' lang='lat' dir='ltr'><strong>praedicati</strong></span> <span class='ocrx_word' id='word_1_247' title='bbox 471 2131 629 2175; x_wconf 77' lang='lat' dir='ltr'><strong>bipartiti</strong></span> <span class='ocrx_word' id='word_1_248' title='bbox 658 2131 750 2166; x_wconf 89' lang='lat' dir='ltr'><strong>ratio</strong></span> <span class='ocrx_word' id='word_1_249' title='bbox 782 2135 906 2174; x_wconf 78' lang='lat' dir='ltr'><strong>suapte</strong></span> <span class='ocrx_word' id='word_1_250' title='bbox 939 2130 1078 2164; x_wconf 87' lang='lat' dir='ltr'><strong>notione</strong></span> <span class='ocrx_word' id='word_1_251' title='bbox 1110 2130 1189 2163; x_wconf 88' lang='lat' dir='ltr'><strong>luce</strong></span> <span class='ocrx_word' id='word_1_252' title='bbox 1214 2128 1345 2163; x_wconf 85' lang='lat' dir='ltr'><strong>clarius</strong></span> <span class='ocrx_word' id='word_1_253' title='bbox 1369 2130 1516 2165; x_wconf 80' lang='lat' dir='ltr'><strong>demon-</strong></span> 
     </span>
     <span class='ocr_line' id='line_1_30' title="bbox 134 2189 1516 2235; baseline 0.001 -11"><span class='ocrx_word' id='word_1_254' title='bbox 134 2194 241 2231; x_wconf 85' lang='lat' dir='ltr'><strong>strat,</strong></span> <span class='ocrx_word' id='word_1_255' title='bbox 265 2190 459 2225; x_wconf 88' lang='lat' dir='ltr'><strong>subiectum</strong></span> <span class='ocrx_word' id='word_1_256' title='bbox 483 2203 591 2226; x_wconf 90' lang='lat' dir='ltr'><strong>unum</strong></span> <span class='ocrx_word' id='word_1_257' title='bbox 615 2204 710 2235; x_wconf 85' lang='lat' dir='ltr'><strong>esse,</strong></span> <span class='ocrx_word' id='word_1_258' title='bbox 734 2203 802 2225; x_wconf 89' lang='lat' dir='ltr'><strong>non</strong></span> <span class='ocrx_word' id='word_1_259' title='bbox 827 2191 963 2234; x_wconf 81' lang='lat' dir='ltr'><strong>duplex.</strong></span> <span class='ocrx_word' id='word_1_260' title='bbox 1011 2191 1189 2223; x_wconf 81' lang='lat' dir='ltr'><strong>Hactenus</strong></span> <span class='ocrx_word' id='word_1_261' title='bbox 1212 2189 1248 2222; x_wconf 91' lang='lat' dir='ltr'><strong>in</strong></span> <span class='ocrx_word' id='word_1_262' title='bbox 1272 2200 1310 2222; x_wconf 90' lang='lat' dir='ltr'><strong>re</strong></span> <span class='ocrx_word' id='word_1_263' title='bbox 1332 2189 1410 2233; x_wconf 82' lang='lat' dir='ltr'><strong>ipsa</strong></span> <span class='ocrx_word' id='word_1_264' title='bbox 1433 2202 1516 2225; x_wconf 88' lang='lat' dir='ltr'><strong>con-</strong></span> 
     </span>
     <span class='ocr_line' id='line_1_31' title="bbox 133 2248 1516 2295; baseline -0.001 -10"><span class='ocrx_word' id='word_1_265' title='bbox 133 2250 302 2285; x_wconf 80' lang='lat' dir='ltr'><strong>sentimus</strong></span> <span class='ocrx_word' id='word_1_266' title='bbox 324 2261 403 2283; x_wconf 85' lang='lat' dir='ltr'><strong>cnm</strong></span> <span class='ocrx_word' id='word_1_267' title='bbox 434 2252 492 2285; x_wconf 88' lang='lat' dir='ltr'><strong>Fr.</strong></span> <span class='ocrx_word' id='word_1_268' title='bbox 518 2252 718 2294; x_wconf 61' lang='lat' dir='ltr'><strong>Gronov-io,</strong></span> <span class='ocrx_word' id='word_1_269' title='bbox 752 2251 812 2295; x_wconf 91' lang='lat' dir='ltr'><strong>qui</strong></span> <span class='ocrx_word' id='word_1_270' title='bbox 843 2251 879 2284; x_wconf 88' lang='lat' dir='ltr'><strong>in</strong></span> <span class='ocrx_word' id='word_1_271' title='bbox 905 2251 1100 2284; x_wconf 75' lang='lat' dir='ltr'><strong>Observatt.</strong></span> <span class='ocrx_word' id='word_1_272' title='bbox 1124 2250 1187 2289; x_wconf 71' lang='lat' dir='ltr'><strong>IV,</strong></span> <span class='ocrx_word' id='word_1_273' title='bbox 1211 2248 1268 2284; x_wconf 84' lang='lat'><strong>19.</strong></span> <span class='ocrx_word' id='word_1_274' title='bbox 1298 2260 1331 2292; x_wconf 81' lang='lat' dir='ltr'><strong>p.</strong></span> <span class='ocrx_word' id='word_1_275' title='bbox 1355 2249 1437 2284; x_wconf 75' lang='lat'><strong>749.</strong></span> <span class='ocrx_word' id='word_1_276' title='bbox 1462 2250 1516 2284; x_wconf 83' lang='lat' dir='ltr'><strong>ed.</strong></span> 
     </span>
     <span class='ocr_line' id='line_1_32' title="bbox 133 2308 1518 2356; baseline -0.002 -10"><span class='ocrx_word' id='word_1_277' title='bbox 133 2311 230 2356; x_wconf 82' lang='lat' dir='ltr'><strong>Lips.</strong></span> <span class='ocrx_word' id='word_1_278' title='bbox 262 2311 407 2345; x_wconf 84' lang='lat' dir='ltr'><strong>eandem</strong></span> <span class='ocrx_word' id='word_1_279' title='bbox 437 2313 507 2346; x_wconf 92' lang='lat' dir='ltr'><strong>loci</strong></span> <span class='ocrx_word' id='word_1_280' title='bbox 538 2312 808 2356; x_wconf 80' lang='lat' dir='ltr'><strong>explicationem</strong></span> <span class='ocrx_word' id='word_1_281' title='bbox 838 2311 1085 2356; x_wconf 69' lang='lat' dir='ltr'><strong>amplectitur-3</strong></span> <span class='ocrx_word' id='word_1_282' title='bbox 1122 2310 1181 2345; x_wconf 76' lang='lat' dir='ltr'><strong>sed</strong></span> <span class='ocrx_word' id='word_1_283' title='bbox 1215 2308 1308 2353; x_wconf 82' lang='lat' dir='ltr'><strong>quod</strong></span> <span class='ocrx_word' id='word_1_284' title='bbox 1338 2308 1433 2344; x_wconf 86' lang='lat' dir='ltr'><strong>idem</strong></span> <span class='ocrx_word' id='word_1_285' title='bbox 1456 2321 1518 2355; x_wconf 86' lang='lat' dir='ltr'><strong>op-</strong></span> 
     </span>
     <span class='ocr_line' id='line_1_33' title="bbox 129 2368 1518 2419; baseline 0 -14"><span class='ocrx_word' id='word_1_286' title='bbox 129 2383 294 2417; x_wconf 80' lang='lat' dir='ltr'><strong>pugnare</strong></span> <span class='ocrx_word' id='word_1_287' title='bbox 325 2371 362 2405; x_wconf 87' lang='lat' dir='ltr'><strong>in</strong></span> <span class='ocrx_word' id='word_1_288' title='bbox 392 2385 629 2419; x_wconf 84' lang='lat' dir='ltr'><strong>propugnare</strong></span> <span class='ocrx_word' id='word_1_289' title='bbox 669 2373 727 2406; x_wconf 69' lang='lat' dir='ltr'><strong>vel</strong></span> <span class='ocrx_word' id='word_1_290' title='bbox 759 2371 954 2407; x_wconf 87' lang='lat' dir='ltr'><strong>nolentibus</strong></span> <span class='ocrx_word' id='word_1_291' title='bbox 984 2370 1146 2404; x_wconf 85' lang='lat' dir='ltr'><strong>omnibus</strong></span> <span class='ocrx_word' id='word_1_292' title='bbox 1181 2368 1280 2404; x_wconf 83' lang='lat' dir='ltr'><strong>libris</strong></span> <span class='ocrx_word' id='word_1_293' title='bbox 1311 2370 1518 2405; x_wconf 78' lang='lat' dir='ltr'><strong>mutandum</strong></span> 
     </span>
    </p>

    <p class='ocr_par' dir='ltr' id='par_1_5' title="bbox 78 2429 1517 2782">
     <span class='ocr_line' id='line_1_34' title="bbox 134 2429 1517 2478; baseline 0 -13"><span class='ocrx_word' id='word_1_294' title='bbox 134 2436 267 2475; x_wconf 78' lang='lat' dir='ltr'><strong>censet,</strong></span> <span class='ocrx_word' id='word_1_295' title='bbox 299 2430 334 2464; x_wconf 89' lang='lat' dir='ltr'><strong>id</strong></span> <span class='ocrx_word' id='word_1_296' title='bbox 364 2434 486 2476; x_wconf 84' lang='lat' dir='ltr'><strong>nobis,</strong></span> <span class='ocrx_word' id='word_1_297' title='bbox 518 2444 730 2478; x_wconf 83' lang='lat' dir='ltr'><strong>quamquam</strong></span> <span class='ocrx_word' id='word_1_298' title='bbox 766 2433 803 2466; x_wconf 92' lang='lat' dir='ltr'><strong>in</strong></span> <span class='ocrx_word' id='word_1_299' title='bbox 834 2433 940 2466; x_wconf 87' lang='lat' dir='ltr'><strong>Bern.</strong></span> <span class='ocrx_word' id='word_1_300' title='bbox 964 2432 998 2466; x_wconf 90' lang='lat'><strong>1.</strong></span> <span class='ocrx_word' id='word_1_301' title='bbox 1032 2442 1155 2466; x_wconf 74' lang='lat' dir='ltr'><strong>revera</strong></span> <span class='ocrx_word' id='word_1_302' title='bbox 1187 2430 1237 2465; x_wconf 83' lang='lat' dir='ltr'><strong>ita</strong></span> <span class='ocrx_word' id='word_1_303' title='bbox 1262 2429 1429 2474; x_wconf 83' lang='lat' dir='ltr'><strong>scriptum</strong></span> <span class='ocrx_word' id='word_1_304' title='bbox 1451 2434 1517 2474; x_wconf 81' lang='lat' dir='ltr'><strong>est,</strong></span> 
     </span>
     <span class='ocr_line' id='line_1_35' title="bbox 78 2480 1516 2537; baseline 0 -12"><span class='ocrx_word' id='word_1_305' title='bbox 78 2480 81 2483; x_wconf 42' lang='grc'>’</span> <span class='ocrx_word' id='word_1_306' title='bbox 133 2503 203 2526; x_wconf 90' lang='lat' dir='ltr'><strong>non</strong></span> <span class='ocrx_word' id='word_1_307' title='bbox 224 2492 403 2536; x_wconf 87' lang='lat' dir='ltr'><strong>persuasit.</strong></span> <span class='ocrx_word' id='word_1_308' title='bbox 450 2494 502 2528; x_wconf 81' lang='lat' dir='ltr'><strong>Ac</strong></span> <span class='ocrx_word' id='word_1_309' title='bbox 524 2505 607 2529; x_wconf 82' lang='lat' dir='ltr'><strong>sane</strong></span> <span class='ocrx_word' id='word_1_310' title='bbox 630 2505 753 2529; x_wconf 73' lang='lat' dir='ltr'><strong>verum</strong></span> <span class='ocrx_word' id='word_1_311' title='bbox 777 2498 848 2535; x_wconf 81' lang='lat' dir='ltr'><strong>est,</strong></span> <span class='ocrx_word' id='word_1_312' title='bbox 883 2503 951 2536; x_wconf 92' lang='lat' dir='ltr'><strong>qno</strong></span> <span class='ocrx_word' id='word_1_313' title='bbox 975 2493 1035 2527; x_wconf 89' lang='lat' dir='ltr'><strong>ille</strong></span> <span class='ocrx_word' id='word_1_314' title='bbox 1059 2494 1266 2537; x_wconf 83' lang='lat' dir='ltr'><strong>argumento</strong></span> <span class='ocrx_word' id='word_1_315' title='bbox 1289 2490 1433 2533; x_wconf 81' lang='lat' dir='ltr'><strong>nititur,</strong></span> <span class='ocrx_word' id='word_1_316' title='bbox 1456 2490 1516 2535; x_wconf 87' lang='lat' dir='ltr'><strong>qui</strong></span> 
     </span>
     <span class='ocr_line' id='line_1_36' title="bbox 133 2551 1517 2597; baseline -0.003 -9"><span class='ocrx_word' id='word_1_317' title='bbox 133 2554 289 2597; x_wconf 86' lang='lat' dir='ltr'><strong>moenia,</strong></span> <span class='ocrx_word' id='word_1_318' title='bbox 332 2558 468 2596; x_wconf 88' lang='lat' dir='ltr'><strong>castra,</strong></span> <span class='ocrx_word' id='word_1_319' title='bbox 507 2566 612 2589; x_wconf 75' lang='lat' dir='ltr'><strong>naves</strong></span> <span class='ocrx_word' id='word_1_320' title='bbox 645 2560 766 2590; x_wconf 85' lang='lat' dir='ltr'><strong>contra</strong></span> <span class='ocrx_word' id='word_1_321' title='bbox 803 2553 960 2588; x_wconf 86' lang='lat' dir='ltr'><strong>hostium</strong></span> <span class='ocrx_word' id='word_1_322' title='bbox 991 2553 1160 2596; x_wconf 87' lang='lat' dir='ltr'><strong>impetum</strong></span> <span class='ocrx_word' id='word_1_323' title='bbox 1190 2551 1390 2595; x_wconf 77' lang='lat' dir='ltr'><strong>defendant,</strong></span> <span class='ocrx_word' id='word_1_324' title='bbox 1434 2562 1517 2595; x_wconf 84' lang='lat' dir='ltr'><strong>pro—</strong></span> 
     </span>
     <span class='ocr_line' id='line_1_37' title="bbox 131 2611 1513 2660; baseline -0.003 -12"><span class='ocrx_word' id='word_1_325' title='bbox 131 2624 306 2658; x_wconf 80' lang='lat' dir='ltr'><strong>pugnare,</strong></span> <span class='ocrx_word' id='word_1_326' title='bbox 332 2622 365 2650; x_wconf 87' lang='lat' dir='ltr'><strong>et</strong></span> <span class='ocrx_word' id='word_1_327' title='bbox 385 2621 662 2660; x_wconf 76' lang='lat' dir='ltr'><strong>propugnatores</strong></span> <span class='ocrx_word' id='word_1_328' title='bbox 682 2615 753 2649; x_wconf 81' lang='lat' dir='ltr'><strong>dici</strong></span> <span class='ocrx_word' id='word_1_329' title='bbox 776 2614 841 2659; x_wconf 83' lang='lat' dir='ltr'><strong>(cf.</strong></span> <span class='ocrx_word' id='word_1_330' title='bbox 867 2613 1087 2657; x_wconf 85' lang='lat' dir='ltr'><strong>Oudendorp.</strong></span> <span class='ocrx_word' id='word_1_331' title='bbox 1111 2612 1154 2648; x_wconf 81' lang='lat' dir='ltr'><strong>ad</strong></span> <span class='ocrx_word' id='word_1_332' title='bbox 1179 2612 1277 2647; x_wconf 75' lang='lat' dir='ltr'><strong>Caes.</strong></span> <span class='ocrx_word' id='word_1_333' title='bbox 1299 2611 1345 2644; x_wconf 86' lang='grc' dir='ltr'><strong>Β.</strong></span> <span class='ocrx_word' id='word_1_334' title='bbox 1370 2611 1415 2645; x_wconf 88' lang='lat' dir='ltr'><strong>G.</strong></span> <span class='ocrx_word' id='word_1_335' title='bbox 1439 2611 1513 2652; x_wconf 81' lang='lat' dir='ltr'><strong>Vll,</strong></span> 
     </span>
     <span class='ocr_line' id='line_1_38' title="bbox 134 2671 1516 2720; baseline -0.005 -9"><span class='ocrx_word' id='word_1_336' title='bbox 134 2672 195 2716; x_wconf 72' lang='lat'><strong>25,</strong></span> <span class='ocrx_word' id='word_1_337' title='bbox 218 2673 253 2710; x_wconf 79' lang='grc'><strong>3.</strong></span> <span class='ocrx_word' id='word_1_338' title='bbox 275 2675 352 2710; x_wconf 72' lang='lat' dir='ltr'><strong>Liv.</strong></span> <span class='ocrx_word' id='word_1_339' title='bbox 378 2677 443 2720; x_wconf 89' lang='lat' dir='ltr'><strong>IX,</strong></span> <span class='ocrx_word' id='word_1_340' title='bbox 464 2676 523 2719; x_wconf 77' lang='lat'><strong>39,</strong></span> <span class='ocrx_word' id='word_1_341' title='bbox 548 2675 583 2709; x_wconf 69' lang='grc' dir='ltr'><strong>ἴ.</strong></span> <span class='ocrx_word' id='word_1_342' title='bbox 608 2676 734 2717; x_wconf 68' lang='lat' dir='ltr'>XXVI,</span> <span class='ocrx_word' id='word_1_343' title='bbox 758 2675 792 2717; x_wconf 79' lang='lat'><strong>6,</strong></span> <span class='ocrx_word' id='word_1_344' title='bbox 815 2674 892 2718; x_wconf 86' lang='lat'><strong>1.);</strong></span> <span class='ocrx_word' id='word_1_345' title='bbox 928 2673 987 2707; x_wconf 85' lang='lat' dir='ltr'><strong>sed</strong></span> <span class='ocrx_word' id='word_1_346' title='bbox 1019 2672 1099 2707; x_wconf 86' lang='lat' dir='ltr'><strong>inde</strong></span> <span class='ocrx_word' id='word_1_347' title='bbox 1129 2682 1198 2706; x_wconf 92' lang='lat' dir='ltr'><strong>non</strong></span> <span class='ocrx_word' id='word_1_348' title='bbox 1223 2671 1378 2715; x_wconf 80' lang='lat' dir='ltr'><strong>sequitur</strong></span> <span class='ocrx_word' id='word_1_349' title='bbox 1398 2674 1516 2705; x_wconf 82' lang='lat' dir='ltr'><strong>nostro</strong></span> 
     </span>
     <span class='ocr_line' id='line_1_39' title="bbox 137 2730 1515 2782; baseline -0.001 -15"><span class='ocrx_word' id='word_1_350' title='bbox 137 2733 214 2769; x_wconf 87' lang='lat' dir='ltr'><strong>loco</strong></span> <span class='ocrx_word' id='word_1_351' title='bbox 245 2746 448 2782; x_wconf 80' lang='lat' dir='ltr'><strong>oppugnare</strong></span> <span class='ocrx_word' id='word_1_352' title='bbox 475 2737 605 2771; x_wconf 75' lang='lat' dir='ltr'><strong>falsum</strong></span> <span class='ocrx_word' id='word_1_353' title='bbox 629 2747 716 2772; x_wconf 79' lang='lat' dir='ltr'><strong>esse.</strong></span> <span class='ocrx_word' id='word_1_354' title='bbox 763 2735 1028 2780; x_wconf 80' lang='lat' dir='ltr'><strong>oppidanorum</strong></span> <span class='ocrx_word' id='word_1_355' title='bbox 1057 2731 1150 2767; x_wconf 85' lang='lat' dir='ltr'><strong>enim</strong></span> <span class='ocrx_word' id='word_1_356' title='bbox 1180 2731 1217 2766; x_wconf 84' lang='lat' dir='ltr'><strong>in</strong></span> <span class='ocrx_word' id='word_1_357' title='bbox 1250 2733 1430 2768; x_wconf 76' lang='lat' dir='ltr'><strong>Romanos</strong></span> <span class='ocrx_word' id='word_1_358' title='bbox 1460 2730 1515 2766; x_wconf 79' lang='lat' dir='ltr'><strong>ira</strong></span> 
     </span>
    </p>
   </div>
   <div class='ocr_carea' id='block_1_5' title="bbox 207 2802 1234 2850">
    <p class='ocr_par' dir='ltr' id='par_1_6' title="bbox 207 2802 1234 2850">
     <span class='ocr_line' id='line_1_40' title="bbox 207 2802 1234 2850; baseline -0.004 0"><span class='ocrx_word' id='word_1_359' title='bbox 207 2805 262 2850; x_wconf 91' lang='grc' dir='ltr'><strong>Π.</strong></span> <span class='ocrx_word' id='word_1_360' title='bbox 1172 2802 1234 2846; x_wconf 85' lang='lat'><strong>21</strong></span> 
     </span>
    </p>
   </div>
  </div>
 </body>
</html>
