1630 3034
106 177 193 218 28⁰
459 169 508 214 (3.
547 169 896 213 SALLUSTI
926 169 1150 214 CRISPI

111 287 289 343 hostes,
332 301 480 345 neque
523 287 676 346 parari
721 301 868 345 neque
913 286 1086 332 consuli
1131 285 1371 345 quicquam
1417 300 1500 332 oc-

0 428 3 433 .
44 387 101 428 86
115 379 234 426 culte
267 384 438 438 potest3
484 392 577 436 quo
618 377 770 438 magis
815 376 1157 438 properandum
1201 384 1277 424 est.
1346 377 1501 433 Quare

111 469 174 514 ita
210 483 301 528 ego
335 483 522 513 censeo:
568 483 708 527 quum
741 469 913 512 nefario
954 469 1140 514 consilio
1176 469 1502 514 sceleratorum

113 559 278 606 civium
310 559 569 618 respublica
611 559 658 602 in
703 574 911 604 maxuma
945 538 1146 620 pericula
1187 560 1381 617 venerit,
1427 559 1504 604 hi-

114 665 204 709 que
246 649 414 695 indicio
459 648 520 695 T.
553 649 762 695 Volturci
809 657 854 696 et
886 651 1143 711 legatorum
1194 652 1505 711 Allobrogum

115 741 311 788 convicti
355 741 635 800 confessique
679 741 762 785 sint
796 741 1010 807 caedem,
1055 741 1291 798 incendia,
1327 742 1505 800 aliaque

114 847 163 878 se
196 833 338 878 foeda
379 838 514 891 atque
560 832 764 877 crudelia
809 834 1009 880 facinora
1050 834 1096 876 in
1141 833 1246 878 civis
1289 823 1506 894 patriam-

112 959 426 999 premeretur,
457 954 690 999 excogitavit,
722 957 758 987 et
787 954 902 990 Valer.
927 954 1025 988 Max.
1045 956 1087 997 V,
1116 955 1151 997 3,
1179 955 1213 989 3.
1247 955 1307 999 qui
1336 954 1507 999 pestifera

119 1013 161 1046 T.
190 1012 337 1046 Gracchi
357 1023 464 1045 manu
489 1012 716 1055 faucibus
747 1021 830 1055 opp
844 1003 1087 1046 rehensam·
1121 1013 1367 1056 rempublicam
1391 1018 1509 1045 strau-

116 1070 241 1114 gulari
271 1080 397 1114 passus
429 1080 499 1102 non
534 1073 598 1103 cst.
652 1067 768 1101 Plaut.
803 1069 880 1101 Cas.
909 1070 959 1108 V,
985 1069 1082 1111 3‚4.
1126 1070 1312 1111 manifesto
1345 1069 1510 1112 faucibus

117 1130 258 1167 teneor,
292 1124 354 1168 qui
384 1125 454 1158 loci
484 1125 590 1159 simul
630 1126 812 1159 ostendunt
839 1128 1006 1169 saucibus
1040 1127 1235 1161 ablativum
1267 1137 1363 1167 esse,
1404 1136 1510 1169 quem

119 1193 240 1216 casum
272 1181 471 1226 Herzogius
494 1181 568 1215 sine
599 1182 854 1227 praepositione
885 1196 953 1217 non
986 1184 1072 1217 ferri
1102 1195 1203 1226 posse
1234 1188 1343 1226 putat.
1393 1182 1511 1216 Ceteri

113 1245 238 1274 autem
261 1240 465 1283 interpretes
488 1240 524 1272 in
550 1239 699 1281 addunt,
732 1241 823 1283 quod
848 1242 1006 1275 nonnulli
1031 1242 1129 1274 codd.
1153 1242 1305 1281 habent,
1331 1245 1365 1273 et
1382 1243 1511 1282 fauces

116 1296 322 1342 intelligunt
347 1297 390 1330 de
413 1297 575 1341 angustis
608 1297 675 1330 viis
706 1297 859 1331 Romam
884 1299 1110 1341 ducentibus,
1144 1299 1241 1341 sive,
1265 1300 1304 1331 ut
1327 1297 1512 1337 Miillerus,

119 1355 164 1388 de
193 1355 339 1388 introitu
369 1354 407 1388 iu
439 1354 585 1395 urbem,
625 1354 840 1388 conferentes
873 1356 971 1389 Flor.
1001 1357 1027 1399 1,
1054 1357 1121 1398 lo,
1147 1356 1182 1390 2.
1218 1356 1393 1389 Porsenna
1428 1355 1512 1399 ipsis

118 1412 214 1445 urbis
238 1412 405 1455 saucibus
438 1412 600 1454 incubat,
647 1414 681 1445 et
711 1411 784 1445 Cic.
818 1411 854 1444 in
887 1413 962 1446 cat.
996 1415 1033 1455 1,
1063 1414 1105 1455 2,
1137 1415 1169 1448 5.
1205 1414 1331 1447 Castra
1363 1417 1442 1446 sunt
1473 1413 1512 1446 in

119 1469 288 1503 Etruriae
303 1469 468 1513 saucibus
491 1469 668 1502 collocata.
716 1468 786 1502 Sed
810 1469 894 1512 quid
919 1470 1036 1504 fauces
1061 1471 1105 1504 ad
1135 1470 1318 1504 Romam?
1357 1471 1411 1504 De
1434 1470 1513 1513 qui-¹

119 1526 188 1560 bus
212 1538 318 1569 quum
350 1526 441 1559 nihil
471 1526 603 1560 dictum
630 1525 693 1565 sit,
725 1537 795 1559 non
828 1531 940 1569 potest
963 1527 1071 1561 etiam
1103 1529 1146 1562 de
1173 1529 1217 1561 iis
1241 1527 1411 1572 cogitari,
1444 1538 1513 1560 non

120 1584 257 1628 magis,
292 1594 399 1627 quam
431 1584 474 1616 de
497 1587 647 1628 angusta
669 1583 780 1624 valle,
818 1583 854 1616 in
879 1595 972 1627 qua,
1006 1586 1194 1618 secundum
1220 1584 1401 1619 Gerlachii
1434 1596 1514 1618 sen-

121 1641 288 1682 tentiam,
324 1641 409 1675 Cato
445 1641 614 1684 populum
644 1641 846 1674 Romanum
880 1641 1054 1675 inclusum
1085 1643 1208 1687 fingat.
1255 1643 1373 1685 Quare
1405 1641 1516 1674 confi-

124 1698 250 1737 dimus,
274 1709 404 1738 omnes,
431 1697 488 1741 qui
514 1697 587 1730 vim
611 1697 887 1732 antecedentium
912 1700 1102 1733 verborum
1119 1701 1269 1744 undiquc
1291 1700 1514 1732 circumventi

122 1766 239 1788 sumus
279 1754 431 1789 assecuti
473 1755 560 1796 sint,
601 1754 784 1789 nobiscum
822 1755 932 1789 cortii
982 1757 1248 1800 explicationem
1288 1757 1511 1801 probaturos.

123 1812 227 1855 Quod
263 1817 380 1847 autem
414 1812 449 1846 in
481 1812 654 1846 nonnullis
686 1813 785 1846 codd.
821 1817 873 1846 est
902 1814 1067 1856 faucibus
1102 1815 1248 1856 Italiac,
1289 1818 1381 1847 recte
1420 1813 1515 1847 idem

122 1869 260 1903 monuit
290 1870 334 1904 de
365 1870 491 1904 Italiac
523 1870 694 1915 angustiis
725 1870 837 1903 multo
872 1870 987 1903 minus
1027 1882 1135 1914 qnam
1169 1872 1212 1905 de
1236 1871 1333 1905 urbis
1365 1869 1516 1915 cogitari

123 1937 249 1970 posse,
283 1928 376 1971 quod
408 1931 524 1962 tamen
548 1927 670 1961 Dahlii
702 1931 736 1961 et
760 1927 943 1961 Gerlachii
974 1927 1226 1973 intelligentiae
1260 1928 1364 1962 aliter
1386 1927 1513 1961 visum.

123 1983 246 2027 Neque
267 1996 328 2019 nos
352 1988 491 2025 movet,
526 1985 617 2027 quod
645 1984 703 2017 hic
727 1984 969 2018 inconcinnum
991 1996 1067 2019 esse
1091 1986 1198 2027 dicit,
1224 1986 1316 2030 quod
1341 1985 1376 2018 in
1401 1997 1514 2029 oppo-

123 2040 201 2075 sitis
221 2042 370 2075 alterum
395 2042 591 2075 membrum
625 2041 815 2086 (saucibus
838 2044 949 2088 urg.)
981 2055 1042 2086 per
1065 2046 1208 2086 tropum
1231 2042 1278 2077 sit
1301 2053 1513 2086 expressum,

125 2097 163 2131 in
195 2098 306 2131 altero
339 2099 454 2142 (intra
487 2101 641 2144 moenia)
677 2100 817 2143 propria
848 2101 1036 2133 verborum
1065 2099 1277 2144 significatio
1310 2100 1513 2134 retineatur.

125 2155 203 2190 Non
225 2156 314 2190 haec
347 2157 441 2191 enim
464 2157 531 2190 sibi
556 2157 716 2202 opposita
739 2161 838 2200 sunt,
871 2158 928 2191 sed
964 2156 1078 2201 potius
1114 2169 1192 2190 cum
1226 2158 1376 2191 exercitu
1410 2162 1516 2202 urget

127 2216 162 2246 et
185 2213 279 2247 intra
302 2215 439 2248 moenia
462 2215 594 2255 hostes,
629 2214 755 2258 quibus
780 2214 898 2248 verbis
922 2214 1010 2248 Cato
1033 2215 1102 2248 hoc
1124 2214 1219 2256 vult,
1246 2218 1280 2249 et
1304 2215 1516 2250 extrinsecus

126 2269 322 2313 periculum
345 2271 540 2314 imminere,
564 2278 599 2306 et
625 2273 718 2306 intus
742 2283 826 2306 esse.

223 2333 327 2371 atque
359 2330 395 2362 in
426 2330 502 2363 sinu
539 2330 654 2373 urbis]
698 2331 812 2373 Atque
855 2328 1084 2373 particulam,
1125 2339 1147 2362 a
1181 2328 1300 2364 Cottio
1334 2329 1409 2364 eine
1440 2331 1516 2367 una

128 2383 301 2417 librorum
326 2387 531 2421 auctoritate
555 2387 741 2430 omissam,
773 2387 980 2421 Gerlachius
1004 2390 1097 2420 recto
1120 2387 1279 2421 restituit.
1324 2387 1515 2431 Aptissima

129 2441 223 2474 enim
247 2442 334 2475 haec
357 2444 483 2477 vocula
506 2443 725 2487 grwlutioni,
759 2444 872 2488 qualia
895 2445 953 2477 hic
977 2449 1046 2487 est,
1079 2445 1139 2477 nbi
1164 2446 1208 2479 ab
1232 2444 1395 2479 universa
1426 2446 1515 2480 urbo

130 2499 175 2532 nd
200 2499 386 2540 Senatum,
418 2500 477 2543 qui
509 2502 585 2535 sinu
619 2503 711 2534 urbis
735 2501 975 2547 significatur,
1008 2502 1175 2537 transitus
1206 2503 1266 2544 sst3
1301 2502 1378 2547 puri
1410 2503 1515 2547 piune

129 2567 230 2589 seni-'n
255 2556 288 2589 in
313 2557 435 2590 eadem
461 2569 498 2590 rc
523 2557 645 2591 Cicero
668 2564 772 2603 atquc
797 2559 884 2592 mico
909 2558 1014 2599 dixit,
1048 2560 1082 2593 in
1107 2560 1210 2594 Catil.
1233 2560 1262 2601 I,
1282 2561 1316 2600 2,
1334 2559 1369 2594 5.
1393 2561 1514 2594 ducem

131 2612 277 2646 hostium
303 2615 395 2647 intra
419 2615 573 2655 moenia,
607 2619 710 2659 atquc
734 2616 822 2649 mico
847 2616 883 2649 in
913 2621 1036 2649 senatu
1060 2617 1234 2658 videmus,
1269 2617 1328 2651 nbi
1360 2628 1394 2651 v.
1419 2618 1516 2651 Mat-

130 2668 248 2711 thimu
277 2670 322 2704 cf.
358 2670 528 2706 Goon-unz.
563 2671 608 2706 ud
642 2672 769 2707 Acadd.
794 2673 839 2715 11,
861 2673 918 2716 11,
935 2673 993 2708 36.
1025 2674 1069 2709 ad
1094 2674 1194 2709 Finn.
1214 2674 1242 2717 1,
1264 2674 1320 2716 16.
1339 2673 1396 2709 51.
1430 2674 1511 2711 Cu.
