1630 3034
117 186 174 226 3⁰
484 184 1153 228 C.SALLUSTICRISP1

120 301 278 344 vilibus
321 299 491 343 bellum
540 306 675 358 atque
729 302 909 345 vastitas
955 301 1108 345 Italiae
1152 303 1289 346 finem
1340 303 1518 349 faceret.

86 397 217 447 3Sed
282 397 544 456 priusquam
605 398 916 442 huiuscemodi
971 399 1035 442 rei
1086 399 1257 442 initium
1313 400 1520 459 expedio,

118 509 265 554 pauca
301 509 438 554 supra
471 501 699 554 repetam,
744 510 835 553 quo
873 495 932 538 ad
969 496 1335 555 cognoscendum
1373 497 1522 540 omnia

21 590 23 592 ’
83 591 302 637 4illustria
348 592 494 651 magis
536 593 774 652 magisque
809 592 855 636 in
891 599 1051 652 aperto
1088 594 1186 637 sint.
1256 592 1389 636 Bello
1425 594 1521 637 Pu-

117 712 235 745 omnia
256 712 472 746 substantive
491 712 641 756 positum
658 717 729 755 est,
754 717 871 748 nostro
892 715 972 748 loco
991 713 1136 757 epitheti
1156 717 1365 758 potestatem
1384 713 1519 748 retinet.

116 774 279 807 Ceterum
308 774 417 807 verba
448 775 501 807 uti
520 775 646 808 studiis
671 775 827 808 civilibus
854 776 980 809 bellum
1004 780 1108 819 atque
1130 776 1281 809 vastitas
1303 776 1432 809 Italiae
1450 777 1518 819 si-

115 846 210 868 nem
241 837 433 877 faceret
466 836 559 868 hunc
590 847 730 869 sensum
760 836 910 870 habent:
942 840 981 870 ut
1014 836 1101 869 istae
1132 836 1261 869 civium
1284 836 1521 870 contentiones

114 899 149 929 et
183 895 351 929 factiones
381 896 522 930 tandem
550 896 587 930 in
611 897 746 930 bellum
780 901 1023 942 erumperent,
1051 897 1144 941 quod
1168 896 1292 931 ltaiiae
1319 897 1519 931 vastitatem

114 956 244 990 attulit.

206 1020 238 1059 ἓ.
261 1017 294 1051 3.
338 1017 544 1063 priusquam
568 1038 612 1043 ——
639 1018 803 1063 expedio]
830 1019 1024 1053 Muellerus
1048 1018 1186 1063 scripsit
1210 1018 1402 1062 expediam,
1427 1018 1519 1061 quod

113 1089 196 1112 sanc
231 1078 268 1111 in
293 1079 379 1113 Bas.
405 1078 437 1111 1.
472 1078 586 1113 Paris.
613 1090 644 1112 z.
669 1079 787 1113 Berol.
814 1080 847 1114 1.
871 1080 906 1114 2.
939 1079 1043 1113 Misn.
1069 1079 1188 1113 Goerl.
1212 1083 1246 1113 ct
1276 1083 1459 1122 praeterea
1483 1078 1518 1111 in

113 1140 268 1183 quinque
291 1144 326 1173 et
352 1139 480 1183 viginti
505 1139 584 1173 aliis
609 1144 739 1181 exstat3
776 1140 835 1173 sed
863 1141 1010 1181 relicui,
1036 1139 1072 1173 in
1096 1139 1222 1183 quibus
1248 1144 1328 1174 sunt
1350 1140 1459 1173 Fabr.
1484 1139 1517 1173 1.

112 1200 211 1234 Leid.
231 1201 270 1234 L.
289 1200 417 1234 Nazar.
438 1201 609 1235 commel.
635 1201 727 1246 Teg.
755 1201 872 1235 Guelf.
890 1201 946 1243 5.‚
970 1200 1200 1234 indicativum
1218 1201 1397 1244 praebent,
1420 1200 1519 1233 cuiue

112 1272 204 1304 quae
221 1262 312 1295 ratio
342 1261 387 1295 sit
405 1262 556 1296 diximus
584 1263 628 1296 ad
648 1262 753 1296 Catil.
771 1275 801 1296 c.
821 1264 879 1305 lv,
897 1262 931 1296 5.
961 1274 996 1306 p.
1015 1262 1073 1296 26.
1111 1262 1157 1295 cf.
1173 1261 1354 1295 Handium
1373 1261 1416 1294 de
1431 1261 1519 1294 Par-

112 1322 192 1357 tice.
211 1324 289 1357 Lat.
310 1323 387 1357 Vol.
409 1325 434 1358 1.
455 1336 488 1367 p.
508 1323 591 1357 397.
611 1322 646 1356 9.
670 1343 717 1348 —
741 1323 779 1356 ln
795 1322 945 1357 dictione
970 1334 1078 1367 supra
1106 1327 1264 1367 repetere
1293 1322 1364 1363 (ef.
1383 1323 1458 1355 Cat.
1477 1321 1517 1362 V,

111 1382 147 1417 9.
182 1384 300 1418 Tacit.
323 1385 411 1418 Ann.
433 1385 525 1426 xm,
551 1383 609 1425 18,
634 1383 708 1428 in.)
736 1384 947 1418 Gerlachins
973 1396 1081 1428 supra
1105 1395 1246 1428 prorsus
1270 1383 1419 1416 mirifice
1435 1382 1518 1417 dicit

111 1444 329 1478 Graecorum
354 1456 452 1479 more
482 1457 606 1479 nomen
632 1456 727 1485 esse3
765 1445 826 1478 sed
854 1457 966 1488 neque
1000 1444 1063 1488 qni
1089 1449 1180 1479 esset
1208 1445 1273 1478 iste
1298 1444 1518 1477 Graecorum

109 1517 185 1540 mos
206 1507 341 1548 docuit,
379 1518 490 1550 neque
515 1506 643 1540 Latina
663 1506 827 1549 exempla
859 1507 905 1539 ab
924 1517 965 1539 eo
985 1506 1095 1539 allata
1117 1516 1317 1549 perversam
1348 1505 1421 1539 eius
1439 1515 1516 1538 sen-

108 1567 254 1601 tentiam
274 1572 414 1611 possunt
430 1567 599 1601 stabilire.
645 1566 930 1610 Prae-positiones
954 1566 1201 1600 adverbiorum
1223 1571 1396 1610 potestate
1419 1567 1515 1610 posi-

107 1630 161 1661 tas
180 1639 285 1671 saepe
301 1628 406 1662 totius
418 1627 674 1662 enunciationis
694 1627 766 1660 vim
786 1627 959 1661 sustinere
976 1627 1175 1660 monuimus
1193 1627 1348 1660 adeatil.
1362 1639 1390 1659 c.
1403 1628 1516 1666 XXX,

107 1689 142 1725 3.
162 1702 194 1734 p.
211 1690 312 1731 137.;
338 1695 375 1725 ut
395 1690 504 1735 igitur
526 1689 652 1723 dicitnr
675 1700 748 1722 rem
775 1690 930 1733 longe,
957 1688 1013 1721 vel
1040 1687 1232 1732 lougius
1255 1693 1431 1731 repetere,
1456 1689 1515 1720 ezi-

106 1750 187 1784 dem
215 1751 385 1795 analogia
415 1751 546 1784 dictum
580 1754 631 1783 est
654 1761 727 1783 rem
753 1761 893 1793 supra
916 1754 1096 1792 repetere,
1123 1748 1215 1791 quod
1233 1759 1333 1782 sensu
1352 1748 1444 1781 idem
1465 1752 1516 1782 est

106 1817 212 1856 atque
234 1824 309 1846 rem
337 1824 378 1845 es
400 1812 442 1845 iis
464 1823 555 1855 quae
586 1822 691 1854 supra
711 1816 809 1850 sunt,
839 1810 915 1843 sive
943 1822 984 1843 ex
1004 1810 1125 1853 paullo
1150 1809 1397 1843 remotioribus
1416 1821 1516 1852 repe-

106 1878 191 1915 tere,
217 1875 325 1907 verbo
345 1885 412 1906 non
435 1873 538 1906 idem.
588 1873 639 1904 Ex
663 1872 740 1916 lug.
760 1871 887 1912 XXIV,
906 1869 938 1904 5.
963 1874 1101 1910 autem,
1126 1879 1230 1912 quem
1248 1871 1365 1903 locum
1389 1871 1515 1904 Gerla-

105 1935 206 1968 chius
224 1946 305 1968 cnm
327 1933 442 1969 Tacit.
466 1935 554 1968 Ann.
574 1934 630 1973 vl,
651 1932 711 1974 39,
732 1937 819 1967 extr.
845 1943 908 1976 pro
929 1930 1207 1965 luculentissimo
1226 1930 1415 1965 sententiae
1432 1941 1516 1964 suae

104 1997 313 2031 documento
337 1996 466 2037 habet,
490 1995 558 2027 hoc
576 1994 851 2027 luculentissime
875 1997 993 2037 patet,
1031 2005 1138 2038 supra
1159 1993 1192 2026 in
1212 1991 1332 2036 priore
1354 1991 1432 2024 loco
1451 1990 1513 2024 ad-

104 2058 287 2102 verbium,
328 2058 362 2091 in
385 2055 576 2100 posteriorc
599 2055 895 2099 praepositionem
917 2066 1010 2096 csse,
1049 2054 1107 2087 cui
1128 2064 1230 2087 casus
1250 2064 1332 2086 snus
1353 2064 1394 2084 ex
1417 2055 1514 2085 antc-

104 2119 234 2164 grcssis
254 2118 468 2163 cogitatione
487 2116 566 2150 addi
585 2117 721 2152 debent,
742 2135 785 2140 —
807 2117 847 2148 In
871 2120 1006 2160 aperto,
1025 2125 1058 2148 v.
1071 2115 1115 2147 nd
1127 2113 1307 2149 Canna,
1322 2111 1355 2144 l.
1374 2110 1514 2143 Cottius

104 2184 284 2223 praeterea
304 2177 750 2221 contulitTaeit.Ag1·ic.c.
763 2177 796 2210 1.
815 2177 906 2209 med.
922 2175 1001 2219 (ubi
1020 2187 1053 2210 v.
1067 2175 1207 2208 walch.
1220 2173 1381 2217 p.1o7.);
1402 2172 1436 2203 in
1449 2173 1512 2215 sa-

105 2241 175 2282 cili,
204 2239 406 2281 Liv.111‚8,
425 2239 479 2272 1⁰.
501 2238 561 2271 nbi
582 2237 827 2272 v.Gronov.et
848 2237 1041 2277 Dmkcnb„
1074 2236 1133 2279 qni
1150 2235 1302 2279 plurima
1322 2233 1468 2265 habent.

199 2304 230 2343 ς.
257 2301 290 2337 4.
337 2306 413 2345 post
435 2299 714 2345 magnitudinem
742 2298 890 2331 nominis
918 2298 1088 2341 Romani]
1127 2297 1275 2330 Prorsus
1303 2304 1324 2327 a
1343 2304 1428 2325 vero
1450 2291 1509 2325 ub>

106 2367 222 2395 errant
243 2362 301 2405 qui
320 2373 399 2394 cum
413 2360 550 2405 Lnngio
569 2365 602 2393 ct
618 2360 788 2393 Mueuero
809 2359 937 2392 horum
955 2359 1145 2391 verborum
1167 2366 1306 2390 sensum
1325 2355 1419 2387 nunc
1439 2362 1514 2384 csse

106 2423 334 2455 contendunt:
356 2428 536 2466 postquam
555 2422 787 2454 Romanorum
810 2419 1088 2463 magnitudinem
1102 2421 1289 2462 stt-geram
1313 2413 1411 2458 qnasi
1430 2422 1513 2445 vero

106 2494 146 2517 ex
167 2484 354 2516 attriverat
375 2483 480 2515 verbo
500 2482 533 2514 in
552 2481 761 2525 antegressis
787 2481 947 2514 attritam
969 2479 1125 2522 suppleri
1148 2478 1271 2510 debeat
1295 2477 1357 2519 (v.
1377 2473 1511 2507 Tener.

107 2555 139 2587 p.
164 2543 290 2587 256.),
318 2554 406 2586 qnae
428 2543 517 2576 ratio
536 2554 602 2575 non
621 2543 735 2575 solum
755 2553 776 2575 n
794 2540 1036 2574 Grammativa
1050 2539 1235 2573 durissima
1255 2541 1318 2577 cst,
1343 2534 1401 2567 sed
1423 2533 1509 2566 ulie-

107 2604 287 2638 nissinnnm
307 2615 446 2648 quoquc
469 2603 674 2636 sentcntiam
696 2603 851 2646 pracbct.
900 2602 1031 2634 Auctor
1053 2599 1146 2632 enim
1168 2610 1289 2631 nomen
1315 2597 1510 2628 Romanum

107 2677 173 2699 non
193 2665 335 2709 opponit
359 2665 485 2698 hallae
503 2665 642 2707 opibus,
669 2664 726 2697 scd
749 2664 803 2696 his
828 2662 911 2706 ipsis
941 2661 1031 2694 nihil
1052 2659 1147 2694 aliud
1170 2657 1390 2704 significatur
1405 2664 1509 2697 qnam

107 2727 293 2771 imperinm
323 2727 525 2759 Romanum
551 2728 658 2757 totum
687 2723 826 2758 ltaliam
850 2722 920 2755 inm
951 2721 1187 2764 complexum.
1235 2719 1353 2760 Qum-o
1371 2714 1510 2748 cortine

107 2791 202 2821 recte
221 2787 327 2821 verba
349 2786 400 2820 uic
420 2786 688 2828 interpretatur:
713 2789 896 2828 postquam
923 2781 1072 2816 Romani
1091 2778 1216 2824 magni
1232 2777 1330 2820 sacti
1348 2779 1449 2814 sunt,
1476 2778 1509 2808 ct
