1630 3034
141 178 226 220 488
511 171 557 214 C.
587 170 915 214 SALLUSTI
952 172 1172 216 GRISPI

108 295 299 347 2antea,
334 289 478 333 maior
513 294 559 333 et
593 288 752 333 clarior
784 288 943 334 haberi
979 290 1144 349 coepit.
1216 288 1403 350 Omnia,
1438 307 1528 336 non
1570 282 1573 285 ”

149 389 268 432 bene
302 386 504 430 consulta
537 385 691 441 modo,
726 401 884 430 verum
919 387 1053 431 etiam
1088 402 1194 431 casu
1222 387 1328 431 data
1356 388 1401 431 in
1436 389 1527 432 vir-

144 490 287 529 tutem
326 483 639 537 trahebantur,
675 483 857 543 milites,
901 483 1108 528 modesto
1152 484 1341 545 imperio
1377 485 1532 542 habiti,

145 632 218 676 git,
250 629 381 676 gessit,
413 640 499 674 quas
530 627 670 663 Cortius
693 632 790 664 recte
812 627 981 664 iudicavit
1012 640 1082 663 non
1106 641 1169 673 pro
1192 628 1536 674 interpretationibus

147 690 248 725 verbi
277 690 438 735 patravit
466 689 646 724 habendas
681 700 775 730 esse,
807 689 866 723 sed
897 701 939 724 eo
963 693 1077 731 ortas,
1111 690 1204 733 quod
1227 697 1367 725 mature
1388 692 1537 726 verbum

148 751 186 786 in
219 755 381 786 contextu
410 749 600 791 exciderit3
635 760 743 794 quam
766 752 930 785 lacunam
954 750 1093 785 librarii
1119 762 1183 794 pro
1209 751 1351 797 ingenio
1375 753 1540 797 expleve-

148 816 242 848 runt.
288 812 373 847 Eius
409 812 463 847 rei
504 811 740 845 certissimum
779 809 948 844 indicium
981 811 1050 845 hoc
1081 817 1158 854 est,
1193 814 1286 856 quod
1318 814 1440 858 spuria.
1471 814 1541 848 ista
1593 828 1597 829 ⁷

149 873 260 907 verba
289 872 326 906 in
361 873 440 908 aliis
474 873 642 919 leguntur
667 874 747 917 post
777 876 985 915 postquam,
1017 872 1054 906 in
1077 872 1158 907 aliis
1185 879 1260 917 post
1282 887 1376 917 rem,
1401 874 1438 908 in
1461 875 1542 910 aliis

150 934 300 978 denique
323 938 401 977 post
423 934 658 975 incommodo,
682 942 768 966 vera
791 935 910 966 autem
932 932 1126 976 scriptura,
1149 946 1255 978 qnam
1280 936 1437 970 nonnulli
1458 936 1543 970 libri

150 1000 350 1041 praestant,
374 996 410 1030 in
433 997 548 1031 Palat.
572 996 608 1030 2.
632 994 724 1030 inter
747 1004 869 1028 versus
891 994 1114 1039 conspicitur.
1148 997 1201 1031 De
1224 998 1261 1032 vi
1277 997 1376 1032 verbi
1396 1003 1544 1043 patrare

153 1069 188 1092 v.
212 1057 257 1092 ad
280 1069 310 1092 c.
335 1058 431 1100 xxi,
452 1057 486 1091 1.

247 1121 279 1162 ἓ.
302 1119 336 1153 2.
383 1131 454 1153 mm
478 1120 562 1153 bene
587 1118 741 1152 consulta
765 1118 905 1158 modo,
935 1127 1088 1157 verum
1113 1118 1254 1152 etiam
1277 1131 1393 1154 casu
1416 1119 1545 1164 data]

154 1180 258 1225 Quod
281 1179 332 1214 ita
355 1179 470 1222 edidi,
503 1179 690 1225 praevideo
722 1178 852 1212 multos
884 1177 920 1211 id
953 1177 1145 1213 inconsulto
1171 1180 1306 1214 factum
1336 1192 1412 1215 esse
1435 1181 1549 1214 dictu-

153 1253 233 1282 ros;
257 1253 369 1285 neque
391 1253 455 1285 pro
479 1245 576 1275 certo
601 1239 858 1274 affirmaverim
881 1250 938 1272 me
962 1251 1086 1274 verum
1122 1240 1274 1282 dedisse,
1310 1246 1490 1276 contentus
1513 1241 1550 1275 in

153 1303 232 1337 loco
261 1314 431 1347 perquam
454 1301 562 1335 dubio
586 1301 872 1345 probabilitatem
905 1305 1043 1335 secutus
1068 1312 1156 1336 esse.
1203 1303 1293 1336 Nam
1318 1301 1353 1335 in
1376 1302 1552 1346 plerisque

156 1364 318 1398 omnibus
351 1365 453 1399 codd.
485 1364 608 1398 desunt
640 1363 751 1397 vverba
782 1362 908 1404 modo,
939 1373 1058 1397 verum
1083 1363 1190 1397 etiam
1214 1375 1297 1397 casu
1321 1363 1430 1405 data,
1462 1374 1552 1406 quae

156 1426 400 1459 tantummodo
426 1426 592 1470 leguntur
615 1423 652 1457 in
689 1423 811 1467 paucis
843 1422 1011 1457 Glareani
1036 1424 1151 1466 codd,
1175 1424 1271 1458 Leid.
1300 1425 1341 1458 A.
1369 1425 1408 1459 G.
1433 1425 1553 1459 Guelf.

158 1486 191 1521 ὃ.
209 1490 244 1520 et
268 1485 339 1528 11.,
363 1485 430 1520 nisi
453 1486 547 1530 quod
569 1485 630 1519 hic
654 1484 785 1519 calami
807 1484 911 1529 lapsu
931 1484 1039 1518 habet
1062 1496 1178 1518 rerum
1202 1496 1266 1529 pro
1289 1497 1431 1525 verum;
1456 1486 1554 1520 Laid.

158 1547 200 1582 A.
235 1550 352 1581 autem
386 1547 561 1591 particula
593 1546 692 1581 modo
723 1549 846 1588 caret3
887 1550 1069 1590 praeterea
1103 1546 1139 1580 in
1174 1547 1325 1592 Erlang.
1356 1551 1407 1582 est
1437 1548 1556 1582 omnia

160 1620 229 1642 non
253 1609 470 1642 consulta
503 1608 612 1642 bene
646 1607 766 1648 modo,
800 1617 920 1639 verum
952 1607 1059 1640 etiam
1094 1619 1179 1642 casu
1211 1609 1322 1651 data,
1355 1608 1392 1642 in
1416 1609 1555 1645 Bodlei.

162 1673 198 1703 et
227 1669 373 1703 Balliol.
408 1672 527 1702 autem
563 1669 681 1702 omnia
713 1679 782 1700 ποη
818 1668 900 1700 bene
933 1669 1090 1701 consulta
1114 1669 1234 1710 modo,
1267 1681 1415 1714 neque
1449 1671 1557 1704 etiam

164 1729 281 1764 data
314 1739 435 1763 casu.
483 1730 558 1764 lam
582 1728 613 1763 si
637 1729 823 1773 vulgatam
848 1727 1024 1762 examines
1048 1735 1233 1771 accurate,
1256 1730 1351 1764 haud
1376 1731 1482 1765 dubie
1503 1732 1558 1766 vi-

163 1790 262 1824 debis
286 1791 393 1824 verba
417 1803 484 1824 non
509 1792 593 1825 bene
617 1791 793 1831 consulta,
828 1793 902 1823 tam
935 1789 1024 1822 nude
1058 1790 1233 1824 vocabulo
1256 1792 1374 1824 omnia
1397 1803 1558 1835 compre-

163 1852 293 1894 hensa,
324 1852 393 1886 hoc
425 1856 545 1896 aperte
575 1853 782 1893 declarare,
821 1850 978 1886 Marium
1011 1851 1123 1884 multa
1156 1854 1218 1886 aut
1247 1852 1400 1895 plurima
1432 1858 1560 1888 temere

167 1913 302 1959 egisse,
326 1913 419 1958 quod
443 1925 552 1958 quum
576 1913 657 1947 aliis
681 1912 866 1955 laudibus,
896 1923 919 1946 a
942 1911 1112 1946 Sallustio
1140 1912 1173 1945 ei
1196 1912 1305 1955 datis,
1338 1917 1412 1948 tum
1437 1914 1480 1948 iis
1503 1925 1561 1948 re-

168 1979 322 2020 pugnat,
354 1986 446 2019 quae
477 1975 520 2008 de
552 1974 628 2009 eius
658 1973 841 2019 prudentia
879 1974 1000 2018 paullo
1041 1978 1122 2008 ante
1153 1985 1184 2008 c.
1221 1974 1306 2016 XC,
1331 1974 1364 2009 l.
1390 1975 1563 2010 narravit.

167 2036 288 2080 Neque
313 2037 358 2071 ad
385 2047 460 2070 rem
489 2036 595 2077 facit,
618 2036 710 2079 quod
735 2035 874 2069 Cottius
898 2047 940 2069 ac
964 2035 1081 2068 Faber
1103 2041 1295 2079 provocant
1319 2036 1364 2070 ad
1388 2048 1418 2070 c.
1442 2037 1563 2082 xcw,

168 2098 203 2133 7.
227 2097 290 2131 ubi
316 2098 426 2132 Marii
452 2099 630 2133 temeritas
649 2100 745 2141 forte
769 2102 924 2130 correcta
947 2096 1100 2141 gloriam
1125 2107 1165 2129 es
1189 2097 1292 2141 culpa
1316 2097 1487 2132 invenisse
1511 2098 1566 2132 di-

170 2158 272 2193 citur.
319 2158 397 2193 Non
422 2158 584 2192 viderunt
606 2158 700 2192 enim
722 2163 756 2192 et
788 2159 971 2205 singulare
1001 2157 1131 2191 factum
1158 2157 1208 2190 ibi
1231 2169 1253 2191 a
1277 2149 1446 2193 Sallustio
1466 2164 1566 2194 nota-

171 2220 225 2261 ri,
258 2223 294 2255 et
331 2231 421 2264 quae
455 2219 491 2253 h.
529 2219 553 2253 l.
586 2219 628 2252 (le
661 2220 787 2252 favore
824 2219 979 2254 militum
1021 2225 1209 2252 narrantur
1253 2219 1298 2253 ad
1337 2222 1567 2264 praeteritum

174 2284 331 2324 tempus,
362 2285 397 2315 et
428 2281 471 2315 ad
505 2284 621 2325 gestas
652 2291 728 2321 res,
760 2290 827 2312 non
850 2279 894 2313 ad
918 2279 1092 2324 gerendas
1125 2284 1294 2322 spectare.
1340 2282 1393 2315 Ad
1417 2282 1486 2316 hoc
1509 2281 1567 2316 vix

174 2342 296 2375 credas
320 2354 389 2376 non
417 2343 500 2376 bene
526 2342 702 2384 consulta,
728 2352 840 2384 eoque
864 2337 958 2374 male
982 2344 1083 2385 gesta
1106 2345 1141 2374 et
1165 2341 1439 2385 imprudentiam
1462 2348 1569 2387 atque

175 2403 407 2437 temeritatem
435 2403 534 2437 ducis
566 2403 728 2437 testantia
768 2402 813 2435 ab
837 2401 912 2435 ullo
943 2401 1100 2445 potuisse
1124 2401 1158 2435 in
1182 2402 1322 2436 laudem
1346 2403 1462 2446 trahi3
1486 2415 1569 2439 nam

177 2465 283 2499 stulte
316 2468 478 2508 suscepta
509 2464 701 2508 stolidoque
732 2466 831 2508 gesta
855 2473 959 2496 nemo
990 2462 1096 2497 facile
1119 2463 1332 2506 probaverit.
1380 2465 1425 2499 At
1448 2470 1571 2499 contra

178 2536 221 2560 ea
254 2530 306 2560 est
336 2525 570 2560 multitudinis
599 2530 725 2560 natura
756 2528 790 2558 et
822 2523 1026 2568 ingenium,
1058 2529 1115 2566 ut,
1148 2524 1178 2558 si
1213 2524 1270 2558 cui
1301 2525 1381 2560 duci
1417 2527 1570 2568 faveant,

181 2598 248 2621 non
274 2598 314 2621 oa
338 2591 472 2621 tantum
498 2585 714 2620 admirentur
737 2589 772 2619 et
796 2584 971 2618 celebrent
986 2610 996 2626 ‚
1022 2596 1114 2629 quae
1137 2585 1212 2619 eius
1235 2585 1463 2621 consiliorum
1487 2598 1571 2631 pru-

181 2645 320 2681 dentiae
352 2648 542 2688 debentur,
579 2647 639 2681 sed
674 2658 717 2680 en
747 2658 910 2691 quoquo,
944 2658 1034 2690 quae
1064 2659 1148 2680 casu
1180 2652 1243 2681 aut
1260 2649 1408 2691 fortuna
1434 2658 1475 2680 ac
1499 2648 1572 2682 sine

183 2707 280 2742 ducis
305 2708 427 2742 merito
451 2719 618 2752 prospera
650 2712 858 2748 evenerunt,
889 2707 963 2741 eius
989 2708 1113 2743 virtuti
1137 2708 1293 2742 tribuant
1314 2714 1349 2742 et
1371 2708 1405 2742 in
1423 2699 1572 2742 'laudem

183 2769 336 2803 trahant.
386 2768 490 2812 Quod
516 2768 624 2814 igitur
649 2781 702 2803 res
726 2768 802 2812 ipsa
827 2769 996 2813 postulat,
1020 2774 1058 2803 ut
1081 2768 1115 2803 in
1153 2769 1284 2804 favoris
1308 2768 1438 2804 caussis
1461 2769 1574 2804 bene
