1630 3034
377 155 730 220 IUGURTHA.
781 156 907 199 CAP.
938 155 1125 198 LXXX.
1368 160 1450 201 421

71 288 183 333 pore
212 273 416 333 ignarum
450 272 633 317 nominis
669 271 874 316 Romani.
928 272 1099 316 Eorum
1129 271 1490 320 multitudinem2

71 370 116 412 in
152 384 288 414 unum
325 369 462 430 cogit,
500 384 553 412 ac
583 368 817 428 paullatim
852 368 1124 412 consuefacit
1158 368 1337 413 ordines
1373 368 1453 412 ha-

72 466 209 525 bere,
251 466 378 525 signa
427 465 576 523 sequi,
625 464 859 524 imperium
909 464 1173 521 observare,
1218 465 1325 508 item
1367 466 1452 510 alia

70 562 273 606 militaria
314 552 477 606 facere.
547 561 785 604 Praeterea
826 561 948 620 regis
992 560 1166 604 Bocchi
1201 571 1482 619 proxumosss

72 658 245 720 magnis
282 657 535 702 muneribus
568 662 612 700 et
646 656 886 700 maioribus
912 655 1138 716 promissis
1167 656 1225 700 ad
1259 658 1450 703 studium

69 755 136 800 sui
170 753 401 815 perducit,
436 753 533 811 quis
577 751 850 796 adiutoribus
889 767 1048 812 regem
1084 768 1323 812 aggressus
1359 756 1450 799 im-

68 852 218 912 pellit,
263 850 328 895 uti
363 849 600 894 advorsum
637 848 868 893 Romanos
906 847 1073 893 bellum
1109 849 1327 911 suscipiat.
1396 851 1488 901 ld4

157 1044 302 1080 LXXX.
327 1046 360 1088 ἓ.
384 1044 417 1079 1.
442 1047 476 1078 et
499 1044 534 1081 2.
584 1043 772 1088 Gaetulos]
805 1043 857 1078 De
889 1043 946 1078 his
978 1042 1022 1077 cf.
1057 1042 1191 1086 XVIII,
1216 1044 1250 1079 1.
1275 1044 1335 1078 ubi
1358 1045 1452 1079 vitae

65 1116 196 1152 genere
228 1108 476 1149 comparantur
511 1117 592 1139 cum
621 1106 825 1151 pecoribus,·
861 1105 896 1138 h.
922 1104 946 1139 l.
973 1105 1048 1148 feri
1069 1105 1255 1150 incultique
1279 1106 1450 1150 dicuntur,

67 1166 150 1210 quia
171 1167 217 1200 ab
235 1165 330 1200 omni
351 1165 569 1200 humanitate
587 1165 793 1211 longissime
812 1166 947 1199 absunt.
972 1165 1016 1198 cf.
1036 1165 1232 1200 Doederlin.
1255 1166 1450 1212 Synonym.

66 1228 145 1262 Lat.
177 1227 254 1261 vol.
277 1228 305 1261 1.
340 1238 374 1271 p.
398 1227 456 1261 44.
488 1231 524 1261 et
555 1228 634 1262 Vol.
673 1227 731 1262 lv.
765 1238 794 1260 c.
820 1224 901 1260 125.
937 1227 968 1268 ἓ.
993 1224 1048 1260 15.
1081 1237 1114 1269 p.
1140 1225 1220 1260 230.
1245 1248 1291 1253 -
1323 1228 1451 1261 Eorum

65 1299 135 1323 non
158 1286 472 1331 comprehendendi
494 1287 554 1321 sed
587 1286 760 1331 partiendi
785 1286 820 1319 vi
844 1285 990 1330 pertinet
1015 1286 1057 1320 ad
1083 1287 1359 1328 multitudinem3
1381 1299 1451 1322 non

65 1348 162 1383 valet
184 1347 297 1392 igitur
324 1359 380 1381 eos
403 1349 550 1390 multos,
576 1348 635 1381 sed
660 1359 701 1381 ex
726 1347 770 1381 iis
793 1347 929 1380 multos.
954 1365 1001 1371 —
1033 1348 1075 1380 1η
1099 1358 1225 1391 unum,
1251 1361 1284 1383 v.
1307 1349 1351 1382 ad
1375 1349 1451 1384 Cat.

65 1409 173 1451 xvn,
198 1408 233 1442 2.
265 1420 300 1452 p.
336 1407 393 1441 82.
418 1427 462 1432 —
495 1409 564 1442 Pro
598 1408 694 1453 cogit
730 1407 831 1451 pauci
864 1406 959 1450 iique
989 1406 1177 1441 deteriores
1208 1407 1292 1441 libri
1321 1408 1453 1443 habent

65 1470 198 1515 coegit,
233 1472 271 1503 ut
304 1467 423 1503 statim
454 1472 530 1511 post
564 1468 633 1502 duo
666 1468 890 1511 consuefecit,
915 1468 1008 1501 haud
1039 1465 1250 1511 infrequenti
1272 1468 1373 1512 lapsu
1397 1468 1453 1502 vel

64 1529 349 1575 interpolatione3
373 1541 407 1562 v.
430 1529 475 1562 ad
499 1541 529 1563 c.
555 1530 684 1572 ΧΧΙΧ,
709 1529 742 1564 5.
767 1542 802 1574 p.
827 1528 963 1563 167.-—
985 1527 1130 1561 Ordines
1152 1528 1321 1563 habere
1344 1528 1452 1563 etiam

65 1591 246 1625 dicebatur
270 1590 343 1624 ord.
367 1601 506 1624 servare
531 1594 592 1624 aut
615 1591 807 1631 observare,
831 1589 883 1623 uti
907 1587 1058 1622 diximus
1082 1588 1126 1621 ad
1149 1600 1179 1621 c.
1205 1590 1261 1632 Ll,
1284 1590 1317 1626 1.
1341 1601 1453 1634 neque

65 1652 242 1685 diversum
267 1654 320 1684 est
348 1651 468 1685 ordine
491 1663 558 1684 non
582 1653 728 1696 egredi,
762 1651 853 1694 quod
879 1648 1010 1693 legitur
1034 1660 1064 1683 c.
1092 1648 1197 1689 XLV,
1220 1648 1254 1683 2.
1278 1648 1399 1692 Veget.
1423 1649 1452 1690 1,

63 1713 121 1748 26.
146 1711 225 1747 Liv.
251 1711 378 1762 xxm,
402 1710 460 1752 35,
484 1711 517 1745 6.
570 1711 695 1746 Consul
718 1710 835 1743 crebro
860 1710 1043 1744 decurrere
1066 1709 1191 1743 milites
1214 1708 1380 1754 cogebat,
1412 1712 1452 1743 ut

64 1775 192 1809 tirones
215 1772 456 1806 adsuescerent
485 1772 619 1817 signa
651 1771 783 1815 sequi
818 1774 850 1804 et
879 1770 915 1804 in
939 1771 1015 1805 acie
1039 1780 1297 1816 agnoscere
1330 1769 1449 1803 ordi-

64 1844 146 1867 nes
176 1844 267 1868 suos.
291 1831 340 1866 id.
362 1831 487 1873 XXIV,
511 1831 568 1873 48,
594 1832 651 1866 11.
700 1831 874 1865 Statorius
896 1833 1031 1876 pedites
1052 1832 1205 1876 proxime
1228 1841 1354 1863 rnorem
1379 1829 1450 1862 Ro-

64 1905 206 1928 manum
228 1893 427 1927 instruendo
452 1897 485 1926 et
509 1892 719 1926 decurrendo
742 1892 885 1935 signa
918 1892 1050 1936 sequi
1084 1896 1125 1924 et
1158 1901 1350 1924 servare
1385 1900 1449 1922 or-

66 1955 198 1989 dines
232 1954 357 1987 docuit.
383 1954 478 1987 Curt.
503 1953 563 1994 111,
587 1952 622 1993 2,
646 1951 703 1985 13.
754 1951 860 1995 Sequi
882 1951 1009 1995 signa,
1034 1951 1170 1983 ordines
1194 1961 1333 1984 servare
1356 1950 1448 1983 didi-

64 2025 151 2047 cere.
187 2031 232 2037 —
268 2013 454 2056 Imperium
497 2014 752 2046 observare
795 2022 862 2044 non
895 2011 1056 2044 continuo
1098 2010 1272 2054 significat
1314 2011 1450 2054 exsequi

64 2073 156 2118 quod
179 2071 388 2115 imperatum
410 2077 484 2116 est,
509 2077 548 2106 ut
570 2071 709 2106 Curtius
730 2071 999 2114 interpretatur,
1032 2070 1091 2103 sed
1114 2071 1282 2104 intentum
1307 2081 1379 2104 esse
1404 2069 1449 2105 ad

65 2133 251 2179 imperium
274 2132 539 2178 intelligendum
564 2136 599 2166 et
621 2131 898 2175 exsequendum;
924 2130 969 2164 cf.
994 2129 1037 2163 ad
1061 2141 1091 2166 c.
1118 2130 1223 2172 XLV,
1247 2130 1282 2164 2.

157 2197 189 2237 §.
213 2193 246 2227 3.
272 2196 307 2227 et
330 2191 364 2228 4.
409 2193 606 2237 proxumos]
630 2193 653 2226 i.
683 2205 711 2226 e.
738 2192 888 2232 amicos,
912 2201 945 2223 v.
969 2190 1012 2224 ad
1037 2190 1114 2226 Cat.
1138 2190 1230 2230 xlv,
1253 2189 1287 2224 3.
1315 2210 1354 2214 -
1377 2189 1447 2223 Pro

64 2254 217 2290 studium
241 2253 311 2288 eui
333 2252 411 2287 Vin.
430 2252 464 2286 2.
489 2257 523 2287 et
545 2253 650 2288 Fabr.
665 2252 699 2287 2.
722 2253 816 2287 male
839 2252 969 2286 hahent
990 2251 1081 2285 stud.
1103 2261 1226 2291 suum;
1248 2251 1293 2285 cf.
1310 2251 1448 2294 Zumpt.

67 2317 227 2351 Gramm.
252 2314 330 2348 Lat.
354 2316 388 2357 §.
414 2313 472 2355 73,
498 2313 531 2347 1.
557 2318 626 2348 not.
650 2314 684 2347 2.
717 2325 752 2358 p.
777 2312 857 2348 337.
893 2311 945 2345 ed.
970 2311 1026 2344 IV.
1052 2330 1096 2335 —
1125 2311 1208 2353 Quis
1231 2312 1305 2345 fere
1328 2322 1447 2345 omnes

62 2376 164 2411 codd.
187 2375 329 2410 habent.
352 2393 397 2398 —
432 2374 565 2419 Regem
589 2374 829 2408 tantummodo
853 2372 982 2407 referes
1005 2371 1050 2405 ad
1075 2382 1285 2416 aggressus,
1308 2382 1378 2406 non
1401 2371 1446 2406 ad

67 2436 233 2482 impellit,
270 2434 313 2469 ad
343 2434 434 2477 quod
457 2434 604 2468 verbum
627 2434 856 2478 supplendum
879 2438 929 2468 est
953 2445 1042 2468 eum.
1068 2451 1112 2459 —
1142 2433 1335 2467 Advorsum
1358 2432 1446 2466 Ger-

67 2497 204 2533 lachim
225 2494 433 2530 auctoritate
455 2495 537 2529 Bas.
571 2495 606 2532 1.
636 2495 713 2529 Vin.
743 2495 850 2530 Fabr.
876 2494 909 2528 2.
934 2495 1005 2528 lnc.
1032 2493 1156 2527 Franc.
1180 2493 1284 2527 Bern.
1307 2492 1341 2527 3.
1367 2503 1445 2526 mn-

68 2557 157 2593 tavit
186 2556 222 2591 in
255 2555 443 2597 advorsus,
479 2555 592 2599 quod,
622 2566 732 2600 quum
765 2555 872 2599 longe
900 2552 1041 2598 plurimi
1073 2552 1156 2587 libri
1187 2552 1224 2586 in
1254 2551 1452 2596 antiquiore

69 2618 185 2652 forma
207 2616 441 2658 consentiant,
464 2615 655 2650 inconsulto
680 2615 822 2649 factum.
849 2633 890 2639 —
917 2615 972 2648 Ea
994 2613 1141 2658 gratia,
1167 2613 1213 2647 cf.
1235 2612 1280 2647 ad
1304 2624 1336 2647 o.
1359 2612 1446 2653 mv,

71 2677 106 2712 4.
128 2696 173 2703 —-
195 2677 235 2711 ln
257 2676 374 2711 verbis
397 2677 605 2721 facilius
636 2675 921 2720 proniusque
942 2674 1016 2718 fuit
1047 2673 1165 2709 inanes
1192 2672 1334 2708 Cottius
1363 2672 1446 2707 snb-

72 2736 215 2773 tilitate-
245 2737 381 2782 quaerit
397 2762 408 2780 ,
434 2737 580 2782 facilia·
615 2737 659 2772 ad
696 2736 904 2781 Iugurtham
934 2735 1110 2778 referem,
1143 2733 1200 2770 cui
1225 2733 1331 2770 facila
1351 2732 1450 2770 facte
