1630 3034
434 115 605 157 RERUM
634 116 697 157 AC
727 116 997 163 VERBORUM
1345 115 1399 156 35

28 225 230 266 Frequentare
247 227 344 259 locum
360 228 382 260 i.
402 237 432 270 q.
451 228 555 268 adire,
581 228 605 261 Ι.
635 227 688 269 17,
706 229 738 262 2.

28 281 255 323 Frequentaliva
286 283 389 316 verba
421 293 440 315 a
474 283 632 317 Sallustio
661 289 787 317 amata.
828 285 863 317 C.
895 284 949 318 38.
970 285 998 316 1.
1051 285 1072 316 l.
1111 285 1149 317 19
1162 310 1169 318 .
1206 293 1233 316 1.
1284 283 1338 319 23,
1368 283 1397 316 1.

118 337 176 378 26,
192 339 222 371 1.

27 392 158 434 Fretum,
182 396 204 433 i,
223 398 258 426 et
271 397 374 435 fretus,
392 405 439 436 us,
464 396 487 429 Ι.
508 395 561 436 18,
580 396 611 428 9.
704 429 706 431 ,

27 449 218 482 Frumentum
233 451 393 484 militibus
412 451 533 491 datum,
552 452 576 485 Ι.
596 453 651 491 44,
670 453 701 484 5.

27 505 122 537 Fruar
136 510 227 538 recte
243 507 345 539 habet
359 510 513 547 fruiturus,
540 519 602 540 non
620 508 697 540 item
712 510 830 548 fruituS,
850 508 873 541 Ι.
893 508 947 542 47.
963 509 994 539 2.

28 561 152 593 Frustra
170 563 328 605 quomodo
346 563 478 596 differat
496 574 515 596 a
531 565 742 605 nequicquam,
759 563 785 597 Ι.
806 563 860 596 31.
881 565 910 595 5.
963 564 1038 596 110.
1058 565 1086 595 4.

27 617 152 649 Frustra
177 629 252 659 esse,
277 618 300 652 Ι.
331 618 362 659 7,
382 619 413 652 6.
465 619 518 659 14,
537 620 591 653 11.
640 620 695 654 85.
715 621 746 653 6.

25 673 199 706 frustratus
215 676 350 718 passivo
366 686 467 708 sensu
484 677 617 716 dictum,
635 676 659 709 I.
687 676 741 716 58,
760 677 791 710 3.

28 731 112 771 Fuya
129 731 150 762 i.
171 740 200 773 q.
222 731 370 772 exilium,
396 736 430 764 et
442 733 631 775 trepidatio,
657 731 680 764 Ι.
707 731 762 772 40,
782 734 812 764 4.

29 787 134 818 Fuisse
158 797 221 819 non
246 787 419 827 omittitur,
444 786 469 820 Ι.
495 788 550 826 40,
568 788 599 820 4.

25 842 147 874 Fulvius
163 843 290 874 Flaccus
314 840 406 886 (M),
431 843 472 875 ab
490 843 617 886 Opimio
634 844 842 882 interfectus,
868 844 892 877 Ι.
914 844 967 883 16,
985 845 1016 875 2.

27 898 164 931 Fundere
189 903 223 931 et
245 901 352 940 suyare
379 899 482 932 verba
499 900 683 943 promiscuo
701 900 814 932 ordine
831 904 1046 942 usurpantur,
1076 899 1099 932 Ι.
1130 899 1185 934 21.
1201 899 1232 932 2.

26 955 162 987 Fundere
179 955 278 988 etiam
295 955 328 987 in
343 956 551 988 contentione
569 956 661 988 civili
679 956 718 988 de
731 956 831 988 victis
851 956 983 995 dicitur,
1008 955 1032 988 Ι.
1061 955 1116 994 65,
1136 956 1166 987 5.

26 1003 168 1043 Futurum
184 1015 376 1054 usurpatur,
401 1011 458 1043 ubi
488 1012 727 1053 interrogamus
753 1012 792 1043 de
817 1012 936 1051 rebus,
966 1021 1050 1053 quae
1071 1011 1126 1044 vel
1151 1011 1301 1043 nolumus
1318 1011 1402 1049 fieri,

115 1067 172 1098 vel
189 1077 252 1098 non
271 1072 422 1110 putamus
441 1067 523 1107 sore,
540 1072 578 1099 ut
594 1068 686 1107 fiant,
715 1067 749 1100 C.
771 1068 825 1107 51,
845 1067 897 1100 10.

25 1123 168 1155 Futurum
185 1123 218 1155 in
236 1123 447 1156 conclusione
473 1128 507 1156 et
528 1125 761 1156 consecutione
791 1125 914 1156 certius
932 1124 1085 1163 affirmat,
1105 1133 1199 1166 quam
1218 1123 1403 1155 coniuncti-

117 1188 179 1211 vus
196 1180 396 1223 praesentis,
413 1178 437 1212 Ι.
459 1179 490 1220 1,
508 1179 540 1213 2.
590 1180 646 1219 42,
666 1179 695 1212 6.

28 1247 173 1278 Futurum
194 1248 326 1287 primum
343 1257 414 1279 cum
432 1246 543 1279 futuro
568 1251 684 1279 exacto
701 1247 920 1285 coniunctum,
947 1247 982 1278 C.
1011 1247 1064 1286 51,
1083 1247 1139 1279 2¹6.

26 1303 132 1334 Futurz'
149 1304 247 1335 eoeacle'
262 1303 334 1335 loco
348 1303 530 1346 perfectum
548 1303 701 1345 positum,
722 1302 757 1335 C.
778 1302 831 1342 52,
850 1303 883 1335 4.

26 1351 129 1391 Futuri
146 1360 242 1390 exacti
258 1369 339 1391 usus
358 1360 389 1391 in
407 1359 520 1391 verbis
535 1369 634 1400 posse,
652 1359 736 1396 velle,
757 1359 833 1396 licet,
852 1360 961 1399 placet„
981 1359 1004 1391 Ι.
1025 1358 1079 1397 74,
1100 1358 1131 1390 1.

26 1415 131 1447 Futuri
169 1416 268 1446 exacti
306 1415 357 1447 vis
399 1414 438 1446 ad
481 1414 685 1447 celeritatem
726 1413 857 1447 suturae
892 1415 1033 1446 actionis
1071 1414 1307 1455 designandum
1321 1438 1328 1450 ,
1378 1412 1402 1445 Ι.

118 1469 195 1510 106,
212 1472 245 1503 4.

25 1527 169 1559 Futurum
186 1530 322 1559 exactum
339 1536 410 1559 cum
428 1526 636 1559 coniunctivo
650 1525 789 1569 perfecti
804 1525 987 1562 confusum,
1014 1525 1037 1557 1.
1059 1524 1134 1564 110,
1154 1524 1185 1556 3.

684 1662 794 1716 G.

31 1775 53 1807 G
78 1775 192 1808 littera
209 1776 373 1808 interdum
390 1776 524 1808 eiicitur
539 1775 572 1806 in
590 1776 686 1807 novis
703 1774 839 1807 vocibus
857 1772 1048 1809 formandis,
1075 1771 1098 1803 l.
1118 1770 1172 1804 31.
1192 1770 1244 1803 12.

30 1831 146 1864 Gaetuli
161 1831 288 1864 rectius
306 1831 509 1870 scribuntur,
535 1840 631 1873 quam
650 1831 756 1866 Getuli,
782 1829 807 1861 l.
826 1828 879 1867 18,
901 1827 928 1859 1.

30 1887 221 1919 Gaetulorum
236 1887 346 1925 sedes,
375 1886 400 1918 Ι.
421 1886 474 1925 19,
493 1886 523 1917 5.

31 1942 223 1974 Gaetulorum
238 1951 344 1973 mores
364 1946 398 1973 et
415 1941 538 1979 cultus,
563 1939 587 1973 1.
614 1940 669 1979 80,
689 1940 720 1973 1.

32 1998 132 2030 Ganea
148 1997 170 2030 i.
192 2006 222 2039 q.
242 1996 489 2028 comissationes
508 2000 542 2027 et
559 1996 688 2038 epulae,
709 1995 744 2029 C.
767 1996 820 2035 13,
839 1996 869 2027 3.

32 2055 132 2086 Gallia
147 2053 265 2084 citerior
281 2062 353 2085 cum
365 2052 527 2084 ulteriore
545 2051 694 2090 confusa,
715 2050 750 2084 C.
776 2051 833 2089 42,
848 2050 880 2083 3.
930 2049 984 2089 57,
1005 2050 1034 2083 1.

31 2110 185 2142 Gallorum
208 2108 335 2141 nomine
355 2109 454 2140 etiam
472 2106 626 2139 Germani
644 2107 972 2150 comprehenduntur,
1007 2106 1031 2138 l.
1052 2105 1128 2143 114,
1148 2104 1176 2137 1.

30 2166 178 2198 Gaudium
193 2164 350 2207 quomodo
367 2164 499 2196 differat
514 2173 533 2195 a
551 2164 676 2202 laetitia,
704 2162 738 2195 C.
757 2162 813 2200 48,
834 2163 864 2195 1.

31 2221 179 2253 Gaudium
195 2220 340 2263 corporis
366 2229 428 2262 quo
453 2229 554 2251 sensu
578 2219 712 2257 dictum,
738 2217 762 2250 l.
781 2218 814 2256 2,
832 2218 864 2250 4.

32 2277 204 2309 Geminatae
217 2276 399 2317 particulae,
423 2280 463 2308 ut
486 2275 598 2316 partim
622 2276 750 2315 partim,
785 2273 946 2305 interdum
979 2272 1117 2304 alteram
1151 2273 1182 2303 in
1215 2271 1308 2303 codd.
1344 2271 1403 2303 ab·

121 2331 268 2371 sorbent,
301 2331 326 2364 1.
352 2331 408 2371 83,
426 2331 458 2364 3.

33 2399 169 2432 Gener-ali
191 2399 352 2431 sententiae
377 2399 474 2441 eique
509 2397 700 2430 indefinitae
732 2396 922 2428 annectitur
945 2395 1088 2433 finitior,
1127 2403 1189 2436 qua
1225 2394 1315 2436 prior
1346 2403 1405 2426 ex-

121 2455 282 2497 plicetur,
322 2465 429 2495 nempe
452 2451 614 2497 particula
647 2450 785 2485 omissa.
813 2450 847 2483 C.
875 2450 929 2483 51.
950 2450 978 2482 7.
1029 2449 1086 2489 29,
1112 2449 1142 2482 3.
1195 2449 1249 2488 52,
1276 2448 1329 2481 13.
1379 2448 1402 2481 Ι.

120 2509 178 2548 25,
203 2509 258 2542 10.

36 2577 175 2609 Geuerali
198 2577 360 2608 sententiae
383 2577 559 2609 subiicitur
583 2575 759 2618 explic-atio
784 2583 842 2615 per
866 2578 994 2616 parte-s.
1030 2572 1065 2603 C.
1087 2572 1140 2606 13.
1159 2572 1189 2603 3.
1239 2571 1262 2603 Ι.
1290 2571 1344 2606 38,
1371 2571 1402 2603 3.

124 2630 178 2667 67,
198 2630 228 2663 1.

1085 2695 1104 2725 3
1122 2696 1133 2706 .
