1630 3034
426 184 781 229 IUGURTHA.
842 183 969 227 CAP.
1001 183 1106 228 cm.
1373 189 1459 229 559

75 303 213 364 gnita,
250 310 294 348 et
328 303 509 363 ingenia
544 302 825 348 validissuma
861 307 999 346 erant.
1036 302 1126 346 Eos
1157 303 1216 346 ad
1246 301 1492 361 Marium,3

59 415 126 443 -ac
171 399 358 456 deinde,
404 400 439 443 si
494 401 692 460 placeat,
738 399 933 442 Romam
986 398 1162 459 legatos
1209 400 1274 444 i1e
1310 401 1457 452 iubet;

71 497 349 558 agendarum
377 512 526 541 rerum
559 503 602 541 et
633 510 918 554 quocumque
954 495 1092 540 modo
1129 497 1236 541 belli
1265 512 1456 558 compo-

68 657 220 692 orationi
244 661 381 700 rectae,
406 669 514 702 quam
538 656 716 702 scriptoris
740 656 906 690 tusseium
931 657 1152 701 moderatur,
1177 658 1300 694 inferri
1323 660 1455 702 soler03

69 723 133 753 aut
153 718 216 762 ita,
242 723 282 754 ut
305 732 369 764 per
391 720 596 764 scriptorem
620 718 736 762 ipsum
761 717 796 751 id
818 718 896 751 fieri
914 723 1083 762 appareat
1105 719 1333 765 (mittelbar),
1358 721 1458 756 cuius

69 779 121 813 rei
148 779 315 814 indicium
346 786 397 815 est
429 782 663 814 coniunctivus
698 784 733 815 et
763 780 960 823 reflexivum
983 790 1194 823 pronomen,
1227 784 1288 814 aut
1311 781 1381 823 ita,
1405 784 1456 824 ut,

69 841 262 876 obscuratis
294 841 476 886 scriptoris
506 840 665 884 partibus
695 845 730 875 et
761 842 863 885 plane
893 840 1078 885 neglectis,
1108 839 1228 881 is,vde
1250 852 1319 885 quo
1341 853 1457 876 sermo

68 905 140 944 est,
163 904 236 947 ipse
256 914 320 947 per
343 914 380 937 se
403 902 681 947 (uumittelbar)
705 902 863 947 cogitans
887 912 927 934 eo
953 901 1057 935 modo
1079 900 1283 944 inducatur,
1308 903 1368 946 qui
1389 903 1457 938 soli

66 967 182 998 rectae
205 963 356 998 orationi
389 962 570 1003 convenit,
602 963 670 997 nisi
704 964 795 1007 quod
826 962 1000 1007 personali
1032 962 1228 1006 pronomini
1251 964 1458 998 reflexivum

65 1025 298 1060 substituitur.
348 1024 483 1069 Quodsi
506 1023 692 1057 statuimus
715 1023 897 1058 Bocchum
920 1023 1036 1067 ipsum
1061 1023 1111 1056 sic
1136 1023 1311 1059 dicturum
1334 1025 1456 1060 fuisse:

68 1085 187 1129 „quia
213 1085 434 1130 reputabam,
459 1096 548 1128 quae
571 1084 658 1117 mihi
682 1084 819 1117 duobus
843 1083 987 1128 proeliis
1009 1089 1197 1127 venerant,
1221 1085 1374 1130 quinque
1397 1087 1457 1121 de-

65 1145 186 1190 legi‚⁴‘
209 1146 300 1180 hauc
324 1146 437 1191 ipsam
461 1146 711 1192 cogitationem
746 1145 929 1179 traducens
950 1144 987 1178 in
1010 1145 1247 1180 narrationem
1270 1147 1459 1183 Sallustius

67 1205 155 1241 dixit
177 1219 266 1252 quae
289 1208 382 1242 sibi
402 1228 448 1234 —
472 1211 720 1250 venerant,
744 1217 811 1239 non
836 1218 868 1251 q.
892 1217 918 1240 s.
944 1206 1126 1247 venissent,
1150 1217 1261 1252 neque
1284 1221 1315 1254 q.
1341 1210 1384 1243 ei
1410 1229 1456 1235 —-

67 1273 245 1302 venerant.
269 1268 314 1304 cf.
339 1280 446 1313 supra
470 1280 500 1303 c.
525 1269 614 1309 LXI,
639 1267 673 1304 1.
723 1268 764 1300 In
787 1267 841 1301 his
864 1267 1023 1308 urbibus,
1060 1279 1150 1312 quae
1183 1270 1231 1303 ad
1255 1282 1299 1304 se
1324 1271 1455 1314 dese-

67 1334 246 1369 cerant,
268 1330 448 1373 praesidia
477 1329 643 1373 imponit3
678 1339 760 1362 nam
784 1328 814 1362 si
837 1328 999 1362 Metellus
1023 1328 1106 1372 ipse,
1130 1340 1198 1363 nou
1223 1342 1265 1364 ex
1288 1331 1457 1375 scriptore

65 1390 228 1433 pendeus,
250 1391 462 1434 loqueretur,
485 1389 647 1423 dixisset:
674 1388 832 1430 urbibus,
856 1399 946 1431 quae
970 1389 1014 1423 ad
1038 1400 1092 1423 me
1113 1389 1326 1435 defecerant,
1340 1403 1456 1436 praes-

65 1450 228 1494 imposui.
265 1463 295 1485 c.
327 1451 456 1492 LXVI,
491 1450 525 1484 1.
588 1451 764 1495 Iugurtha
796 1443 961 1492 civitatis,
998 1461 1089 1494 quae
1113 1450 1158 1483 ab
1189 1461 1234 1484 se
1264 1450 1457 1492 defece-

64 1516 194 1554 rant,
221 1513 412 1556 formidine
436 1529 480 1537 —
506 1512 683 1556 affectare.
719 1511 792 1545 Cic.
818 1512 861 1545 de
884 1512 956 1546 luV.
981 1511 1020 1553 1,
1043 1510 1113 1547 33.
1134 1509 1193 1545 55.
1241 1510 1457 1554 Epaminon-

65 1572 131 1606 das
154 1573 206 1614 ei,
243 1573 302 1617 qui
333 1572 422 1606 sibi
457 1584 498 1606 ex
530 1573 611 1617 lege
640 1577 783 1616 praetor
814 1578 1139 1615 successerat,
1169 1572 1355 1606 exercitum
1388 1582 1458 1604 ποη

65 1634 219 1668 tradidit
228 1646 242 1674 ,-
273 1633 346 1677 ipse
376 1632 639 1677 Epaminondas
671 1634 760 1667 haec
788 1633 941 1669 referens
965 1634 1116 1669 diceret:
1140 1633 1194 1674 ei,
1218 1631 1279 1675 qui
1301 1630 1388 1664 mihi
1410 1649 1457 1655 —

0 1685 5 1688 ”
65 1699 294 1736 successerat,
330 1705 383 1728 ex.
419 1705 486 1728 non
511 1693 650 1729 tradidi.
684 1694 747 1728 Id.-
769 1694 859 1738 Epp.
888 1695 932 1729 ad
963 1696 1068 1730 Attio.
1099 1696 1145 1739 ΙΙ,
1169 1694 1204 1728 7.
1253 1693 1370 1727 Cicero
1393 1691 1459 1726 tibi

64 1755 235 1797 mandat,
260 1759 300 1789 ut
325 1756 542 1790 Aristodemo
565 1756 658 1789 idem
683 1755 726 1789 de
749 1766 785 1789 se
809 1756 1028 1800 respondeas,
1061 1757 1152 1801 quod
1176 1755 1219 1789 de
1236 1756 1354 1797 fratre
1377 1764 1458 1786 suo

65 1817 192 1850 sororis
224 1820 308 1850 tuae
331 1817 411 1861 filio
444 1816 745 1862 respondisti.
781 1816 833 1850 Id.
862 1828 897 1860 p.
921 1818 1027 1851 Rosc.
1054 1818 1133 1851 Am.
1160 1828 1190 1850 c.
1215 1814 1248 1856 2,
1270 1814 1305 1848 6.
1355 1813 1458 1846 Hunc

65 1877 132 1910 sibi
166 1888 207 1911 ex
243 1878 361 1911 animo
393 1879 610 1922 scrupulum,
652 1877 712 1921 qui
752 1888 800 1912 se
842 1878 916 1911 dies
947 1883 1129 1923 noctesque
1159 1875 1376 1911 stimulat
1409 1885 1458 1907 ac

63 1939 260 1984 pungit,
296 1942 336 1973 ut
372 1939 528 1972 evellatis
557 1939 732 1982 postulat,
765 1937 827 1971 ubi
850 1938 943 1982 Aug.
966 1938 1140 1972 Matthias
1163 1933 1383 1980 comparavit
1405 1945 1458 1969 or.

64 1999 100 2033 in
135 2000 233 2034 ἵει-ι’.
268 1999 310 2041 V,
342 1999 399 2041 49,
433 1998 513 2033 129.
547 2003 582 2033 et
605 1999 648 2031 de
671 1998 755 2033 niv.
782 1999 807 2042 1,
832 1997 891 2039 54,
915 1998 996 2033 122.
1043 1999 1099 2033 Ita
1128 1997 1375 2042 intelligendus
1406 2000 1458 2030 est

65 2059 173 2094 etiam
198 2060 293 2094 iocus
316 2059 462 2104 Nepotis
485 2059 574 2093 Cim.
599 2070 629 2092 c.
654 2059 724 2101 111,
748 2059 782 2094 1.
820 2055 823 2057 ’
843 2060 962 2094 Cimon
986 2060 1108 2094 incidit
1131 2060 1167 2093 in
1195 2060 1342 2093 eandem
1366 2058 1457 2092 invi-

66 2121 179 2162 diam,
212 2132 316 2165 quam
338 2125 445 2165 pater
477 2130 601 2161 suus,
630 2131 679 2154 sc.
710 2119 841 2154 incidit.
865 2119 910 2154 cf.
936 2120 1165 2155 Ramshornii
1191 2120 1351 2156 Gramm.
1377 2119 1455 2153 Lat.

3 2221 7 2225 ⁴
46 2184 99 2224 ’5.
123 2180 204 2218 158.
228 2181 263 2225 5,
288 2194 319 2216 c.
344 2185 416 2215 not.
440 2181 472 2214 2.
498 2193 531 2225 p.
557 2179 637 2215 348.
662 2181 716 2216 ed.
740 2182 768 2216 l.
785 2203 829 2208 —-
855 2182 954 2223 Aliis,
979 2182 1072 2226 quod
1096 2181 1130 2215 in
1156 2181 1276 2215 Gueif.
1300 2180 1334 2214 6.
1359 2190 1457 2213 com·
1516 2214 1523 2222 ι

65 2246 241 2276 mutatum
273 2246 326 2277 est
361 2253 442 2276 cum
477 2242 566 2282 illis,
603 2241 639 2276 in
663 2243 810 2288 Berger.
843 2253 928 2275 vero
958 2245 992 2276 et
1017 2240 1121 2275 Misn.
1155 2241 1269 2284 deest,
1293 2251 1314 2275 a
1337 2240 1457 2275 Gortio

65 2301 226 2337 eiectum.
274 2303 344 2337 Sed
368 2303 448 2337 aliis
471 2302 605 2337 addidit
627 2307 761 2343 auctor,
786 2307 823 2337 ut
848 2304 917 2337 duo
941 2302 1135 2336 amicorum
1159 2313 1290 2347 genera
1312 2300 1455 2336 accu‘ra-

65 2362 136 2397 tius
162 2363 383 2408 discerneret,
408 2363 595 2408 respiciens
620 2363 664 2396 ad
689 2375 718 2397 c.
745 2364 817 2406 cll,
841 2362 967 2398 15.'—
1001 2363 1218 2404 Necessarie,
1241 2373 1455 2407 quamquam

67 2423 175 2458 etiam
198 2424 360 2458 dicuntur
383 2425 506 2459 affines
526 2429 560 2459 et
584 2424 737 2469 cognati,
761 2428 877 2458 tamen
902 2424 939 2457 h.
966 2424 989 2457 Ι.
1015 2423 1129 2468 potius
1150 2427 1232 2458 sunt
1255 2423 1455 2457 officiorum

68 2493 110 2517 ac
135 2484 359 2528 negotiorum
391 2484 542 2519 vinculis
572 2484 729 2526 astricti3
763 2485 808 2518 cf.
842 2485 1000 2526 Festum,
1027 2485 1184 2519 Gramm.
1210 2485 1289 2519 Lat.
1312 2484 1387 2518 voi.
1410 2484 1455 2517 ΙΙ.

67 2555 101 2588 p.
135 2544 214 2580 176.
246 2545 300 2579 ed.
335 2544 513 2588 Lindem.‚
543 2545 603 2589 qui
636 2545 742 2579 Gallo
775 2545 876 2580 Aelio
900 2550 1043 2580 aut-tore
1065 2571 1088 2590 ,‚
1100 2546 1305 2590 necessarii,
1330 2545 1454 2589 inquit,

59 2607 164 2647 sunt,
206 2605 243 2639 iu
277 2617 364 2649 quos
391 2606 587 2641 necessaria
627 2606 746 2640 officia
780 2607 1004 2641 conferuntur
1037 2611 1174 2650 praeter
1207 2608 1385 2641 ceteros.“
1419 2616 1451 2637 v.

69 2664 270 2700 Daehninm
303 2667 348 2700 ad
378 2667 463 2711 Nep.
500 2668 606 2701 Paus.
640 2679 669 2701 c.
702 2668 746 2709 11,
782 2668 816 2702 3.
851 2674 884 2702 et
917 2667 1059 2701 Webcri
1085 2667 1236 2703 Exercit.
1260 2667 1351 2712 styli
1375 2666 1453 2699 Lat.

70 2722 118 2757 T.
142 2725 168 2759 1.
193 2737 227 2770 p.
253 2726 333 2761 124.
357 2747 401 2752 —
426 2728 480 2761 De
505 2729 633 2773 derigit
653 2729 764 2762 verbo
788 2739 824 2764 v,
851 2728 894 2762 ad
920 2728 1011 2762 Catii
1048 2740 1079 2762 c.
1105 2729 1163 2771 VI,
1188 2728 1222 2762 6.
1248 2731 1282 2761 et
1305 2727 1347 2761 ad
1373 2726 1452 2769 lug.

69 2783 195 2827 xxm,
217 2785 251 2819 2.
275 2798 310 2830 p.
336 2786 414 2822 141.
440 2788 561 2830 xcm,
584 2788 618 2824 8.
643 2808 687 2815 -
721 2789 871 2835 Ingenia
899 2789 1207 2823 validissuma
1238 2791 1317 2821 sunt
1349 2786 1454 2818 intre-
