1630 3034
335 205 677 251 CATILINA.
739 205 875 247 GAP.
903 203 1094 246 XXXIV.
1122 203 1294 245 XXXV.
1386 207 1493 246 ›159

116 327 339 381 recitavit,
380 339 490 382 quas
523 323 608 367 sibi
650 322 829 366 nomine
864 320 1079 366 Catilinae
1123 319 1320 364 redditas
1366 318 1493 363 ‹lice—

116 418 216 469 bat3
251 431 403 460 earum
438 413 695 472 exemplum
729 412 844 456 infra
877 413 1092 470 scriptum
1127 417 1205 457 est.

252 503 438 551 XXXV.
506 505 561 550 L.
597 504 788 550 Catilina
841 502 900 558 Q.
945 500 1123 548 Catulo.
1168 501 1371 562 Egregia
1419 507 1496 546 tua

118 648 198 683 Car.
221 647 348 682 Beiero
372 649 416 682 ad
442 648 513 683 Cic.
540 649 611 683 Off.
636 649 667 691 Ι,
694 646 752 688 26,
781 645 839 680 91.
878 648 912 680 et
942 645 988 688 ΙΙ,
1013 645 1071 686 21,
1095 644 1154 679 73.
1190 644 1357 679 Codicum
1391 655 1496 688 quam

118 706 248 750 exigua
269 705 306 738 iu
329 705 397 739 ista
418 718 456 740 re
478 707 564 741 fides
599 706 643 740 sit
675 703 884 749 perspicitur
905 715 947 737 ex
978 704 1087 737 variis
1119 705 1211 737 lectt.
1243 714 1299 746 ap.
1325 703 1419 736 Gerl.
1453 704 1497 736 ad

117 764 196 808 lug.
217 763 309 804 vul,
329 762 363 795 2.
422 764 514 796 Usus
546 758 738 806 particulae
769 771 837 804 quo
869 760 983 805 magis
1017 764 1134 803 pateat
1173 761 1218 794 cf.
1252 761 1325 794 Cat.
1356 761 1412 801 LI,
1440 759 1497 795 43.

116 820 268 858 Biston:
295 819 357 852 Fr.
373 819 401 861 1,
420 818 477 860 15,
502 821 535 861 §.
554 819 589 853 4.
612 820 689 864 lug.
710 818 756 860 X,
776 818 809 851 3.
836 818 907 860 cn,
926 817 960 853 5.
989 817 1064 851 Liv.
1095 817 1224 859 XXIX,
1251 817 1284 860 2,
1302 817 1358 850 13.
1383 817 1496 850 Tacit.

118 878 256 916 Ann.1,
275 876 332 917 42,
348 876 423 910 init.
447 877 476 917 l,
495 876 551 917 44,
576 876 624 909 in.
664 876 831 911 Huschke
855 876 899 909 ad
922 875 1056 908 Tibull.
1081 875 1108 916 Ι,
1134 875 1167 915 2,
1196 873 1253 907 36.
1286 879 1320 907 et
1343 875 1498 917 Herzog.

121 934 167 968 ad
192 935 291 968 Caes.
315 934 358 967 Β.
385 934 429 967 G.
451 933 527 975 Vll,
553 932 611 967 47.
629 952 675 958 ——
716 935 748 975 §.
780 932 813 965 3.
851 932 891 974 Q.
918 932 1080 973 Catulus,
1111 931 1167 964 vir
1201 942 1352 975 magnae
1381 931 1499 975 digni-

120 991 203 1024 tatis
223 994 326 1034 atque
346 990 577 1032 auctoritatis,
601 1001 633 1024 a.
659 1001 693 1023 u.
718 988 799 1023 676.
821 999 901 1022 cum
925 989 976 1023 M.
996 988 1128 1032 Lepido
1152 988 1253 1021 Cous.
1301 989 1367 1022 Cui
1391 1000 1502 1032 quan-

121 1052 196 1082 tum
220 1049 341 1082 Cicero
364 1046 527 1081 tribuerit
549 1051 643 1090 patet
665 1057 707 1079 ex
730 1049 818 1079 orat.
841 1058 874 1089 p.
902 1046 924 1081 l.
949 1047 1047 1079 Man.
1073 1046 1130 1086 20,
1157 1044 1214 1081 59.
1237 1045 1274 1078 in
1297 1046 1367 1079 Pis.
1395 1047 1429 1089 3,
1464 1046 1498 1080 6.

122 1106 210 1138 Veu.
237 1106 281 1148 11,
303 1105 362 1139 32.
395 1109 429 1138 et
451 1104 508 1139 49.
542 1105 589 1138 cf.
620 1104 756 1138 Ernesti
788 1104 884 1136 Clav.
921 1107 955 1136 et
978 1104 1057 1137 Car.
1081 1103 1196 1137 Beier.
1231 1103 1276 1136 ad
1300 1103 1368 1137 Off.
1391 1104 1417 1144 Ι,
1441 1104 1500 1144 22,

120 1162 179 1196 76.
203 1182 249 1187 --
295 1163 336 1197 In
364 1162 434 1196 fine
469 1160 592 1204 capitis
633 1166 683 1195 cst
722 1159 950 1202 retraximus,
983 1170 1005 1194 a
1029 1160 1148 1194 Cortio
1181 1160 1278 1194 inani
1306 1160 1504 1204 suspicione

122 1219 282 1254 eiectum.

215 1276 361 1310 XXXV.
409 1279 441 1319 §.
476 1276 511 1309 1.
561 1276 601 1317 Q.
640 1274 784 1319 Catulo]
825 1274 941 1319 Vulgo
984 1273 1124 1308 additur
1157 1275 1192 1308 S.
1227 1274 1251 1308 i.
1284 1285 1315 1308 e.
1343 1275 1504 1316 salutem,

124 1333 184 1367 sed
206 1333 311 1366 huius
333 1334 430 1367 vocis
453 1333 591 1377 signum
615 1333 717 1376 plane
741 1333 840 1365 abest
863 1332 908 1364 ab
937 1331 1096 1364 omnibus
1119 1332 1239 1365 Leidd.
1263 1333 1346 1366 Bas.
1362 1334 1395 1366 1.
1421 1333 1503 1366 Sen.

123 1392 193 1425 1nc.
220 1390 255 1425 2.
291 1390 407 1423 Guelf.
435 1390 470 1425 3.
495 1390 529 1423 4.
557 1389 613 1423 12.
653 1390 755 1422 Rem.
788 1390 820 1422 1.
850 1388 883 1424 2.
916 1393 950 1421 et
983 1388 1096 1421 Palat.
1124 1388 1160 1421 9.
1186 1388 1242 1421 10.
1299 1391 1413 1426 Ceteri
1445 1390 1504 1423 vel

124 1449 272 1481 salutem
295 1447 355 1479 vel
375 1447 410 1479 S.
436 1445 637 1480 adiunctum
660 1446 808 1487 habent,
832 1448 971 1489 praeter
1003 1445 1081 1478 Erl.
1105 1445 1195 1489 Teg.
1227 1446 1314 1480 Tur.
1340 1447 1373 1482 1.
1398 1447 1432 1482 2.
1470 1450 1505 1481 et

124 1503 328 1538 vetustiores
351 1503 481 1537 Palatt.
512 1503 548 1536 in
572 1503 698 1546 quibus
729 1507 780 1538 est
805 1505 839 1537 S.
869 1504 909 1545 Q.
934 1503 1080 1542 Catulo3
1112 1502 1149 1534 in
1173 1502 1284 1538 Vatic.
1302 1504 1344 1538 A.
1386 1507 1506 1538 autem

123 1561 255 1606 legitur
268 1561 425 1594 salutem
448 1561 531 1593 dicit
568 1561 608 1602 Q.
636 1560 776 1602 Catulo,
808 1571 850 1593 ex
881 1570 950 1603 qua
983 1558 1182 1593 diversitate
1214 1564 1309 1594 recte
1339 1561 1508 1595 coniicias

125 1625 205 1654 eam
236 1629 359 1652 vocem
391 1618 449 1651 vel
491 1617 645 1651 litteram
681 1617 864 1651 insititiam
902 1628 988 1652 esse.
1035 1617 1123 1650 Cum
1165 1617 1357 1652 Gerlachio
1396 1619 1509 1663 igitur

126 1675 331 1711 delevimus.
351 1694 398 1700 —
428 1675 624 1708 Verborum
645 1675 864 1719 sequentium
886 1675 1034 1719 vulgata
1056 1674 1247 1717 scriptura,
1270 1686 1376 1718 quam
1399 1676 1508 1709 etiam

126 1733 228 1767 codd.
252 1732 407 1776 plerique
430 1736 565 1773 tenent,
589 1736 660 1766 est:
684 1738 793 1778 grata
815 1732 902 1766 mihi
925 1732 1064 1776 magnis
1095 1733 1131 1764 in
1154 1734 1238 1765 meis
1257 1733 1379 1775 peric„
1402 1743 1509 1775 quam

129 1791 299 1824 Gruterus
320 1790 394 1823 iam
415 1790 542 1823 habuit
564 1796 780 1834 suspectam,
812 1790 968 1824 nondum
1002 1793 1118 1822 tamen
1148 1789 1322 1823 medicina
1355 1790 1508 1824 inventa.

128 1847 269 1891 Aliquid
305 1847 505 1881 offensionis
538 1846 575 1880 in
604 1848 719 1881 verbis
762 1859 869 1891 esse,>
895 1850 1072 1880 senserunt
1115 1847 1220 1880 ctiam
1262 1848 1440 1890 Rupertus
1473 1850 1510 1880 et

128 1905 298 1946 DaMius,
330 1905 389 1938 sed
422 1904 537 1948 inepta
558 1904 777 1939 excusatione
809 1909 973 1946 utuntur,
1006 1904 1174 1947 quoniam
1198 1904 1369 1938 Catilinae
1399 1904 1512 1948 ipsius

129 1964 239 1997 verba
260 1963 476 2004 habeantur,
500 1962 677 2007 exagitato
700 1962 773 1996 eius
804 1963 921 1996 animo
954 1961 1175 1995 tribuendum
1208 1973 1305 2003 esse,
1338 1961 1368 1994 si
1391 1961 1512 1994 verbis

131 2021 246 2055 minus
275 2020 463 2063 perspicuis
492 2025 628 2061 utatur3
672 2029 741 2062 quo
771 2018 900 2052 iudicio
939 2018 1031 2052 nihil
1063 2019 1239 2053 infelicius
1268 2022 1302 2051 et
1335 2017 1514 2061 indignius

132 2077 319 2120 Sallustio,
362 2081 436 2110 tam
474 2077 585 2120 polito
624 2080 659 2109 et
697 2075 851 2119 eleganti
890 2075 1076 2118 scriptore,
1127 2075 1322 2120 excogitari
1362 2078 1511 2118 poterat.

132 2136 249 2178 Quam
295 2133 490 2177 recepimus
536 2132 747 2175 scripturam
796 2131 952 2166 maxima
992 2137 1091 2175 parte
1134 2133 1245 2166 Cortii
1293 2131 1513 2164 coniecturae

133 2192 297 2234 debetur,
330 2200 353 2224 a
374 2189 475 2223 nobis
497 2193 614 2222 tamen
644 2187 866 2233 gravioribus
899 2189 1114 2233 argumentis
1143 2190 1313 2222 firmatae.
1360 2188 1514 2232 Vulgata

134 2249 289 2293 primum
311 2259 353 2282 eo
376 2246 553 2291 displicet,
579 2246 671 2289 quod
684 2245 778 2288 fides
801 2245 869 2278 tria
891 2246 1090 2288 praedicata
1112 2247 1238 2287 habet,
1274 2247 1442 2291 egregia,
1474 2255 1514 2278 rc

137 2307 301 2350 cognita,
333 2309 444 2349 grata
473 2304 579 2344 mihi,
614 2303 750 2345 fiducia
782 2313 866 2335 vero
897 2303 1000 2345 plane
1033 2304 1124 2337 nude
1155 2303 1307 2347 positum
1339 2308 1412 2344 est,
1445 2313 1515 2346 quo

137 2361 250 2396 omnis
292 2359 459 2394 orationis
498 2355 709 2393 concinnitas
747 2358 899 2399 tollitur3
942 2362 1018 2392 tum
1051 2360 1089 2392 in
1127 2360 1294 2402 offendit,
1342 2359 1515 2394 adiectivo

138 2417 390 2463 postpositum,
421 2427 490 2450 non
521 2416 736 2449 substantivo
771 2417 830 2449 sed
862 2415 1066 2459 pronomine
1089 2417 1338 2461 subsequente3
1369 2417 1517 2460 denique

137 2475 248 2510 verba
269 2479 379 2519 grata
412 2474 518 2515 mihi,
551 2484 632 2506 cum
663 2473 875 2518 praegressis
909 2474 1054 2515 collata,
1087 2473 1219 2507 mirum
1242 2479 1411 2518 quantum
1440 2476 1517 2508 lan-

139 2537 258 2578 guent.
304 2532 439 2576 Quibus
470 2530 698 2564 incommodis
731 2531 890 2564 omnibus
929 2531 1085 2565 medetur
1113 2531 1286 2575 scriptura
1316 2531 1353 2564 in
1382 2535 1517 2564 textum

139 2593 301 2634 recepta,
341 2589 431 2622 unde
470 2587 574 2622 simul
608 2588 869 2632 depravationis
902 2587 1003 2633 origo
1043 2588 1270 2633 intelligitur3
1309 2587 1395 2620 mihi
1426 2586 1519 2620 enim

141 2651 258 2682 ortum
280 2650 332 2680 est
355 2657 397 2679 ex
418 2650 528 2691 grata
549 2646 608 2679 mi
616 2657 651 2679 π.
682 2646 735 2679 Eo
759 2646 903 2686 factum,
926 2650 965 2679 ut
988 2645 1036 2687 in,
1059 2646 1151 2690 quod
1170 2645 1284 2679 adhuc
1305 2646 1342 2678 in
1362 2643 1520 2678 Guelf.6.

143 2705 257 2748 deest,
278 2705 520 2747 obscuratum,
544 2703 589 2739 ab
611 2703 712 2746 aliis,
735 2703 795 2747 qui
817 2703 1050 2739 necessarium
1080 2703 1263 2747 ducerent,
1295 2701 1410 2737 alieno
1444 2702 1521 2735 loco
