1630 3034
461 173 816 217 IUGURTHA.
875 172 996 216 CAP.
1027 173 1178 216 Lxlll.
1408 177 1494 217 339

112 292 282 337 avidus.
350 288 446 334 Sed
487 290 523 334 is
569 296 694 334 natus
734 295 778 333 et
819 303 997 333 omnem
1043 289 1278 349 pueritiam
1325 288 1523 349 Arpini3

109 390 246 442 altus,
283 386 359 431 ubi
390 387 583 447 primum
615 393 736 430 aetas
768 387 947 430 militiae
974 387 1147 445 patiens
1180 386 1285 443 fuit,
1323 386 1491 446 stipen-

109 487 191 531 diis
239 484 475 540 faciundis,
528 498 618 527 non
664 483 842 527 Graeca
885 483 1095 526 facundia
1133 476 1280 541 neque
1315 484 1490 528 urbanis

109 583 331 628 munditiis
377 595 473 624 sese
519 581 738 632 exercuit3
783 581 844 622 ita
887 580 999 622 inter
1042 580 1146 623 artis
1195 579 1333 623 bonas
1377 580 1491 624 inte-

201 707 233 747 §.
256 703 290 737 3.
342 702 413 735 Sed
435 701 466 734 is
489 701 615 745 natus]
643 700 744 744 Quod
769 700 873 743 Bipp.
898 711 940 733 ex
964 699 1043 733 Aldi
1068 699 1143 732 cod.
1169 699 1399 743 scripserunt:
1433 703 1494 735 sed

109 766 155 800 1ιί
164 777 179 799 8
200 770 356 805 natus,
380 773 571 806 pronomen
595 766 716 794 neutro
744 771 872 805 genere
902 761 1091 794 referentes
1116 761 1158 794 ad
1185 772 1389 805 praegressa
1413 762 1492 795 sul)-

106 825 276 864 stantiva‚
301 826 335 857 et
359 822 568 866 explicantes
597 822 668 855 his
693 821 969 858 virtutibus.
995 821 1073 854 hoc
1098 821 1245 855 animo
1269 827 1382 864 uatus,
1409 834 1493 866 quo-

106 887 161 920 vis
185 885 324 919 nomine
347 884 535 928 pessimum
561 887 622 917 est.
673 883 884 926 Repugnant
907 882 1000 914 enim
1024 881 1119 921 libri,
1151 887 1323 926 repugnat
1345 889 1493 917 structu-

107 958 168 990 ra,
200 948 373 991 repugnat
407 944 482 988 ipse
519 955 659 984 sensns,
690 954 801 986 paene
833 943 1015 976 absurdus.
1066 942 1170 975 Haud
1201 942 1328 975 melior
1360 943 1494 977 Telleri

106 1013 158 1042 est
179 1008 294 1048 ratio,
319 1006 378 1049 qui
412 1017 446 1049 p.
469 1005 551 1040 221.
585 1005 614 1037 is
639 1015 700 1047 pro
734 1004 853 1037 dativo
875 1003 1005 1048 plurali
1029 1003 1136 1036 habet
1169 1006 1202 1036 et
1227 1003 1493 1047 interpretatur:

107 1069 162 1103 ad
188 1066 416 1102 eiusmodi
447 1066 654 1099 virtutes
687 1067 1038 1108 comparandas
1062 1069 1190 1105 natus,
1215 1075 1304 1107 qnae
1327 1066 1494 1100 sententia

106 1133 141 1163 ct
163 1140 224 1172 per
247 1140 284 1161 se
307 1130 359 1160 est
382 1125 556 1167 mirifica,
591 1136 702 1168 neque
736 1136 815 1158 cum
848 1125 963 1159 verbis
995 1131 1028 1160 et
1053 1137 1183 1159 omnem
1215 1127 1403 1169 pueritiam
1430 1129 1494 1160 Ar-

105 1190 183 1235 pu‘m’
206 1190 298 1222 altus
321 1187 499 1220 conciliari
523 1191 646 1229 potest.
696 1186 773 1220 Non
807 1185 878 1220 alio
913 1187 1004 1219 euim
1029 1185 1172 1219 consilio
1197 1185 1384 1221 Sallustius
1406 1188 1494 1222 haec

107 1253 384 1290 commemorat,
416 1248 482 1280 nisi
516 1252 553 1281 ut
577 1248 697 1280 doceat
722 1247 871 1279 Marium
896 1247 1081 1291 pueritiam
1107 1244 1336 1283 ἀπαίδευτον
1361 1253 1494 1282 transe-

106 1312 223 1356 gisse,
258 1309 388 1353 quippe
418 1307 552 1352 Arpino
586 1319 652 1341 non
686 1307 936 1350 discedentem,
970 1308 1029 1341 uhi
1060 1308 1238 1342 erudiendi
1270 1310 1368 1343 nulla
1391 1310 1496 1354 copia

106 1377 205 1406 esset.
252 1372 291 1404 ln
314 1372 475 1413 promptu
508 1372 561 1402 est
593 1373 710 1402 autem
745 1369 810 1401 hos
844 1369 912 1401 ΠΖ
948 1370 1020 1402 DI).
1054 1380 1188 1402 errores
1219 1371 1394 1414 profectos
1420 1382 1496 1404 esse

107 1434 152 1467 ab
175 1431 397 1477 ignoratione
420 1441 501 1464 usus
524 1430 555 1463 is
585 1430 818 1473 pronominis,
852 1430 943 1472 quod
975 1430 1091 1464 Latini
1116 1433 1243 1474 ponere
1266 1431 1401 1470 solent,
1434 1431 1495 1465 nbi

106 1493 303 1528 subiectum
336 1491 478 1533 aliquod
514 1490 548 1523 in
573 1491 780 1534 antegressis
813 1491 883 1523 iam
917 1491 1154 1534 significatum
1180 1503 1259 1524 cum
1285 1491 1317 1524 vi
1343 1491 1496 1525 eminere

106 1555 142 1585 et
167 1551 266 1594 quasi
290 1556 441 1585 mentem
467 1551 636 1585 audientis
665 1552 721 1584 vel
753 1551 902 1596 legentis
933 1551 1040 1585 ferire
1072 1551 1220 1592 volunt3
1254 1552 1299 1585 ef.
1325 1552 1393 1586 hoc
1417 1553 1496 1596 ipso

106 1609 222 1653 capite
254 1613 284 1652 §.
315 1611 339 1643 6
363 1617 397 1646 et
419 1612 454 1648 7.
479 1612 562 1653 XV,
586 1611 619 1645 5.
644 1613 779 1652 XLIII,
804 1612 837 1645 2.
870 1611 1000 1653 inv,
1024 1613 1058 1646 4.
1093 1612 1266 1654 LXXXV,
1290 1613 1346 1647 11.
1371 1614 1496 1656 quibus

88 1660 194 1704 'adde
216 1681 308 1713 quae
331 1671 374 1704 de
397 1673 519 1705 eadem
544 1684 583 1705 re
609 1673 678 1706 iam
703 1673 746 1705 ad
771 1673 875 1706 catu.
902 1670 1027 1713 xmx,
1051 1672 1084 1706 3.
1111 1677 1145 1706 et
1172 1673 1215 1706 ad
1242 1673 1297 1716 m,
1323 1672 1378 1707 33.
1405 1673 1494 1707 ‹fixi-

104 1741 194 1765 muS.
237 1731 309 1764 Nec
340 1737 375 1766 te
405 1733 595 1777 poenitebit
625 1733 837 1767 consuluisse
870 1744 960 1777 quae
983 1734 1025 1766 de
1049 1733 1084 1766 vi
1117 1738 1152 1766 et
1178 1745 1243 1767 usu
1266 1735 1295 1768 is
1318 1735 1495 1778 pronomi-

104 1792 159 1825 nis
193 1792 383 1836 disputavit
406 1794 540 1838 Grysar
560 1794 596 1828 in
619 1795 692 1828 Art.
717 1795 840 1828 Latine
863 1794 1036 1828 scribendi
1073 1806 1107 1838 p.
1130 1793 1176 1827 42
1201 1806 1275 1838 sqq.
1301 1815 1347 1820 —-
1372 1796 1495 1830 Verbis

106 1864 238 1886 omnem
261 1855 450 1897 pueritiam
475 1855 608 1898 aliquot
631 1855 731 1888 codd.
757 1856 850 1889 male
870 1867 935 1899 per
956 1856 1097 1899 addunt,
1122 1856 1213 1898 quod
1241 1855 1408 1889 Weissius
1432 1868 1494 1889 no-

103 1913 247 1948 vissime
269 1915 414 1959 recepit.
441 1934 486 1941 —
510 1917 611 1950 Altus
634 1919 668 1949 et
690 1916 795 1960 longe
820 1915 964 1958 plurimi
988 1915 1070 1949 libri
1095 1919 1247 1957 tuentur,
1271 1919 1306 1949 et
1329 1916 1495 1950 Priscian.

104 1974 151 2014 X,
176 1974 212 2013 6,
237 1973 296 2010 36.
322 1986 356 2018 p.
379 1976 459 2009 499.
495 1976 548 2009 ed.
582 1975 659 2016 Κικ,
691 1985 904 2019 quamquam
940 1975 970 2009 is
1005 1976 1195 2009 memoriae
1220 1977 1318 2018 lapsu
1343 1981 1495 2010 aetatem

105 2043 170 2076 pro
201 2035 392 2077 pueritiam
434 2035 554 2068 refert.
602 2036 752 2069 Relicua
793 2036 890 2069 codd.
932 2047 1012 2079 pars
1048 2037 1153 2069 alitus
1187 2036 1374 2078 praebent,
1407 2045 1497 2080 quae

106 2093 222 2126 forma
245 2094 360 2127 minus
383 2094 511 2128 usitata
539 2099 601 2128 est.
651 2097 775 2139 Arpini
804 2102 921 2129 antem
948 2107 1160 2139 quamquam
1187 2096 1221 2128 in
1256 2101 1421 2140 promptu
1446 2102 1497 2130 est

107 2157 142 2186 et
164 2153 207 2186 ad
231 2158 336 2187 natus
359 2159 394 2188 et
417 2155 459 2188 ad
485 2156 577 2189 altus
603 2156 783 2198 pertinere,
809 2156 909 2200 Bipp.
934 2162 1052 2190 tamen
1076 2155 1109 2189 id
1134 2156 1210 2189 fieri
1235 2168 1333 2199 posse
1355 2161 1494 2202 negant.

106 2213 225 2247 Simili
255 2214 360 2248 modo
398 2226 525 2248 nomen
558 2216 601 2249 ad
633 2216 720 2250 duas
752 2217 1009 2250 enunciationes
1047 2216 1217 2260 pertinens
1248 2217 1363 2251 medio
1395 2217 1497 2251 alteri

107 2275 351 2319 interpositum
377 2276 548 2319 reperitur
571 2276 672 2310 0³61.
706 2289 735 2310 c.
760 2278 926 2319 XXXVI,
960 2277 993 2311 5.
1043 2278 1182 2310 Duobus
1212 2278 1328 2311 senati
1351 2278 1496 2312 decretis

107 2347 215 2380 neque
238 2337 394 2380 praemio
419 2337 578 2370 inductus
604 2338 874 2371 coniurationem
905 2341 1144 2383 patefecerat,
1175 2347 1284 2380 neq-ue
1309 2348 1349 2370 ex
1374 2339 1497 2372 castris

109 2397 283 2431 Catilinae
316 2398 557 2442 qaisquam
591 2399 741 2432 onmium
777 2399 993 2433 discesserat.
1019 2417 1061 2423 —
1098 2399 1149 2431 De
1179 2397 1406 2441 oppositionis
1439 2407 1496 2432 ra'-

108 2457 205 2491 tione
231 2459 418 2492 verborum
442 2459 523 2502 stip.
542 2459 741 2501 faciundis,
771 2465 854 2492 non
892 2460 951 2494 Gr.
972 2459 1166 2503 facundia,
1203 2469 1238 2492 V.
1268 2459 1311 2491 ad
1337 2455 1437 2492 Catil.
1463 2469 1495 2491 c.

107 2517 182 2560 Lu,
207 2518 260 2553 15<
280 2524 315 2552 et·
339 2520 384 2553 ad
407 2518 485 2562 lug.
511 2519 639 2559 xxm,
663 2519 718 2552 10.
770 2519 941 2553 Graecam
960 2519 1232 2562 facundiam
1257 2518 1339 2552 dicit
1364 2523 1497 2561 auctor,

108 2587 176 2611 non
200 2579 436 2623 eloquentiam,
462 2583 500 2614 ut
522 2584 661 2614 notaret
675 2581 890 2614 Graecorum
914 2579 1049 2625 ingenii
1068 2579 1257 2619 levitatem,
1288 2578 1360 2621 qni,
1388 2588 1496 2621 quum

109 2643 240 2672 aarum
270 2640 312 2672 ad
347 2640 559 2683 loquentium
594 2639 793 2683 ferrentur,
821 2642 973 2685 facundi
1002 2644 1115 2674 essent
1146 2640 1207 2683 (v.
1241 2644 1361 2672 notata
1394 2639 1438 2671 ad
1464 2651 1497 2672 c.

110 2698 281 2741 Lxxxv,
304 2699 407 2744 215),
431 2701 489 2734 sed
514 2702 558 2734 ob
583 2700 618 2734 id
642 2701 754 2745 ipsum
779 2702 947 2736 Romanis
971 2702 1149 2745 antiquam
1172 2699 1432 2743 simplicit-utem
1455 2708 1497 2732 ac

114 2759 332 2795 severitatem
359 2762 551 2796 colentibus
575 2761 700 2804 invisi;
725 2764 770 2797 cf.
801 2763 873 2798 Liv.
898 2763 988 2804 vlu,
1008 2761 1066 2804 22,
1089 2760 1122 2795 8.
1149 2760 1208 2803 qui
1234 2761 1387 2794 Graecos
1407 2769 1496 2804 gen-

1106 2833 1220 2876 22*
