1630 3034
365 152 735 197 IUGURTHA.
794 151 921 193 CAP.
950 149 1206 193 XXXVIII.
1391 151 1476 191 217

102 273 296 318 saltuosa
330 272 430 315 loca
465 277 510 314 et
543 271 737 313 tramites
768 268 1008 311 exercitum
1041 266 1251 319 ductare3
1288 264 1515 324 denique2

106 370 268 415 Aulum
306 383 386 429 spe
422 367 639 427 pactionis
674 365 885 425 perpulit,
921 365 984 410 uti
1018 363 1175 428 relicto
1212 361 1402 407 Suthule
1436 363 1481 406 in

105 466 280 511 abditas
325 461 536 525 regiones
577 477 675 507 sese
713 462 846 506 veluti
881 460 1115 505 cedentem
1149 460 1481 518 insequeretur3

105 612 176 647 Sed
199 615 354 654 veteres,
377 622 445 645 non
467 611 652 645 observato
675 610 742 642 hoc
766 607 978 650 discrimine,
999 611 1184 652 utrumque
1206 611 1353 651 utroque
1374 607 1483 643 verbo

104 673 320 718 significasse
351 683 432 704 cum
465 671 612 705 ostendit
634 671 808 704 Ciceronis
841 670 1076 704 testimonium
1110 670 1236 704 Tusce.
1267 670 1333 710 lu,
1357 668 1400 710 5,
1426 669 1482 702 10.

106 733 224 767 Animi
246 732 479 775 affectionem,
505 732 631 764 lumine
655 732 775 765 mentis
799 736 988 774 carentem,
1013 731 1197 777 (maiores)
1222 731 1485 764 nominaverunt

105 794 373 834 amentiam,
398 793 671 836 eandemque
701 793 991 833 dementiam,
1018 797 1091 825 tum
1108 796 1201 836 patet
1223 791 1403 834 utriusque
1424 803 1486 824 vo-

105 854 224 888 cabuli
246 853 435 896 exemplis,
471 863 491 886 a
515 853 714 887 Forcelliuo
737 853 773 886 in
796 865 905 886 unum
928 858 1148 896 conspectum
1172 851 1273 885 datis.
1305 853 1350 885 cf.
1375 853 1485 886 Hein—

106 915 197 950 dorf.
220 914 265 948 ad
290 915 413 948 Horat.
439 914 517 948 Sat.
543 915 591 957 11,
614 914 658 956 3,
684 914 763 949 133.
785 934 829 939 -
865 914 979 948 verba
1003 912 1176 956 sequentia
1203 912 1301 955 quasi
1325 913 1486 946 vitabun-

107 977 170 1011 dus
193 981 283 1010 etex
308 975 493 1009 Diomedes
517 987 549 1018 p.
574 975 653 1008 397.
679 974 729 1007 sie
752 975 877 1008 refert:
912 974 1123 1008 vitabundus
1144 985 1207 1016 per
1230 974 1387 1006 saltuosa
1411 975 1486 1008 loca

106 1038 300 1079 recedebat,
323 1036 420 1070 haud
443 1036 549 1069 dubie
572 1046 614 1068 ea
637 1047 678 1068 ex
703 1035 873 1068 memoria
895 1035 1049 1077 laudans,
1075 1038 1113 1067 ut
1136 1032 1283 1066 ostendit
1306 1035 1487 1070 recedebat

106 1099 254 1132 verbum
291 1109 333 1130 ex
367 1095 512 1130 arbitrio
546 1095 711 1129 additum.
759 1096 814 1128 Ea
846 1107 882 1128 re
912 1097 1070 1129 seductus
1093 1094 1304 1127 Gerlachius
1327 1106 1390 1138 pro
1415 1096 1488 1129 fra-

106 1166 249 1205 gmento
272 1156 509 1192 Historiarum
532 1155 667 1197 habuit,
693 1161 728 1190 et
750 1156 784 1189 in
809 1157 838 1190 F
844 1167 992 1200 ragmm.
1018 1155 1203 1189 1ncc.225.
1228 1155 1349 1197 posuit.
1383 1157 1489 1190 Plene
1555 1189 1560 1196 ,

108 1221 199 1254 haec
221 1220 330 1253 verba
351 1221 526 1252 memorat
548 1217 652 1250 etiam
678 1216 820 1251 Servius
842 1219 886 1250 atl
903 1218 996 1261 virg.
1014 1218 1098 1250 Aen.
1116 1217 1161 1257 X,
1187 1215 1280 1260 311„
1305 1215 1371 1250 nisi
1396 1219 1488 1261 quod

108 1281 223 1315 media
246 1278 440 1322 transponit
460 1289 523 1321 per
545 1278 702 1312 tramites
725 1284 760 1312 et
781 1280 936 1312 saltuosa
961 1278 1046 1310 loca.
1096 1277 1256 1310 Ceterum
1281 1288 1393 1320 neque
1415 1279 1487 1321 hic,

107 1353 219 1385 neque
241 1340 427 1374 Diomedes
450 1339 474 1374 l.
498 1339 521 1371 l.
554 1337 628 1370 vim
658 1338 907 1372 adiectivorum
933 1337 1125 1371 verbalium
1150 1337 1184 1370 in
1209 1337 1342 1371 bandus
1361 1350 1488 1373 exeun-

107 1403 197 1438 tium
228 1400 374 1436 assecuti
405 1402 502 1440 sunt,
534 1399 741 1433 vitabundus
763 1398 855 1432 idem
879 1410 952 1433 esse
975 1398 1126 1431 dicentes
1150 1402 1252 1441 atque
1275 1400 1418 1434 vitantis
1441 1403 1489 1435 si-

109 1463 219 1504 milis,
254 1460 544 1506 quemadmodum
576 1459 798 1493 moribundus
829 1459 873 1493 sit
896 1460 1054 1493 morienti
1077 1460 1217 1500 similis,
1251 1461 1360 1494 secuti
1395 1462 1488 1496 haud

108 1524 214 1557 dubie
249 1521 453 1557 sententiam
486 1519 642 1554 Terentii
677 1520 821 1562 Scauri,
854 1520 1061 1554 nobilissimi
1085 1519 1268 1554 Hadriano
1299 1521 1490 1565 imperante

111 1582 363 1623 Grammatici,
395 1580 478 1625 qui,
515 1584 553 1614 ut
578 1581 669 1614 Gell.
693 1582 766 1616 NN.
792 1583 863 1616 ΛΑ.
890 1583 960 1624 xl,
983 1580 1040 1615 15.
1073 1583 1193 1614 auctor
1225 1585 1295 1624 est,
1329 1583 1366 1616 in
1397 1584 1489 1618 libro

110 1645 175 1686 „de
205 1642 444 1678 consimilibus
475 1642 620 1676 verbis“
650 1643 931 1686 populabundum
955 1645 1177 1686 praeceperat
1200 1652 1274 1674 esse
1295 1654 1397 1687 eum,
1429 1644 1489 1687 qui

108 1705 333 1749 populantem
356 1704 635 1739 imitaretur.
684 1704 811 1737 Contra
833 1703 1044 1746 Apollinaris
1069 1708 1154 1737 teste
1179 1703 1294 1736 Gellio
1318 1705 1344 1739 Ι.
1373 1704 1396 1738 l.
1421 1709 1487 1738 ter-

110 1765 299 1799 minatione
322 1764 357 1797 in
381 1764 514 1797 bundas
536 1764 609 1797 vim
633 1767 668 1797 et
690 1764 825 1807 copiam
850 1768 884 1798 et
906 1764 1005 1807 quasi
1030 1763 1278 1798 abundantiam
1302 1764 1366 1807 rei,
1393 1765 1491 1799 cuius

111 1825 147 1860 id
161 1826 318 1866 ‚verbum
353 1824 420 1866 sit,
455 1825 694 1858 demonstrare
726 1824 875 1865 iudicat,
910 1826 1015 1859 valde
1038 1825 1208 1868 probante
1233 1824 1358 1860 Gellio.
1407 1825 1491 1859 Eius

111 1885 315 1920 sententiam
338 1886 560 1929 amplectitur
584 1884 691 1918 etiam
714 1885 893 1930 Zumptius
917 1885 950 1919 in
977 1886 1137 1919 Gramm.
1154 1885 1231 1918 Lat.
1257 1886 1289 1926 ἓ.
1306 1884 1361 1919 61.
1379 1886 1438 1925 m,
1455 1886 1489 1918 1.

112 1958 146 1990 p.
170 1946 250 1980 216.
284 1946 337 1979 ed.
363 1947 418 1979 IV.
446 1950 479 1980 et
502 1946 590 1990 Aug.
610 1946 809 1980 Grotefend.
834 1946 867 1979 in
894 1947 1050 1979 Gramm.
1076 1947 1151 1979 Lat.
1176 1945 1286 1979 schol.
1310 1946 1342 1989 ἕ.
1360 1946 1438 1988 126,
1456 1946 1491 1982 5.

114 2019 146 2051 p.
171 2007 272 2050 1⁰2„
306 2017 452 2050 eainque
483 2017 590 2049 quum
615 2006 784 2039 constanti
809 2005 1015 2050 scriptorum
1041 2017 1105 2039 usu
1129 2005 1368 2039 confirmatam
1393 1992 1493 2039 vide-

114 2068 243 2107 rimus,
276 2068 391 2111 magis
420 2078 540 2100 veram
570 2071 750 2108 putamus,
783 2077 887 2108 quam
914 2065 1080 2110 Herzogii
1113 2065 1304 2107 rationem,
1335 2066 1379 2099 ad
1403 2066 1491 2102 Sall.

116 2130 192 2163 Cat.
210 2128 338 2168 xxxi,
362 2127 396 2160 9.
421 2127 647 2170 propositam,
670 2126 729 2169 qui
746 2128 886 2169 formae
910 2127 1069 2167 nimium,
1095 2129 1133 2159 ut
1157 2125 1301 2167 videtur,
1326 2125 1491 2167 tribuens,

115 2190 243 2222 horum
267 2186 515 2221 adiectivorum
539 2186 714 2229 propriam
739 2186 809 2218 vim
833 2190 907 2220 tum
931 2186 1078 2220 actionis
1101 2189 1162 2220 aut
1191 2189 1302 2218 status
1318 2186 1436 2228 futuri
1458 2190 1493 2220 et

117 2251 153 2284 in
185 2248 400 2282 indefinitum
433 2246 604 2288 durantis,
636 2249 710 2280 tum
742 2247 933 2280 voluntatis
965 2247 1196 2281 declaratione
1220 2250 1375 2280 constare
1398 2247 1494 2281 dicit.

125 2309 341 2344 Vitabunrlus
364 2307 491 2341 iterum
516 2306 644 2351 legitur
667 2307 758 2340 infra
785 2319 814 2340 c.
840 2307 905 2349 CI,
929 2308 963 2344 9.
999 2312 1032 2341 et
1056 2308 1199 2352 Fragm.
1223 2306 1317 2340 Hist.
1341 2308 1411 2349 111,
1434 2306 1493 2341 18.

209 2371 243 2414 §.
267 2370 302 2403 2.
349 2369 402 2402 ita
427 2368 556 2401 delicta
578 2367 763 2400 occultiora
778 2369 874 2412 fore]
908 2369 978 2402 Pro
1005 2371 1086 2411 sore
1115 2367 1218 2401 multi
1249 2367 1332 2401 libri
1366 2368 1494 2402 habent

109 2434 235 2475 sucre3
271 2428 332 2463 alii
349 2431 490 2471 forent,
520 2428 581 2461 alii
608 2430 774 2470 fuerunt,
805 2439 894 2462 unus
925 2429 1080 2472 alterque
1111 2432 1232 2462 essent.
1278 2428 1494 2461 Infinitivum

118 2497 259 2527 tuentur
281 2491 544 2531 Havercampus
567 2494 602 2522 et
624 2488 798 2533 Langius3
824 2493 928 2531 suere
952 2487 1102 2532 amplexi
1130 2491 1209 2522 sunt
1231 2488 1357 2532 Bipp.‚
1381 2489 1493 2522 Muel-

119 2554 211 2587 lerus
235 2555 268 2584 et
286 2549 504 2591 Gerlachius,
529 2549 627 2582 varia
649 2550 784 2592 prodita
808 2549 1046 2593 explicatione,
1067 2560 1175 2592 quum
1197 2559 1286 2591 quae
1307 2549 1493 2582 verborum

120 2612 288 2646 sententia
319 2610 446 2654 quique
478 2621 584 2643 nexus
615 2609 660 2644 sit
690 2620 792 2644 nemo
823 2609 1068 2653 interpretum,
1101 2620 1169 2643 uno
1191 2609 1309 2642 Fabro
1340 2613 1495 2652 excepto,

122 2671 340 2716 perspexerit.
387 2670 525 2705 Cortius
551 2669 642 2703 enim
675 2672 811 2704 nullum
840 2671 1026 2704 verborum
1056 2679 1193 2702 sensum
1225 2669 1284 2703 hic
1317 2680 1354 2703 se
1376 2669 1494 2703 videre

124 2734 296 2777 professus
319 2743 361 2766 ea
384 2731 592 2776 transposuit
616 2736 693 2775 post
719 2731 923 2765 desererent.
968 2729 1039 2774 Qui
1062 2741 1124 2764 suo
1146 2730 1222 2764 loco
1246 2728 1411 2771 retinent,
1433 2729 1493 2762 (lu-
