1630 3034
195 178 278 219 462
565 174 609 217 G.
641 173 963 217 SALLUSTI
996 174 1218 218 CRISPI

129 300 317 353 36gere,
352 289 400 334 id
432 296 498 334 est
533 289 777 347 dominum,
813 306 903 335 non
938 291 1256 352 imperatorem
1292 307 1402 339 esse.
1450 293 1583 339 Haec

196 394 330 446 atque
382 387 484 431 talia
536 389 726 432 maiores
772 388 910 432 vostri
951 388 1166 433 faciundo
1212 404 1350 448 seque
1396 405 1582 448 remque

129 501 182 539 37
193 485 421 545 publicam
479 484 777 530 celebravere.
852 464 968 540 'Quis
1022 485 1227 530 nobilitas
1278 486 1396 530 freta
1415 517 1428 541 ‚
1484 486 1584 546 ipsa

196 581 415 626 dissimilis
446 582 670 639 moribus,
705 597 815 640 nos,
853 583 1029 627 illorum
1065 584 1288 635 aemulos,
1328 584 1584 640 contemnit,

197 685 241 723 et
282 679 423 724 omnis
458 679 653 724 honores
691 694 783 724 non
819 695 874 724 ex
908 680 1095 736 merito,
1137 680 1218 725 sed
1249 681 1373 740 quasi
1409 680 1585 725 debitos

128 786 220 826 38a
248 777 376 821 vobis
410 777 591 838 repetit.
637 776 850 823 Ceterum
881 777 1084 823 homines
1120 779 1441 838 superbissumi
1473 768 1584 838 pro-

195 942 240 977 de
267 941 433 977 comitate
457 946 492 978 et
514 943 756 986 humanitate,
784 955 853 988 qua
876 943 1013 978 nobiles
1035 955 1111 978 sese
1132 945 1326 988 exaequant
1344 941 1588 981 inferior-ilium

194 1004 240 1038 cf.
266 1003 481 1038 Boetticheri
515 1005 598 1039 Lex.
633 1005 750 1040 Tacit.
783 1006 820 1040 h.
845 1016 879 1039 V.
913 1017 950 1049 p.
973 1004 1029 1039 89.
1054 997 1186 1039 Mureti
1209 1005 1308 1039 Varr.
1332 1004 1442 1039 Lectt.
1466 1003 1530 1043 m,-
1551 1002 1585 1036 3.

194 1065 327 1099 Duker.
352 1064 397 1098 ad
419 1065 516 1099 Fior.
540 1066 568 1108 l,
592 1066 650 1107 26,
668 1066 701 1100 8.
725 1066 803 1101 Liv.
819 1067 924 1107 XLV,
949 1065 1006 1108 32,
1023 1064 1057 1100 5.
1108 1065 1208 1100 Nulli
1230 1065 1348 1109 (erat)
1373 1065 1485 1099 civilis
1509 1063 1588 1098 ani·

194 1138 279 1161 mus.
309 1126 425 1161 Tacit.
451 1127 541 1161 Anu.
574 1128 611 1169 l,
644 1127 714 1171 72,
744 1128 778 1162 2.
829 1128 910 1162 Non
935 1133 1055 1162 tamea
1077 1127 1154 1160 idco
1173 1126 1330 1170 faciebat
1346 1126 1456 1170 fidem
1479 1124 1590 1158 ciuilis

194 1188 316 1221 animi.
338 1207 384 1213 —
424 1188 491 1222 Per
521 1189 702 1223 mollitiem
736 1201 876 1235 agere
913 1189 940 1224 i.
977 1201 1008 1223 e.
1033 1188 1187 1222 molliter
1210 1199 1252 1222 ac
1276 1186 1425 1222 delicate
1447 1185 1589 1226 viver-03

194 1248 241 1283 cf.
265 1248 310 1282 ad
341 1249 418 1283 Cat.
450 1249 540 1292 XX,
564 1250 598 1284 2.
623 1253 658 1285 et
689 1250 734 1284 ad
758 1251 895 1292 xxm,
919 1249 951 1284 3.
977 1270 1020 1275 —
1054 1242 1232 1294 Supplicia
1256 1259 1380 1294 cogere
1412 1247 1590 1293 significat

195 1309 348 1349 duriter,
383 1322 506 1346 severo
538 1311 689 1355 imperio
712 1323 754 1347 nc
779 1311 900 1355 poenis
924 1310 1159 1346 acerbissimis
1184 1309 1229 1344 ad
1255 1308 1415 1343 officium
1435 1308 1590 1353 compel-

194 1371 288 1413 lere,
321 1375 362 1406 ut
392 1372 481 1406 bene
514 1371 765 1416 interpretatur
797 1372 948 1407 Cottius.
971 1393 1020 1400 —
1049 1373 1104 1406 De
1128 1374 1302 1406 structura
1332 1371 1523 1406 verborum
1552 1369 1590 1404 id

196 1436 247 1466 est
271 1431 494 1466 dominum
524 1443 620 1466 esse
644 1433 693 1467 cf.
717 1445 825 1478 supra
848 1445 878 1469 c.
903 1434 1034 1475 XXXI,
1057 1433 1115 1468 26.
1165 1433 1310 1477 Impune
1337 1432 1511 1476 quaelibet
1527 1433 1588 1475 sa·

194 1503 270 1526 cere
297 1493 336 1526 id
359 1498 410 1528 est
441 1505 598 1540 regem
633 1506 754 1540 esse,
779 1499 814 1530 et
837 1506 872 1528 v.
896 1495 1037 1539 Zumpt.
1066 1494 1226 1528 Gramm.
1250 1493 1285 1537 §.
1309 1492 1369 1535 8⁰,
1390 1492 1425 1527 8.
1450 1505 1483 1538 p.
1507 1491 1589 1527 439.

192 1552 247 1587 ed.
271 1552 330 1585 lv.

285 1614 319 1655 §-
342 1611 401 1647 36.
425 1616 460 1647 et
482 1613 541 1648 37.
588 1620 695 1659 atque
730 1616 847 1661 talia]
881 1616 1026 1660 Aliquot
1050 1615 1153 1651 codd.
1187 1617 1320 1651 hab-t
1347 1621 1453 1662 atque
1475 1615 1589 1658 alia,

192 1673 297 1718 longe
320 1673 437 1717 plures
468 1677 585 1708 tamen
617 1680 689 1720 atq.
721 1677 833 1718 talia,
865 1677 1162 1721 quemadmodum
1186 1690 1266 1713 cum
1290 1677 1410 1713 Cottio
1433 1679 1468 1710 et
1491 1675 1587 1709 (ἔοι-1.

193 1733 378 1771 edidimus.
425 1734 463 1769 In
496 1735 589 1771 Bau.
626 1736 745 1772 Mark.
776 1739 821 1772 Γ.
855 1737 928 1771 Inc.
961 1737 995 1772 2.
1028 1743 1064 1773 et
1101 1739 1224 1773 Berol.
1255 1739 1291 1774 2.
1321 1738 1456 1784 legitur
1485 1742 1589 1782 atque

195 1796 296 1830 alia
330 1796 475 1838 talia,
509 1795 602 1839 quod
626 1796 744 1830 Faber
765 1798 916 1843 recepit,
948 1809 1051 1833 usum
1079 1798 1237 1834 Sallustii
1261 1799 1311 1834 ita
1332 1799 1509 1843 postulare
1531 1809 1587 1832 ra-

196 1861 262 1892 tus·
312 1857 417 1901 Quod
447 1867 664 1901 quamquam
697 1858 854 1894 veritatis
882 1859 1035 1904 speciem
1063 1860 1175 1895 habet
1209 1861 1273 1905 (v.
1297 1861 1343 1894 ad
1375 1872 1405 1895 c.
1429 1860 1587 1902 LXXXI,

193 1918 272 1962 2.),
296 1922 414 1953 tamen
437 1929 506 1953 nou
529 1922 601 1960 eet,
632 1930 696 1953 cur
725 1920 856 1964 ubique
883 1920 934 1956 ita
957 1921 1141 1957 dicendum
1173 1927 1296 1967 putes,
1322 1921 1384 1955 ubi
1408 1921 1507 1956 codd.
1531 1932 1589 1955 ro-

196 1982 368 2024 pugnant.
389 1998 434 2005 —
460 1980 514 2013 De
535 1980 716 2025 geminata
739 1981 914 2025 particula
937 1994 1003 2028 que
1034 1993 1068 2016 v.
1092 1983 1137 2018 ad
1169 1995 1200 2017 c.
1218 1984 1273 2024 X,
1297 1982 1331 2017 2.
1357 2001 1401 2009 —
1426 1982 1588 2017 Celebra-

194 2052 276 2075 vere
308 2040 331 2075 i.
360 2052 391 2075 e.
422 2051 591 2086 magnam
627 2042 826 2087 claramque
856 2043 994 2085 ἣκει-ες
1022 2043 1069 2079 cf.
1104 2043 1304 2085 LXXXVI,
1334 2043 1370 2078 3.
1420 2043 1521 2087 Quod
1543 2043 1589 2078 ab

196 2112 235 2136 eo
268 2113 400 2148 genere
432 2103 706 2137 celebratus
740 2108 927 2149 auctusque
951 2110 1052 2146 erat3
1082 2113 1190 2149 supra
1213 2117 1244 2142 c.
1267 2104 1429 2147 Lxxm,
1451 2104 1487 2140 5.
1514 2103 1588 2139 Cic.

195 2162 290 2206 Epp.
319 2164 365 2197 ad
395 2163 538 2199 Famm.
570 2164 621 2209 V,
647 2163 704 2208 12,
729 2163 763 2198 8.
813 2164 872 2198 Me
903 2176 927 2198 a
960 2170 996 2199 te
1015 2166 1233 2210 potissimum
1264 2167 1386 2201 ornan·
1407 2166 1589 2201 celebrari-

195 2234 262 2268 que
283 2224 384 2258 velle.
409 2224 521 2259 Con-r.
549 2243 595 2250 —
627 2225 681 2259 De
703 2223 820 2259 verbis
852 2236 894 2259 ex
916 2227 1038 2261 merito
1072 2238 1107 2262 v,
1130 2227 1249 2262 nand.
1269 2227 1313 2261 de
1334 2227 1485 2263 Pan-tice.
1509 2227 1589 2263 Vol.

194 2283 241 2317 11.
266 2295 299 2327 p.
325 2283 397 2319 654
419 2296 470 2329 oq.
496 2305 541 2311 —
563 2287 735 2332 Repetere
757 2285 899 2330 proprie
923 2286 1051 2322 dicitur
1077 2289 1121 2324 de
1153 2290 1328 2324 debitis
1351 2288 1588 2334 reposcentis,-

195 2344 242 2377 οῖ.
269 2344 363 2380 infra
385 2356 415 2379 c.
440 2346 561 2390 xcvl,
586 2348 620 2383 2.
668 2349 769 2383 Sulla
794 2358 854 2382 aes
877 2353 1036 2383 mutuum
1059 2351 1103 2385 ab
1136 2351 1232 2385 mallo
1253 2361 1327 2395 rep
1340 2354 1478 2384 eterc.
1512 2345 1587 2381 Cic.

195 2406 323 2441 Tusce.
348 2407 376 2450 1,
401 2407 460 2450 39,
482 2409 539 2446 93.
589 2411 734 2446 Natura
757 2409 854 2444 dedit
877 2421 1062 2446 aaaron
1085 2412 1194 2455 vitae,
1216 2417 1385 2457 tanquam
1407 2408 1586 2454 pecvniae.

201 2467 293 2510 Quid
317 2473 368 2502 eet
391 2469 523 2514 igitur,
556 2473 648 2516 quod
673 2481 840 2517 querare,
863 2472 895 2505 si
918 2473 1116 2516 repetit,
1140 2484 1244 2517 quum
1268 2471 1370 2506 vult?
1400 2468 1533 2504 Matiu-
1550 2467 1586 2500 in

196 2526 270 2561 Cic.
293 2529 383 2573 Epp.
414 2530 460 2563 ad
489 2530 629 2564 Famm.
664 2531 732 2573 xl,
762 2531 820 2576 28,
847 2531 904 2568 1¹1.
953 2533 1053 2577 Quod
1075 2544 1197 2568 munus
1221 2538 1255 2568 et
1278 2532 1425 2567 bominis
1448 2529 1585 2564 amicie-

198 2589 277 2621 nimi
300 2591 485 2624 memoriae
507 2603 550 2625 ac
571 2592 710 2637 [atquc]
732 2593 915 2628 honoribus
935 2600 1122 2639 praestare
1145 2595 1252 2628 ctiam
1276 2590 1404 2627 mortun·
1427 2590 1451 2624 d
1465 2590 1583 2631 ebui,

200 2653 235 2682 et
258 2649 408 2692 optimae
443 2653 518 2695 spei
550 2653 760 2687 adolescenti
791 2655 1031 2698 repetenti
1061 2665 1195 2700 negare
1225 2665 1295 2689 non
1326 2652 1435 2698 potui·
1469 2651 1583 2685 Plaut-

201 2709 401 2745 Trinumm.
428 2711 480 2753 V,
505 2712 548 2755 2,
571 2713 605 2749 7.
637 2713 759 2748 Senec.
795 2714 838 2748 de
863 2714 936 2749 vita
965 2715 1067 2751 Reat.
1100 2716 1128 2747 V
1173 2714 1231 2749 2⁴.
1262 2714 1305 2749 do
1338 2712 1471 2748 Beneffi
1497 2713 1524 2753 1,
1549 2711 1582 2745 l.

201 2770 296 2806 Cart.
319 2771 394 2813 vn,
419 2772 455 2812 9,
480 2772 535 2806 10.
559 2773 682 2808 luntin.
705 2775 799 2815 ΧΙΧ,
824 2774 856 2815 l,
881 2775 914 2808 2.
940 2773 1051 2809 Contr.
