1630 3034
438 173 803 224 IUGURTHA.
864 174 1002 217 CAP.
1032 175 1118 217 LV.
1381 179 1467 220 305

83 292 255 339 Marius
290 290 496 338 ducebat.
558 290 653 337 Sed
685 291 782 352 igni
812 291 952 351 magis
989 306 1125 350 quam
1154 290 1325 353 praeda
1355 296 1502 353 ager-5

83 390 350 434 vastabatur.
420 388 607 436 Duobus
652 387 761 433 locis
793 385 930 431 haud
970 388 1107 448 longe
1152 388 1267 431 inter
1302 403 1350 432 se
1386 394 1502 432 ca-6

83 492 174 530 stra
208 485 454 540 faciebant,
491 484 568 528 ubi
602 484 646 526 ri
680 497 792 543 opus
829 489 923 527 erat
958 484 1102 527 cuncti
1138 484 1347 540 aderant,
1383 499 1502 536 ce—7

84 551 252 637 terum,
289 596 379 639 quo
416 580 526 640 fuga
559 585 693 638 atque
724 580 920 624 formido
957 580 1082 623 latius
1114 586 1357 635 cresceret,
1395 580 1466 623 di-

83 678 198 721 vorsi
235 676 444 737 agebant.
476 673 480 675 ’
515 676 585 720 Eo
619 682 825 736 tempore
854 675 1072 736 Iugurtha
1105 691 1188 735 per
1229 677 1351 720 collis
1391 682 1503 721 se-8

83 775 182 833 qui,
217 780 394 833 tempus
430 779 508 816 aut
542 773 690 816 locum
725 788 908 833 pugnae
946 788 1189 831 quaerere,
1235 787 1324 831 qua
1355 788 1465 817 ven-

80 875 226 914 turum
261 869 436 913 hostem
474 869 697 926 audierat,
734 869 950 929 pabulum
987 875 1031 913 et
1066 884 1283 927 aquarum
1318 868 1464 924 fontis,

80 991 190 1024 animi
222 990 333 1025 finxit.
379 990 447 1025 Sed
487 994 585 1035 patet
624 990 779 1032 scribas,
822 991 882 1034 qui
916 991 1179 1025 recordarentur
1210 991 1332 1025 anxius
1364 1001 1466 1034 saepe

79 1063 159 1085 cum
183 1063 270 1085 voce
295 1053 431 1085 animus
454 1052 638 1096 coniungi,
663 1062 740 1084 eam
764 1051 800 1084 h.
825 1051 849 1084 l.
873 1051 1041 1092 intulisse,
1066 1064 1108 1085 ne
1133 1051 1348 1085 adiectivum
1372 1051 1464 1084 nude

79 1112 229 1155 positum
266 1111 465 1145 haberetur.
515 1113 632 1146 Animi
673 1113 794 1145 anxius
825 1116 965 1153 autem,
997 1112 1090 1155 quod
1123 1112 1263 1146 Cortius
1296 1112 1468 1153 exhibuit,

79 1172 156 1215 ipsa
187 1171 354 1205 sententia
390 1172 540 1205 alienum
574 1176 635 1207 est.
691 1173 822 1206 Antius
854 1173 947 1206 enim
982 1173 1019 1206 h.
1044 1173 1067 1206 l.
1095 1172 1271 1218 significat
1303 1173 1467 1213 intentus,

81 1243 197 1265 curam
232 1232 422 1275 adhibens,
454 1233 542 1266 nihil
574 1233 759 1272 remissus,-
793 1233 935 1266 animi
968 1234 1092 1266 anxius
1126 1237 1244 1266 autem
1276 1237 1328 1268 est
1363 1233 1467 1266 valde

79 1293 267 1333 sollicitus,
292 1293 380 1326 curis
404 1293 586 1338 agitatus,
622 1305 662 1327 ex
686 1294 786 1326 rebus
811 1293 1001 1336 desperatis
1024 1294 1153 1327 malurn
1178 1294 1302 1327 timens
1326 1298 1361 1327 et
1384 1304 1464 1326 cow-

79 1353 150 1386 sitii
173 1352 278 1396 inops.
329 1352 420 1385 Illud
451 1364 532 1387 sane
564 1354 606 1387 de
628 1354 774 1388 Metello
799 1353 908 1394 valet,
942 1354 1009 1387 hoc
1039 1365 1107 1388 nou
1141 1354 1237 1387 item.
1270 1353 1316 1387 cf.
1348 1353 1465 1387 Tacit.

79 1412 198 1457 Agric.
220 1423 249 1446 c.
274 1412 314 1454 V,
337 1413 427 1446 med.
477 1414 588 1448 Simul
612 1415 778 1448 anxius
803 1418 845 1448 et
877 1415 1088 1448 intentus
1112 1425 1233 1458 agere.
1257 1433 1303 1439 —
1327 1415 1382 1447 De
1406 1424 1465 1447 ra-

78 1473 172 1507 tione
195 1473 382 1506 verborum
407 1475 512 1517 effuso
537 1476 705 1515 exercitu,
735 1485 825 1518 quae
857 1484 944 1507 cave
968 1485 1030 1517 pro
1064 1474 1229 1508 ablativis
1252 1474 1375 1508 absoll.
1399 1475 1465 1507 ha·-

78 1533 183 1576 beae,
207 1543 240 1569 v,
265 1533 308 1567 ad
334 1545 363 1566 c.
389 1534 517 1577 xlm,
543 1533 578 1568 5.
625 1535 786 1569 Ceterum
811 1535 911 1578 effusi
933 1535 1114 1575 dicuntur,
1139 1533 1200 1578 qui
1224 1534 1320 1567 nullo
1344 1534 1465 1568 ordine

78 1598 115 1627 et
139 1593 283 1637 dispersi
306 1592 468 1627 incedunt
491 1599 524 1628 et
548 1595 732 1638 palantum
763 1595 809 1628 cf.
835 1607 864 1628 c.
891 1595 1051 1636 xcvlll,
1075 1593 1109 1629 5.
1158 1595 1316 1638 Effusi
1347 1605 1466 1627 conse-

78 1654 170 1688 dere.
195 1654 266 1695 ΟΥ,
290 1652 325 1687 3.
377 1654 517 1689 Temere
551 1660 585 1690 et
618 1658 775 1699 effuse
811 1660 938 1689 euntes.
963 1654 1224 1696 LXXXVHA.
1272 1655 1466 1698 Effusas

78 1714 184 1748 hostis
207 1714 329 1748 invadi
359 1725 471 1759 posse.
504 1717 600 1749 Cart.
623 1717 693 1756 IX,
720 1715 762 1757 8,
787 1715 845 1750 19.
902 1716 1054 1749 Barbari
1088 1718 1241 1759 effuse
1273 1720 1463 1760 sequentes.

76 1785 112 1808 v.
135 1775 399 1809 Drakenborch.
424 1776 469 1810 ad
493 1776 572 1813 [air.
598 1777 742 1817 XXXV,
766 1776 825 1818 29,
848 1775 882 1811 3.
907 1795 950 1801 —
971 1777 1039 1810 Pro
1060 1782 1197 1821 partem
1215 1776 1353 1809 Cottius
1379 1776 1466 1809 scri-

79 1835 149 1878 psit
170 1836 324 1879 partim,
362 1836 452 1879 quod
477 1847 538 1880 per
561 1848 598 1870 se
623 1848 691 1870 non
715 1837 949 1870 damnandum
977 1837 1069 1870 foret
1097 1837 1159 1880 (v.
1184 1837 1338 1870 Gronov·
1363 1837 1464 1871 obse.

77 1896 139 1937 111,
165 1896 199 1931 -2,
224 1907 257 1939 p.
282 1895 362 1930 342.
388 1897 548 1931 Perizou.
574 1897 618 1932 ad
644 1897 760 1932 Sanct.
785 1897 872 1931 Min.
901 1898 964 1938 lv,
989 1897 1043 1931 13.
1070 1910 1104 1941 p.
1129 1897 1199 1931 398
1223 1908 1272 1940 sq.
1294 1897 1348 1930 ed.
1372 1898 1463 1930 Bau.

77 1955 199 1989 Bremi
222 1957 264 1990 ad
289 1956 374 2000 Nep.
401 1958 503 1991 Attio.
528 1969 558 1990 c.
587 1957 663 1998 vn,
683 1957 718 1990 2.
742 1957 1006 1993 Drakenborch.
1029 1957 1072 1991 ad
1099 1957 1176 1991 Liv.
1202 1957 1324 1995 XXVI,
1347 1956 1404 1994 46.
1429 1956 1465 1992 8.

77 2015 208 2057 xxm,
234 2015 292 2058 11,
317 2016 415 2058 11.);
440 2018 498 2050 sed
523 2028 631 2060 quum
655 2016 721 2050 ista
743 2017 916 2060 scriptura
939 2017 1179 2051 tantummodo
1203 2028 1244 2049 ex
1269 2016 1388 2049 Guelf.
1405 2016 1464 2051 12.

78 2075 283 2119 deprompta
307 2075 371 2117 sit,
398 2077 432 2110 in
456 2089 525 2120 quo
550 2080 660 2111 exstat
685 2078 870 2111 exercitum
888 2078 1039 2122 partim,
1070 2078 1150 2111 luce
1173 2075 1302 2110 clarius
1326 2080 1396 2117 est,
1419 2075 1464 2109 Ιί-

78 2136 248 2177 brarium,
274 2147 383 2178 quum
409 2148 526 2170 errore
549 2137 786 2172 accusativum
804 2141 979 2172 exarasset
1001 2149 1063 2181 pro
1078 2138 1247 2182 genitivo,
1272 2142 1310 2170 ut
1326 2138 1463 2180 lapsum

77 2207 179 2230 suum
204 2196 422 2238 emendaret,
446 2198 529 2230 satis
554 2198 670 2230 dextre
692 2203 830 2242 partem
856 2198 890 2231 in
910 2199 1041 2242 partim
1065 2202 1228 2232 mutasse.
1252 2217 1296 2222 —
1324 2198 1464 2231 Praeda

77 2257 101 2290 ἰ.
126 2268 156 2289 e.
180 2257 388 2300 praedando
398 2269 411 2297 ,·
440 2258 578 2301 praeda
610 2257 704 2291 enim
734 2269 802 2292 non
837 2259 950 2292 solum
984 2270 1058 2291 rem
1089 2259 1183 2291 bello
1207 2261 1368 2300 captam,
1401 2257 1463 2290 sed

77 2317 183 2351 etiam
209 2317 397 2361 praedandi
421 2317 594 2350 actionem
618 2319 790 2363 designat.
815 2319 890 2353 cic.
915 2319 1068 2362 Phnipp.
1091 2318 1154 2359 xl,
1174 2318 1230 2360 n,
1250 2317 1308 2352 37.
1347 2318 1464 2352 Saxae

77 2388 113 2411 se
140 2382 175 2411 et
200 2378 357 2421 Caphoni
390 2378 635 2420 tradiderunt,
671 2380 719 2414 ad
743 2381 886 2423 facinus
916 2379 1228 2424 praedamque
1252 2379 1356 2412 natis.
1383 2378 1462 2412 [ai-v.

78 2439 189 2477 xxn.
214 2438 250 2480 9,
275 2438 309 2472 5.
362 2439 430 2472 L'ln·
451 2441 538 2474 satis
562 2441 670 2484 quieti
701 2441 843 2481 datum,
881 2441 1061 2484 praeda
1102 2451 1152 2472 ac
1189 2439 1464 2483 populatio-

76 2499 212 2533 nibus
235 2499 372 2544 magis,
398 2511 503 2543 quam
527 2500 596 2534 otio
621 2505 684 2534 aut
706 2502 824 2545 requie
846 2501 1080 2547 gaudentibus
1099 2502 1275 2544 profectus
1290 2524 1300 2540 ,
1326 2499 1465 2534 Marsos

78 2560 252 2594 deuastat.

169 2621 202 2662 ἓ.
228 2619 262 2653 7.
288 2624 323 2654 et
346 2619 379 2655 8.
404 2621 590 2664 cresceret]
615 2620 753 2655 Curtius
776 2631 817 2654 ex
839 2632 909 2654 uno
935 2619 1007 2652 Vin.
1033 2620 1067 2654 1.
1098 2619 1236 2664 scripsit
1260 2623 1463 2660 crescerent,

77 2680 168 2722 quod
194 2691 256 2723 per
279 2691 315 2714 se
339 2680 478 2724 quidem
503 2681 633 2715 bonum
656 2685 730 2724 est,
755 2681 806 2726 (v,
831 2681 875 2715 ad
899 2681 974 2715 Cat.
1002 2681 1054 2722 X,
1078 2680 1131 2724 2.)
1155 2680 1215 2714 sed
1243 2680 1466 2722 neutiquam,

79 2735 199 2773 usius.-
220 2740 327 2782 dicit,
366 2741 405 2774 in
427 2741 488 2775 tan
514 2753 551 2775 re
573 2742 730 2787 gravius.
753 2762 799 2768 -
837 2743 980 2786 Pugnae
1004 2740 1229 2774 verisimilius
1259 2751 1321 2783 pro
1345 2739 1464 2772 dativo

147 2810 202 2854 11.
363 2864 365 2866 ,
1121 2812 1187 2855 20
