1630 3034
370 197 709 240 CATILINA,
767 195 896 236 GAP.
925 193 1111 236 XLVIII.
1351 199 1434 239 221

53 317 210 370 ‹locet3
252 320 486 374 praeterea
520 329 566 358 se
609 312 788 356 missum
832 327 857 354 a
901 309 969 356 M.
1005 310 1190 365 Crasso,
1234 310 1312 368 qui
1347 310 1439 355 Ca-

52 408 206 451 tilinae
260 406 522 460 nunciaret,
575 419 632 448 ne
687 417 790 446 eum
846 400 1063 446 Lentulus
1117 408 1162 445 et
1204 400 1438 461 Cethegus

55 498 220 555 aliique
268 512 322 541 ex
364 495 665 541 coniuratione
712 491 981 552 deprehensi
1015 498 1255 546 terrerent,
1293 507 1439 551 eoque

56 589 204 647 magis
238 594 507 646 properaret
551 585 609 630 ad
645 585 801 629 urbem
839 584 1072 638 accedere,
1107 598 1198 641 quo
1236 589 1280 626 et
1315 589 1441 627 cetea

55 694 208 723 rorum
255 678 424 721 animos
476 677 705 731 reficeret,
750 681 794 719 et
835 675 903 718 illi
947 674 1121 718 facilius
1167 690 1191 718 e
1233 674 1439 733 periculo

57 770 345 829 eriperentur.
417 767 514 813 Sed
558 767 637 812 ubi
671 766 940 825 Tarquinius
986 765 1193 811 Crassum
1238 766 1443 811 nomina·
1467 773 1494 813 5

56 934 90 969 1.
122 934 279 977 Curtius,
311 929 373 978 qui
402 945 478 969 rem
509 933 621 978 ipsam
653 928 924 973 animadvertit,
953 931 1128 967 rationem
1159 942 1229 967 non
1263 935 1443 967 assecutus

57 995 132 1034 est,
155 992 247 1026 haec
269 993 387 1027 attulit
410 993 588 1035 exempla:
613 992 685 1026 Cic.
708 1004 742 1036 p.
764 992 900 1026 Cluent.
919 989 976 1031 50,
994 989 1074 1023 140.
1098 990 1175 1023 Liv.
1194 991 1352 1031 XXXIV,
1362 991 1394 1031 1,
1406 990 1440 1025 4.

55 1049 146 1083 Hor.
179 1049 268 1093 Epp.
299 1050 355 1091 11,
387 1050 434 1091 2,
483 1050 540 1083 29.
593 1050 763 1084 Addimus
804 1049 876 1084 Cic.
921 1047 1079 1092 Philipp.
1107 1048 1161 1088 11,
1189 1048 1255 1089 12,
1292 1047 1349 1080 29.
1406 1046 1442 1079 in

57 1166 186 1204 tenent,
218 1163 332 1196 multo
364 1163 480 1207 aptius
515 1168 566 1197 est
597 1175 703 1206 quam
736 1166 867 1205 dicere,
901 1165 992 1207 quod
1024 1163 1060 1196 in
1093 1162 1252 1196 omnibus
1286 1161 1441 1202 Gruteri,

58 1224 226 1263 quattuor
248 1217 379 1253 Wassii
405 1224 438 1254 et
461 1221 636 1254 nonnullis
660 1221 769 1255 Cortii
792 1221 892 1255 libris
916 1221 1056 1265 legitur.
1086 1219 1235 1263 Propria
1259 1219 1351 1252 enim
1377 1230 1442 1262 1⁸⁰⁴

58 1280 181 1311 testate
205 1278 339 1311 edicere
369 1282 419 1310 est
443 1276 542 1320 quasi
564 1276 601 1310 in
625 1279 738 1311 lucem
763 1279 920 1322 proferre
947 1282 981 1312 et
1003 1277 1201 1321 patefacere
1225 1287 1314 1319 qnae
1341 1281 1444 1309 antea

58 1334 117 1367 vel
148 1334 252 1377 plane
274 1334 546 1378 ignorabantur,
579 1335 637 1367 vel
660 1346 729 1368 non
761 1335 844 1368 satis
868 1340 951 1368 nota
972 1339 1092 1375 erant,
1124 1334 1215 1376 quod
1240 1338 1332 1366 recte
1355 1332 1445 1365 vidit

61 1391 290 1425 Gemhardus
313 1392 357 1425 ad
382 1391 452 1425 Cic.
472 1392 570 1425 Lael.
595 1404 625 1424 c.
652 1391 709 1433 16,
731 1390 789 1426 59.
823 1393 913 1425 alius
926 1393 1014 1434 finis
1036 1392 1212 1424 amicitiae
1235 1391 1444 1424 constituen-

61 1449 126 1482 dus
151 1453 212 1490 est,
235 1449 266 1482 si
286 1449 394 1493 prius,
417 1449 501 1492 quid
524 1449 672 1481 maxime
695 1449 944 1492 reprehendere
967 1449 1079 1492 Scipio
1103 1449 1222 1482 solitus
1245 1449 1302 1490 sit,
1328 1448 1444 1480 edire—⁵

60 1518 110 1540 ro.
157 1506 285 1540 Merito
307 1505 418 1550 igitur
442 1506 610 1539 Goerenz.
635 1506 680 1539 ad
703 1506 776 1540 Cic.
800 1507 909 1551 Legg.
936 1507 978 1548 ll,
997 1506 1054 1548 10,
1074 1506 1131 1539 24.
1159 1506 1344 1550 vulgatum
1370 1505 1446 1538 edi-

60 1574 156 1605 cere,
180 1563 273 1606 quod
297 1562 333 1597 in
356 1562 459 1596 illum
482 1563 601 1597 locum
624 1575 694 1598 non
719 1563 821 1605 cadit,
844 1568 1046 1608 aspernatus
1068 1568 1130 1597 ests
1170 1563 1226 1596 Ad
1249 1562 1322 1596 vim
1345 1561 1446 1596 verbi

60 1620 306 1655 illustrandam
338 1620 475 1655 Cortius
515 1632 641 1665 parum
674 1621 857 1655 commode
897 1626 1079 1665 comparat
1110 1621 1237 1660 emori,
1277 1631 1446 1660 emouere,

63 1679 229 1718 emirari3
261 1678 388 1722 quippe
416 1677 452 1711 in
477 1678 602 1722 quibus
627 1690 644 1712 e
667 1679 908 1713 tantummodo
932 1679 1084 1723 augendi
1107 1683 1141 1712 et
1164 1677 1361 1711 intendendi
1385 1689 1448 1720 ρο(-

63 1739 225 1770 testatem
247 1736 376 1776 habet,
400 1735 461 1778 (de
484 1747 553 1779 qua
575 1747 610 1770 v,
634 1736 678 1769 ad
703 1747 732 1769 c.
752 1735 875 1775 XLIX,
892 1737 926 1771 el».
951 1736 1031 1770 coll.
1052 1735 1232 1779 Herzogio
1255 1736 1300 1768 ad
1317 1747 1345 1770 c.
1366 1735 1448 1776 XX,

62 1791 118 1835 9.)
142 1803 291 1836 eamque
316 1792 429 1836 ipsam
454 1794 499 1826 ob
523 1803 683 1827 caussam
706 1792 743 1826 in
766 1793 987 1837 sequentibus
1011 1798 1103 1826 recte
1122 1793 1351 1826 Gerlachium
1368 1803 1449 1825 cen·-

61 1860 176 1883 semus
200 1849 377 1893 scripsisse
399 1851 508 1892 docet,
531 1851 667 1891 relicta,
691 1851 960 1894 quamVCortius
983 1850 1020 1884 in
1043 1850 1162 1893 paucis
1185 1849 1298 1893 iisque
1320 1860 1448 1893 parum

61 1906 218 1950 probatis
250 1907 351 1941 codd.
387 1907 585 1949 invexerat,
618 1908 794 1951 scriptura
827 1909 955 1942 edocet.
1003 1909 1156 1942 Edocere
1179 1912 1232 1941 est
1257 1907 1349 1941 enim
1372 1918 1449 1940 rem

61 1964 162 2008 plene
186 1969 415 2008 accurateque
437 1965 574 1998 tradere
596 1966 653 1998 ⁷ccl
677 1966 819 2007 docere,
840 1971 878 1999 ut
902 1977 980 2000 eam
1003 1967 1108 2009 plane
1132 1970 1248 1999 teneas
1270 1970 1448 2008 totamque

62 2031 205 2064 prorsus
228 2022 405 2066 cognitam
429 2023 584 2063 habeas3
608 2023 653 2056 cf.
685 2034 715 2055 c.
749 2024 845 2064 XVI,
867 2024 899 2058 1.
933 2025 1145 2057 iuventutem
1168 2024 1265 2056 mala
1281 2023 1449 2065 facinora

63 2079 298 2112 edocebat.
323 2080 367 2121 X,
380 2079 412 2112 4.
437 2080 592 2112 avaritia
616 2082 732 2113 omnia
755 2083 895 2114 venalia
919 2081 1047 2114 habere
1071 2082 1267 2114 edocuit.
1289 2080 1392 2120 XLV,
1412 2079 1447 2112 1.

67 2136 183 2169 Cicero
203 2147 268 2180 per
301 2136 436 2181 legatos
461 2142 583 2169 cuncta
609 2138 824 2178 edoctus,
849 2138 872 2171 i.
900 2150 930 2171 e.
964 2138 1124 2171 omnibus
1148 2148 1215 2169 non
1247 2137 1361 2169 solum
1385 2147 1450 2169 au-

64 2191 168 2235 ditis,
202 2194 263 2227 sed
293 2193 401 2227 etiam
432 2193 692 2227 accuratissime
716 2195 878 2239 cognitis.
914 2196 990 2239 lug.
1010 2195 1096 2233 LVI,
1121 2193 1154 2226 2.
1188 2195 1247 2227 illc
1271 2204 1360 2237 quae
1380 2204 1450 2237 pu-

64 2250 236 2283 rebantur
267 2262 290 2283 a
319 2253 480 2296 perfugis
514 2253 717 2285 edoctus.
754 2253 860 2292 cxli,
883 2252 917 2286 2.
951 2253 1031 2285 dein
1055 2252 1098 2284 ab
1122 2252 1180 2284 illo
1205 2255 1327 2283 cuncta
1353 2249 1450 2283 edo*

63 2311 164 2340 ctus
194 2308 295 2340 redit.
343 2308 451 2340 Plura
483 2308 578 2342 dabit
602 2309 801 2341 Sclrellerus
835 2308 873 2341 in
893 2309 976 2342 Lex.
999 2309 1116 2353 Ampl.
1140 2320 1175 2351 p.
1197 2307 1302 2341 3197.
1350 2307 1452 2350 Quae

64 2363 242 2408 diligentis
262 2364 611 2408 accuratissimeque
633 2365 936 2399 demonstrationis
960 2366 1055 2399 notio
1079 2367 1124 2399 ab
1144 2369 1261 2399 nostro
1282 2365 1370 2406 loco,
1388 2364 1451 2398 ubi

65 2420 108 2454 de
143 2420 217 2454 sola
247 2421 431 2463 Tarquinii
454 2423 661 2465 consessione
695 2424 852 2467 nudoque
886 2423 1010 2456 indicio
1041 2423 1178 2467 agitur,
1211 2423 1313 2466 plane
1335 2422 1451 2456 aliena

64 2481 136 2519 est,
167 2478 371 2521 praesertim
395 2490 501 2521 quum
526 2480 670 2512 verbum
705 2481 749 2513 ad
781 2490 985 2524 praegressa
1009 2481 1129 2513 eadem
1147 2483 1228 2523 fere
1252 2491 1340 2524 quiue
1370 2480 1450 2512 Γοι-

64 2537 195 2569 turcius
213 2536 397 2570 referatur.
423 2537 612 2581 vulgatam
636 2543 752 2571 tamen
775 2539 900 2581 probat
924 2538 1110 2571 Ruhnken.
1137 2537 1181 2571 ad
1205 2537 1287 2571 Ter.
1304 2537 1451 2571 Phorm.

64 2593 125 2634 111,
144 2593 178 2635 3,
196 2593 230 2626 7.

155 2662 199 2684 ne
224 2662 300 2684 eum
325 2650 491 2684 Lentulus
516 2655 550 2684 et
575 2651 748 2696 Cethegus
772 2651 923 2697 aliique]
956 2653 1055 2685 Haec
1087 2652 1225 2686 Cortius
1249 2651 1452 2696 pronomine

0 2710 14 2731 ἱ
66 2711 100 2741 ct
125 2712 274 2752 utraque
296 2709 425 2752 copula
455 2709 636 2744 decurtata
664 2709 792 2752 edidit,
817 2710 978 2744 omnibus
1000 2720 1109 2754 paene
1133 2709 1234 2744 libris
1265 2710 1450 2754 refragan-
