1630 3034
389 184 730 229 CATILINA.
790 186 925 228 GAP.
954 186 1067 229 XVI.
1363 189 1419 231 79

38 318 194 348 manus
246 307 320 347 aut
377 305 571 358 animus,
630 302 827 362 gratuito
882 303 1029 362 potius
1085 302 1227 347 malus
1283 307 1419 360 atque

38 394 232 439 erudelis
267 400 374 438 erat.
443 394 527 438 His
562 394 712 439 amicis
746 393 964 452 sociisque
999 394 1188 439 confisus
1211 393 1419 450 Catilina,

38 485 168 529 simul
211 485 337 543 quod
391 500 465 529 aes
512 485 705 529 alienum
750 500 835 544 per
881 486 1022 529 omnis
1076 491 1212 529 terras
1263 485 1420 545 ingens

39 581 157 634 erat,
196 582 240 619 et
274 575 399 634 quod
434 577 640 635 plerique
686 576 858 620 Sullani
903 576 1088 631 milites,
1134 576 1302 635 largius
1339 590 1419 619 suo

37 667 128 721 usi,
175 667 431 726 rapinarum
478 673 523 711 et
564 668 775 711 victoriae
819 668 977 712 veteris
1020 682 1242 712 memores
1288 667 1419 712 civile

36 757 206 801 bellum
243 760 541 818 exoptabant,
587 759 916 819 opprimundae
959 759 1237 818 reipublicae
1273 758 1421 802 consi-

34 1024 88 1058 Ex
124 1024 298 1061 infinitivo
339 1029 458 1062 autem
492 1028 529 1061 in
562 1027 807 1072 imperfectum
840 1027 916 1061 abit
946 1027 1059 1061 oratio
1099 1027 1232 1070 pariter
1270 1030 1310 1062 ut
1341 1027 1418 1062 Cat.

35 1076 123 1123 LW,
145 1083 179 1118 4.
221 1085 310 1118 nihil
341 1086 537 1130 denegare,
571 1086 661 1130 quod
702 1086 789 1118 dono
823 1085 969 1129 dignum
1002 1090 1109 1125 esset3
1152 1085 1217 1118 sibi
1248 1096 1419 1129 magnum

35 1139 217 1182 imperium
242 1143 497 1186 exoptabat.
531 1143 669 1184 Lx‘1,4.
696 1144 852 1176 Catilina
886 1143 954 1175 iter
978 1144 1164 1185 facere,
1196 1146 1312 1174 castra
1336 1153 1418 1173 mo-

35 1208 58 1229 υ
71 1208 155 1238 cre,
181 1200 394 1232 occasionem
413 1201 601 1243 pugnandi
624 1212 692 1233 non
715 1201 771 1234 da
785 1211 854 1239 re,·
878 1210 954 1242 spe
967 1210 986 1232 r
999 1199 1050 1232 ab
1063 1203 1110 1233 at
1129 1200 1328 1242 propediem
1352 1201 1418 1231 etc.

36 1254 113 1298 lug.
146 1255 220 1296 XV,
247 1256 279 1289 2.
314 1257 522 1291 Adherbalis
557 1259 652 1291 dicta
690 1263 1001 1297 contemnere,
1039 1257 1119 1300 Iug.
1150 1257 1313 1290 virtutem
1349 1267 1419 1289 ex—

37 1312 232 1352 tollere3
267 1315 401 1357 gratia,
432 1326 513 1348 voce
533 1334 579 1340 —
598 1327 662 1348 sua
696 1316 795 1359 quasi
824 1325 887 1358 pro
919 1314 1035 1358 gloria
1056 1314 1267 1347 nitebantur.
1315 1313 1420 1347 Yides

36 1379 127 1400 nunc
167 1372 200 1402 et
234 1372 448 1404 commodare
471 1371 747 1415 interpunctione
782 1372 827 1405 ab
851 1372 963 1405 altero
997 1371 1170 1405 infinitivo
1203 1381 1277 1404 esse
1304 1370 1417 1404 seiun-

35 1426 189 1469 gendum
199 1451 215 1467 ‚¹
237 1431 278 1461 -et
309 1429 435 1461 habere
458 1439 526 1460 non
549 1440 649 1472 posse
671 1427 805 1462 maiore
836 1429 1054 1463 distinctione
1078 1440 1099 1462 a
1130 1428 1285 1471 sequenti
1316 1439 1417 1463 accu-

33 1482 148 1516 sativo
183 1480 315 1518 divelli.
361 1485 538 1530 Intelliges
570 1485 677 1519 etiam
720 1486 815 1522 male
847 1487 1070 1520 Perizonium
1102 1487 1147 1520 ad
1180 1486 1299 1519 Sanct.
1329 1485 1418 1518 Min.

32 1539 92 1581 IV,
110 1539 166 1572 11.
190 1552 231 1584 9,,
248 1541 329 1580 381„
360 1543 427 1576 Ed.
459 1544 550 1577 Bau.
586 1543 776 1586 iudicasse,
811 1545 939 1578 habere
973 1556 995 1578 a
1015 1545 1123 1578 verbo
1148 1544 1313 1577 edocebat
1335 1555 1421 1587 pen-

33 1596 135 1638 dereg
168 1598 316 1641 denique
347 1600 536 1643 perspicies
574 1612 762 1645 perperam
793 1602 914 1636 Cortio
947 1603 1094 1636 verbum
1137 1602 1333 1645 imperabat
1374 1601 1421 1634 ad

32 1659 214 1696 sequentes
234 1648 424 1692 infinitivos
455 1660 719 1700 circumvenire,
754 1660 918 1704 iugulare
949 1660 1180 1703 supplendum
1202 1659 1334 1702 videri,
1359 1659 1419 1702 qui

31 1711 149 1754 potius
171 1713 246 1748 inff.
270 1715 430 1748 historici
454 1719 551 1758 sunt,
582 1727 650 1749 non
673 1717 905 1759 infrequentes
928 1717 983 1750 illi
1004 1717 1209 1760 imperfecto
1233 1717 1290 1749 vel
1313 1727 1420 1760 prae-

32 1768 120 1802 senti
142 1781 357 1815 ,praegrcsso
388 1776 450 1806 aut
479 1778 660 1817 sequente,
693 1775 739 1808 cf.
764 1775 840 1808 Cat.
870 1775 967 1817 XXI,
996 1774 1031 1808 4.
1066 1775 1280 1818 increpat
1311 1775 1420 1807 omnis

14 1825 147 1869 tonos,
166 1840 313 1862 ¹suorum
335 1842 608 1874 unumquemque
632 1833 848 1866 laudare.
878 1843 913 1865 v.
938 1832 982 1866 ad
1007 1844 1038 1865 c.
1060 1832 1170 1873 xxu,
1184 1832 1218 1866 2.
1243 1832 1372 1876 xxm,
1383 1832 1417 1865 2.

31 1884 187 1926 XLvln,
206 1886 239 1920 1.
261 1885 337 1931 lug.
356 1888 446 1928 Lm,
466 1887 500 1921 S.
523 1889 633 1929 Lxx,
653 1890 686 1923 1.
713 1890 814 1923 Cort.'
832 1889 876 1924 ad
897 1889 975 1934 Iug-
997 1889 1145 1930 xxxn,
1162 1889 1197 1923 4.

97 1963 104 1972 ν
124 1943 157 1983 §.
180 1942 214 1976 ὃ.
261 1945 441 1988 gratuito]
492 1946 699 1980 Gerlachius
744 1947 904 1981 Curtium
947 1946 1146 1989 vituperat,
1195 1945 1288 1990 quod
1327 1946 1420 1979 hanc

31 2007 154 2032 vocem
179 2004 309 2038 statuat
330 2003 366 2037 h.
392 2003 414 2035 l.
440 2003 513 2036 sine
538 2004 699 2038 mercede,
719 2009 751 2037 et
783 2005 938 2048 praemio
963 2004 1183 2048 significare,
1216 2002 1289 2045 ipse
1312 2001 1419 2034 inter-

31 2060 185 2100 pretatue
200 2060 340 2099 frustra
365 2064 399 2093 et
421 2061 495 2093 sine
518 2072 664 2100 caussa3
699 2061 760 2094 sed
781 2073 820 2095 re
843 2062 1041 2095 accuratius
1073 2063 1250 2105 spectata,
1282 2063 1420 2092 utrum-

33 2124 101 2156 que
124 2114 274 2157 reperies
296 2115 390 2149 idem
423 2128 508 2150 esse.
565 2118 655 2151 Nam
690 2118 748 2161 qui
780 2119 913 2162 aliquid
948 2119 1105 2163 gratuito
1137 2116 1243 2159 facit,
1277 2127 1318 2149 eo
1350 2126 1420 2149 non

32 2169 222 2204 utilitatem
245 2172 400 2216 aliquam
424 2174 590 2217 sequitur,
614 2176 881 2209 commodumve
903 2175 1046 2219 appetit,
1071 2175 1176 2217 idque
1199 2185 1261 2218 pro
1284 2178 1420 2207 senten-

32 2226 162 2261 tiarum
185 2239 276 2263 nexu
299 2231 404 2264 modo
427 2236 479 2265 cst
501 2232 625 2276 gratis,
648 2232 721 2266 sine
742 2233 913 2276 praemio,
937 2232 1042 2266 modo
1066 2231 1139 2265 sine
1164 2241 1297 2271 caussa,
1321 2230 1419 2264 nulla

33 2284 106 2318 alia
128 2295 167 2318 re
189 2285 408 2329 impellente,
440 2300 508 2322 non
540 2293 578 2322 ut
609 2289 705 2322 aliud
734 2289 818 2332 quid
851 2293 1100 2333 consequatur,
1131 2290 1192 2323 sed
1220 2292 1260 2322 ut
1281 2289 1418 2322 factum

32 2340 148 2384 ipsum
182 2343 331 2377 faciendi
360 2346 439 2379 {inis
470 2346 534 2388 sit,
569 2346 604 2379 id
637 2347 728 2389 quod
762 2347 883 2380 Cicero
905 2348 948 2380 de
980 2347 1129 2380 Caesare
1158 2346 1244 2380 dicit
1276 2346 1319 2380 de
1343 2346 1414 2380 off.

31 2397 77 2440 11,
97 2398 154 2440 24,
173 2398 206 2433 5.
233 2406 271 2434 ut
293 2401 355 2435 Izcc
377 2403 488 2447 ipsum
513 2416 591 2437 enm
615 2405 814 2445 delectaret,
836 2415 993 2451 peccare,
1018 2405 1124 2437 etiam
1148 2405 1178 2438 si
1201 2416 1325 2438 caussa
1347 2416 1417 2437 non

34 2461 131 2490 esset.
167 2457 372 2506 Interpretes
394 2465 578 2502 praeterea
600 2465 845 2505 compararunt
868 2461 955 2495 Sall.
980 2462 1126 2506 Fragm.
1151 2462 1257 2496 Histt.
1273 2463 1299 2501 1,
1314 2462 1370 2503 19,
1379 2462 1414 2495 9.

33 2512 154 2547 Senec.
196 2515 261 2558 Ep.
291 2515 369 2550 1⁰5.
409 2517 486 2551 Liv.
517 2518 554 2559 1,
586 2519 649 2560 47,
679 2519 712 2552 1.
751 2538 796 2543 —
845 2520 899 2553 De
936 2520 1038 2552 simul
1080 2519 1251 2562 particula
1294 2531 1328 2553 v.
1371 2520 1416 2553 ad

33 2581 62 2603 c.
82 2571 178 2612 XIX,
193 2571 226 2604 2.
245 2590 291 2596 —
317 2573 456 2607 Sullam·
485 2576 611 2609 milites
635 2575 658 2609 i.
683 2588 712 2609 c.
738 2576 912 2618 veterani,
936 2576 978 2609 de
1001 2576 1127 2620 quibus
1149 2576 1347 2611 monuimus
1370 2577 1415 2611 ad

33 2639 64 2661 c,
87 2629 265 2670 XXXVII,
284 2629 318 2663 6.
342 2630 415 2664 Cic.
446 2631 483 2665 in
507 2632 608 2666 Catil.
623 2634 668 2675 11,
687 2633 722 2676 9,
742 2633 799 2667 20.
832 2635 869 2667 in
893 2639 1029 2668 tantum
1060 2645 1121 2667 aes
1148 2635 1299 2667 alienum
1330 2635 1416 2668 inci-

33 2685 170 2727 derunt,
192 2691 244 2729 ut,
268 2687 299 2721 si
321 2688 411 2722 salvi
433 2701 505 2724 esse
528 2691 647 2732 velint,
671 2691 771 2726 Sulla
793 2692 839 2726 sit·
860 2693 903 2726 iis
926 2693 970 2726 ab
994 2692 1114 2735 inseris
1138 2691 1349 2725 excitandus.
