1630 3034
478 157 836 202 IUGURTHA.
870 156 998 199 CAP.
1029 154 1198 198 XXVI.
1436 155 1524 197 155

142 290 281 334 teque
316 281 361 319 et
396 275 616 336 oppidum
660 272 906 335 Iugurthae
946 271 1115 326 tradat3
1159 276 1331 315 tantum
1372 270 1430 315 ab
1467 285 1523 314 eo

143 373 277 416 vitam
312 349 590 432 paciscatur,
627 370 684 414 de
717 371 873 414 ceteris
910 369 1093 414 Senatui
1130 384 1262 413 curae
1296 369 1410 417 fore.
1460 369 1558 412 At2

144 469 219 514 ille
258 470 432 514 tametsi
478 469 627 513 omnia
672 467 847 527 potiora
897 466 991 510 fide
1041 465 1286 526 Iugurthae
1330 466 1526 523 rebatur,

145 571 317 619 tamen,
351 565 454 623 quia
488 581 627 625 penes
665 562 875 617 eosdem,
915 563 950 606 si
981 562 1314 616 adversaretur,
1351 579 1528 624 cogun-

146 661 192 705 di
216 668 413 722 potestas
444 670 565 719 erat,
599 662 685 716 ita,
720 661 783 704 uti
818 665 1082 704 censuerant
1120 659 1288 717 Italici,
1334 660 1541 734 deditio--

146 772 249 800 nem
291 757 408 800 facit.
488 758 705 818 Iugurtha
751 757 795 800 in
840 756 990 814 primis
1025 756 1332 801 Adherbalem
1369 759 1565 802 exera-3

148 855 310 898 ciatum
356 860 508 908 necat3
557 854 720 898 deinde
764 854 906 897 omnis
961 853 1156 913 puberes
1218 855 1438 900 Numidas
1487 862 1534 900 et

147 1045 397 1089 impulsoribus
420 1045 549 1079 iniisse.
573 1063 618 1071 —-
639 1046 740 1081 Facit
772 1045 896 1089 optimi
922 1045 1087 1081 exhibent
1114 1046 1219 1085 libri,
1252 1051 1291 1082 ut
1315 1048 1398 1083 ΝΜ.
1428 1048 1534 1083 com-

149 1106 269 1141 melin.
306 1107 388 1141 Bas.
418 1107 454 1141 1.
483 1107 588 1140 Fabr.
617 1108 651 1141 l.
679 1107 762 1141 Sen.
790 1106 825 1141 l.
853 1106 948 1141 Leid-
967 1108 1006 1142 [ι.
1029 1108 1137 1143 Paris.
1162 1109 1195 1142 b.
1213 1120 1241 1142 c.
1259 1120 1292 1142 x.
1313 1121 1344 1142 z.
1362 1110 1535 1154 multique

149 1165 235 1207 alii3
254 1167 364 1210 fecit,
393 1166 485 1209 quod
513 1167 547 1200 in
571 1167 710 1202 relicuis
734 1172 804 1209 est,
826 1168 1022 1203 scribarum
1045 1168 1187 1214 ingenio
1208 1180 1370 1214 praeseus
1391 1169 1535 1205 histori-

150 1237 231 1260 cum
253 1237 322 1260 uon
338 1227 525 1261 ferentium
548 1228 703 1261 debetur.

244 1288 278 1329 §.
291 1287 326 1321 3.
374 1288 411 1321 in
425 1289 562 1334 primis]
595 1289 673 1322 Hae
688 1300 789 1322 voces
808 1300 870 1323 cnr
886 1290 923 1323 h.
943 1290 966 1324 1.
983 1289 1121 1324 divisim
1138 1290 1343 1326 scribendae
1364 1291 1432 1326 sint
1446 1291 1537 1325 dixi-

152 1358 230 1380 mus
250 1348 294 1382 nd
313 1349 389 1382 Cat.
410 1349 494 1389 Lx,
517 1349 550 1383 6.
570 1369 616 1375 —-
642 1349 773 1390 Necat‚
807 1349 864 1383 cui
891 1349 1013 1384 statim
1044 1355 1120 1394 post
1145 1352 1328 1386 subiicitur
1351 1353 1537 1396 interfecit,

152 1419 252 1442 sensu
287 1409 506 1452 aliquantum
540 1409 585 1443 ab
625 1421 667 1443 eo
694 1410 822 1445 differt.
878 1412 1075 1452 Interficere
1103 1411 1194 1445 enim
1223 1413 1326 1447 latius
1351 1418 1467 1458 patet,
1501 1418 1538 1448 et

153 1469 312 1512 quemvis
329 1470 507 1504 occidendi
525 1470 672 1504 alicuius
691 1471 834 1504 modum
855 1475 890 1505 et
903 1482 1064 1505 caussam
1083 1471 1274 1517 significat3
1309 1486 1435 1508 necare
1453 1486 1538 1509 vero

153 1530 328 1564 notionem
345 1532 453 1565 habet
468 1531 630 1565 immanis
651 1531 737 1566 facti
755 1542 797 1564 ac
815 1531 1042 1573 crudelitatis,
1066 1544 1136 1576 qua
1154 1533 1227 1567 vita
1249 1535 1354 1569 alicui
1374 1536 1538 1580 eripitur-3

155 1592 201 1626 cf.
222 1593 353 1628 Ludov.
371 1593 568 1629 Doederlin.
588 1593 781 1637 Synonym.
799 1592 878 1626 Lat.
902 1593 979 1626 Vol.
1003 1594 1063 1626 ΙΙΙ.
1097 1605 1131 1637 p.
1169 1594 1238 1629 186
1264 1607 1315 1639 sq.
1346 1596 1419 1630 Cic.
1450 1608 1485 1640 p.
1513 1597 1538 1630 Ι.

154 1652 251 1686 Man.
284 1664 313 1688 c.
339 1652 383 1694 5,
406 1653 463 1687 11.
489 1655 547 1698 qui
580 1655 735 1699 legatum
762 1655 881 1698 populi
908 1655 1059 1688 Romam·
1088 1657 1301 1690 cumularem
1329 1657 1541 1691 vinculis

157 1724 207 1746 ac
231 1714 511 1748 verberibus
535 1720 673 1760 atque
698 1718 816 1750 omni
841 1716 1077 1760 supplicio
1102 1717 1425 1751 excruciatam
1457 1729 1544 1753 ne-

154 1774 284 1807 cavit.
312 1774 408 1808 Curt.
433 1776 503 1816 lx,
528 1775 572 1818 7,
595 1776 629 1810 8.
655 1777 785 1809 Boxum
808 1776 965 1819 protinus
995 1777 1132 1820 placuit
1163 1778 1400 1822 interfici,·
1435 1779 1542 1813 Bico-

154 1846 234 1868 nem
259 1836 364 1868 etiam
386 1838 735 1880 percruciatum
759 1837 928 1871 necari.
951 1837 1048 1870 Caes.
1074 1839 1115 1871 Β.
1142 1839 1185 1872 G.
1213 1839 1296 1881 Vll,
1320 1839 1365 1881 7,
1390 1840 1424 1874 9.
1450 1851 1541 1874 ma-

155 1896 404 1939 gnitudine
428 1898 654 1941 supplicii
677 1898 875 1931 dubitantes
898 1898 1012 1942 cogit3
1035 1910 1117 1932 nam
1140 1900 1270 1934 maiore
1287 1902 1464 1934 commisso
1480 1901 1543 1935 de-

157 1957 237 1989 licto
271 1957 374 2000 igni
410 1963 548 2001 atque
580 1959 792 1991 omnibus
826 1960 1068 1993 tormentis
1090 1966 1240 1994 necat.
1265 1961 1420 1996 Lactant.
1445 1962 1483 2003 1,
1506 1961 1543 1996 4.

158 2016 275 2059 itaque
299 2017 336 2057 ii,
363 2028 504 2060 quorum
526 2023 672 2061 peccata
695 2023 729 2051 et
752 2019 995 2061 arguebantur
1018 2025 1052 2053 et
1072 2021 1359 2063 prohibebantur,
1385 2034 1545 2056 excru-

159 2076 304 2109 ciatos
331 2088 406 2110 eos
430 2078 731 2111 acerbissime
754 2085 1022 2114 necaverat.
1057 2091 1147 2122 quae
1171 2081 1330 2124 exempla
1346 2081 1466 2116 Cottio
1481 2083 1546 2115 de-

159 2135 296 2168 bentur.
321 2136 365 2169 ef.
388 2136 481 2170 infra
505 2150 535 2170 c.
559 2138 720 2181 LXXIV,
745 2139 779 2173 1.
805 2139 991 2182 Perper-am
1023 2139 1134 2184 igitur
1164 2142 1337 2176 Gruterus
1370 2143 1546 2186 interfecit

161 2195 353 2229 tollendum
394 2203 528 2238 censet3
571 2209 653 2231 nam
694 2199 918 2242 promiscuae
951 2200 1182 2235 Numidarum
1215 2207 1250 2237 et
1284 2203 1546 2248 negotiatorum

160 2256 258 2289 caedi
280 2262 400 2297 necat,
424 2258 516 2300 quod
540 2257 600 2291 ille
625 2258 733 2292 etiam
755 2260 828 2294 huc
851 2261 942 2294 trahi
963 2261 1047 2301 vult,
1071 2272 1138 2294 non
1163 2262 1333 2298 convenit.
1381 2264 1548 2298 Ridicule

161 2321 277 2350 autem
303 2322 338 2350 et
362 2318 592 2352 somniculose
617 2320 827 2354 Gerlachius
851 2323 991 2362 „miror
1006 2347 1016 2361 ‚
1042 2323 1170 2364 inquit,
1204 2324 1377 2359 neminem
1401 2325 1436 2359 in
1460 2337 1547 2360 voce

162 2377 334 2419 interfecit
358 2377 600 2421 offendisse,“
623 2379 682 2422 qui
705 2380 778 2424 ipse
802 2382 888 2415 adeo
912 2382 1115 2424 offenderit,
1140 2389 1179 2418 ut
1199 2383 1234 2418 in
1260 2389 1356 2420 textu
1379 2387 1433 2420 ed.
1459 2387 1544 2421 mai.

162 2442 326 2481 tanquam
348 2439 506 2481 spurium
529 2439 662 2473 uncinis
690 2441 891 2475 includeret.
940 2442 1008 2475 sed
1033 2453 1075 2477 ea
1101 2450 1153 2478 est
1174 2445 1214 2479 V.
1239 2446 1280 2479 1).
1307 2445 1457 2481 insolens
1491 2447 1546 2481 in-

162 2498 428 2533 considerantia.
451 2518 497 2524 —
523 2500 655 2534 Deinde
678 2513 796 2536 omnes
816 2503 948 2536 habent
980 2503 1146 2548 Gruter-i,
1179 2506 1310 2541 Wmii
1343 2511 1377 2541 et
1407 2507 1547 2541 Havet-

162 2558 277 2602 campi
307 2559 419 2602 codd„
452 2560 559 2594 etiam
583 2563 778 2606 complures
811 2564 942 2604 conii,
983 2563 1020 2598 in
1054 2564 1166 2609 iisque
1198 2566 1282 2600 Bas.
1315 2568 1348 2602 l.
1380 2567 1486 2601 Fabr.
1510 2567 1544 2602 1.

162 2620 243 2653 Sen.
261 2620 313 2660 1.;
338 2621 496 2654 nonnulli
516 2627 631 2657 tamen
650 2624 743 2666 dein,
768 2625 858 2667 quod
876 2625 937 2658 ille
952 2625 1130 2668 amplexus
1147 2630 1210 2661 ost.
1227 2645 1274 2652 —
1297 2627 1366 2661 Pro
1386 2629 1546 2669 armatis,

164 2682 255 2722 quod
291 2681 449 2724 plerique
477 2683 626 2717 editores
656 2689 880 2729 receperunt,
909 2685 945 2719 in
977 2687 1124 2722 Eccard.
1149 2688 1232 2722 Bas.
1258 2688 1290 2722 l.
1314 2688 1428 2723 Paris.
1452 2700 1485 2723 x.
1511 2692 1546 2723 et

165 2752 194 2775 z.
221 2752 268 2775 m.
292 2753 361 2776 sec.
381 2743 484 2778 Acad.
510 2744 630 2780 δίων.
658 2745 777 2780 Guelf.
802 2745 836 2780 4.
860 2746 894 2780 7.
918 2744 953 2780 9.
978 2747 1034 2781 10.
1058 2747 1114 2781 11.
1139 2752 1174 2783 et
1196 2748 1357 2784 omnibus
1388 2749 1544 2792 Grates-i,
