1630 3034
424 181 790 225 IUGURTHA.
852 183 973 225 (ΖΑΓ.
1000 183 1172 225 XXIX.
1396 188 1478 227 165

89 299 253 360 gurtha
297 300 444 359 primo
488 297 797 342 tantummodo
845 299 950 342 belli
996 314 1167 343 moram
1212 299 1473 356 redimebat,

88 399 358 441 existumans
403 410 500 439 sese
549 395 716 452 aliquid
748 394 934 438 'interim
979 396 1155 439 Romae
1205 397 1352 455 pretio
1400 404 1475 441 aut

86 493 231 554 gratia
267 492 556 545 effecturum,
592 498 750 551 postea
780 506 888 535 vero
924 506 1058 550 quam
1094 493 1359 552 participem
1395 510 1476 538 ne-

86 591 182 650 goti
216 587 437 633 Scaurum
474 588 674 647 accepit,
721 588 764 631 in
802 603 1053 631 maxumam
1091 604 1218 647 spem
1255 589 1474 634 adduct-us

85 686 420 745 recuperandae
463 684 586 744 pacis
623 685 773 728 statuit
809 700 911 728 cum
953 686 1013 728 eis
1052 684 1109 729 de
1147 686 1350 730 omuibus
1386 703 1472 747 pa-

85 783 301 827 ctionibus
357 797 571 843 praesens
628 797 777 852 agere.
873 781 1084 826 Ceterum
1139 783 1307 826 interea
1366 783 1508 833 fidei4

83 958 232 1003 petuitae
256 958 422 1002 temporis
445 957 677 1003 significatur,
708 968 799 1000 quae
821 957 866 991 ab
891 957 1009 1001 aliquo
1035 969 1218 1004 progressa
1242 957 1341 991 initio
1367 969 1475 1001 usquc

83 1019 128 1053 ad
152 1025 286 1053 certum
311 1020 415 1052 finem
439 1017 644 1052 extenditur.
693 1019 771 1052 Hoc
795 1019 888 1052 enim
913 1019 994 1053 dicit
1026 1019 1233 1061 Sallustius,
1270 1030 1330 1062 per
1363 1022 1474 1052 tntum

83 1080 252 1122 temporis
274 1080 426 1121 spatium
459 1079 537 1111 iude
561 1089 582 1111 a
606 1077 717 1120 primo
750 1078 889 1121 gratiae
912 1080 1132 1122 quaerendae
1156 1079 1338 1112 conamine
1362 1090 1473 1122 usque

82 1139 127 1172 ad
151 1144 349 1182 susceptum
374 1139 408 1172 iu
424 1139 589 1173 Numidia
606 1138 737 1170 bellum
755 1137 927 1171 Scaurum
953 1141 1028 1184 regi
1052 1141 1277 1173 adversatum
1301 1152 1386 1173 esse.
1422 1141 1475 1173 De

82 1199 157 1233 eius
181 1200 331 1234 avaritia
354 1211 422 1234 non
447 1201 539 1233 male
554 1200 681 1232 Florus
705 1200 754 1232 ait
769 1199 830 1239 111,
856 1199 888 1240 l,
902 1198 934 1234 5.
964 1200 1074 1243 Quum
1093 1201 1267 1245 Iugurtha
1289 1201 1324 1234 in
1342 1204 1473 1235 Scauro

83 1261 173 1304 ipsos
199 1260 350 1292 Romani
374 1262 508 1305 imperii
531 1271 641 1294 mores
665 1262 941 1304 expugnavisset.

176 1321 209 1365 ὃ.
231 1321 311 1354 3.et
325 1319 358 1356 4.
404 1322 514 1365 primo
539 1321 791 1364 tantummodo]
820 1321 933 1354 Primo
955 1320 1158 1363 scripsimus
1182 1333 1224 1354 ex
1239 1321 1422 1357 Fal›1·ic.l.
1437 1321 1472 1357 2.

82 1381 202 1416 StruV.
236 1382 304 1415 Inc.
321 1381 354 1414 1.
390 1382 503 1417 Paris.
528 1394 560 1417 z.
596 1381 779 1415 Einsiedel.
809 1381 896 1414 Tur.
915 1382 945 1414 1.
972 1381 1092 1414 Goerl.
1119 1381 1191 1416 Eri.
1219 1382 1333 1426 Ceteri
1355 1393 1474 1416 omncs

81 1443 213 1476 habent
233 1443 403 1486 primum,
429 1449 467 1476 ut
494 1443 601 1487 vulgo
625 1442 750 1483 editur,
778 1443 838 1475 sed
863 1443 964 1476 falso.
1012 1441 1102 1475 Nam
1127 1453 1235 1484 quum
1259 1454 1327 1475 non
1350 1442 1473 1477 variae

81 1513 209 1537 causae
231 1507 294 1536 aut
317 1503 467 1537 rationes
489 1507 753 1544 enumerentur,
783 1503 840 1536 sed
866 1502 974 1546 priori
998 1502 1144 1545 tempori
1171 1503 1341 1545 posterius
1364 1515 1470 1548 oppo-

82 1569 206 1604 natur,
237 1563 372 1597 dicendi
406 1575 488 1598 usus
517 1565 630 1608 primo
664 1565 836 1608 postulat}
874 1565 920 1597 cf.
957 1567 1074 1596 notata
1106 1563 1150 1596 ad
1176 1564 1251 1597 Cat.
1276 1564 1408 1606 XXIV,
1438 1565 1470 1597 1.

81 1637 115 1669 p.
145 1623 223 1659 118.
255 1623 397 1658 Weberi
431 1624 618 1658 Exercitat.
653 1625 745 1669 styli
770 1627 847 1660 Lat.
885 1626 930 1659 T.
949 1625 975 1657 1.
1012 1637 1047 1668 p.
1071 1623 1129 1658 ὅθ.
1166 1626 1240 1660 Cat.
1266 1624 1400 1664 xxw,
1434 1624 1469 1658 3.

83 1686 251 1719 Mulieres
280 1685 418 1729 primo
448 1685 601 1729 ingentis
625 1691 780 1729 sumptus
811 1687 1064 1726 toleraverant,
1098 1689 1201 1728 post
1235 1696 1294 1717 aes
1320 1685 1470 1717 alienum

80 1747 218 1792 grande
235 1748 483 1790 conflaverant.
501 1765 546 1770 —
572 1747 624 1779 De
642 1748 677 1780 vi
694 1748 888 1780 reJimebat
906 1745 1104 1788 imperfecti
1122 1756 1153 1777 V.
1169 1745 1213 1778 ad
1236 1757 1266 1778 c.
1283 1745 1421 1785 xxvu,
1436 1745 1468 1778 1.

81 1826 123 1833 -
149 1807 219 1840 Pro
242 1807 375 1850 accepit
398 1807 537 1840 Cortius
560 1807 653 1840 dedit
678 1812 878 1851 acceperut,
904 1807 994 1850 quod
1020 1811 1070 1839 est
1093 1805 1129 1838 in
1154 1805 1348 1847 Commel.,
1384 1805 1470 1838 duo-

79 1867 145 1901 bus
167 1867 317 1908 Wassii,
342 1866 453 1901 tribus
478 1867 607 1901 Guelff.
631 1868 738 1901 Fabr.
753 1868 785 1901 1.
811 1868 843 1901 2.
869 1858 974 1902 Acad.
992 1867 1109 1901 Struv.
1131 1866 1314 1899 Eiusiedel.
1329 1867 1416 1900 Tur.
1435 1867 1467 1899 l.

80 1932 114 1962 et
131 1927 223 1961 Med.
242 1928 276 1961 7.
305 1927 441 1961 Relicui
459 1932 655 1961 constanter
672 1932 864 1973 perfectum
886 1927 1045 1967 retinent,
1071 1927 1162 1970 quod
1188 1939 1267 1960 cum
1282 1926 1470 1960 Gerlachio

80 1999 246 2031 reponere
268 1999 335 2021 non
360 1988 617 2029 dubitavimus,
651 2001 760 2032 quum
795 1992 932 2032 practer
957 1987 1125 2020 maiorem
1157 1987 1255 2020 codd.
1280 1986 1468 2020 auctorita-

81 2053 151 2081 tem
177 2047 282 2080 etiam
299 2049 464 2091 loquendi
490 2061 554 2082 usu
578 2050 851 2082 commendetur.
903 2049 1017 2081 Multo
1043 2047 1254 2091 frequentius
1277 2046 1368 2080 enim
1394 2058 1468 2090 per-

82 2108 214 2141 fectum
247 2120 352 2151 quam
387 2110 766 2152 plusquamperfectum
798 2108 990 2152 particulae
1011 2113 1195 2152 postquam
1229 2106 1469 2151 coniungitur3

82 2179 116 2201 v.
143 2169 280 2211 Zumpt.
305 2169 463 2204 Graium.
491 2170 565 2204 Lat.
604 2171 636 2211 §.
653 2169 720 2212 78,
746 2169 801 2202 13.
831 2173 902 2202 not.
930 2181 961 2213 p.
983 2170 1063 2204 426.
1099 2169 1152 2203 cd.
1177 2168 1233 2202 IV.
1264 2168 1345 2201 coll.
1380 2179 1469 2211 quae

81 2228 230 2262 diximus
254 2229 297 2262 ad
321 2241 352 2262 c.
380 2229 447 2270 ΧΠ,
471 2229 506 2263 2.
531 2230 606 2263 Cat.
626 2230 695 2267 M,
719 2229 753 2264 7.
780 2229 865 2268 ΧΠ,
890 2229 922 2262 1.
948 2231 1034 2271 XX,
1059 2230 1092 2264 1.
1117 2231 1214 2270 xm,
1234 2229 1270 2264 3.
1295 2230 1393 2272 Quae
1412 2240 1466 2264 ra-

80 2289 130 2322 tio
156 2300 262 2331 quum
287 2299 308 2323 a
332 2294 470 2323 nostrae
493 2290 634 2334 linguae
658 2289 798 2333 ingenio
823 2289 939 2324 aliena
963 2291 1026 2332 sit,
1052 2291 1124 2324 veri
1146 2296 1196 2323 est
1220 2289 1368 2323 similius
1392 2277 1468 2333 pe?-

81 2350 211 2383 fectum
237 2361 258 2383 a
281 2349 405 2383 scribis
429 2350 463 2383 in
490 2351 871 2394 plusquamperfectum
897 2362 971 2383 esse
994 2355 1179 2391 mutatum,
1205 2361 1309 2394 quam
1337 2356 1468 2384 contra.

83 2430 126 2435 -
155 2410 292 2455 Vagam
319 2411 461 2453 plurimi
486 2412 567 2445 libri
601 2416 734 2452 tenent,
771 2422 917 2455 eamque
950 2412 1102 2445 formam
1134 2412 1239 2445 etiam
1274 2410 1356 2453 alii,
1394 2416 1467 2444 tum

83 2471 210 2505 Graeci
234 2477 306 2504 tum
333 2472 447 2506 Latini
471 2473 654 2515 scriptores
678 2478 879 2516 sequuntur.
904 2484 938 2505 v.
966 2473 1092 2506 Cellar.
1118 2473 1195 2507 Not.
1221 2473 1305 2506 orb.
1330 2477 1399 2505 ant.
1412 2472 1468 2512 lv,

81 2531 121 2576 5,
148 2532 203 2566 16.
228 2544 260 2576 p.
287 2532 366 2566 903.
392 2534 445 2566 ed.
465 2535 508 2567 Π.
534 2535 573 2567 Ιη
597 2534 676 2568 aliis
703 2534 801 2568 codd.
827 2539 878 2567 est
907 2534 1023 2575 I'aca,
1047 2533 1083 2567 in
1107 2533 1187 2567 aliis
1216 2535 1348 2571 Vacca,
1375 2534 1468 2577 quod

83 2593 292 2627 Gerlachius
315 2594 350 2627 in
375 2594 587 2628 commentt.
610 2606 643 2638 p.
663 2595 745 2629 257.
785 2600 819 2628 et
844 2596 1045 2628 Marmei-tus
1070 2595 1104 2627 in
1129 2595 1261 2639 Gcogr.
1287 2595 1411 2629 Gracc.
1436 2597 1470 2627 et

83 2641 187 2688 Rom.
211 2655 315 2688 Tom.
335 2656 380 2688 X.
406 2656 445 2691 P.
467 2655 511 2688 11.
537 2667 568 2698 p.
586 2654 665 2690 373.
691 2656 853 2700 probant.
904 2655 1034 2689 Vereor
1067 2659 1105 2689 ut
1138 2662 1240 2690 recte.
1288 2656 1468 2698 Quantum

83 2714 176 2749 enim
200 2715 235 2749 iu
258 2716 456 2749 nominibus
480 2716 628 2760 propriis
654 2727 675 2750 a
699 2717 823 2749 scribis
847 2716 985 2759 peccari
1009 2717 1138 2758 soleat,
1163 2716 1248 2750 satis
1261 2721 1380 2749 notum
1400 2718 1469 2754 θείς

85 2786 192 2818 quare
215 2776 449 2821 plurimorum
475 2777 679 2821 scriptorum
703 2788 886 2811 consensus
909 2777 987 2820 plus
1010 2777 1125 2819 valet,
1149 2787 1253 2819 quam
1277 2785 1471 2819 paucorum
