1630 3034
370 174 722 221 CATILINA.
780 177 915 223 CAP.
945 176 1101 221 XVIII.
1363 184 1421 224 89

37 295 131 343 citu
176 294 235 340 ad
271 294 534 341 obtinendas
581 295 690 339 duas
724 294 962 354 Hispanias
1003 294 1190 341 mittere.
1257 295 1327 340 Ea
1371 311 1420 341 re
1446 305 1475 345 6

38 388 238 448 cognita,
272 400 423 431 rursus
454 388 503 430 in
522 387 672 431 Nonas
696 384 963 434 Februarias
999 368 1230 431 consilium
1270 378 1422 431 caedis

36 478 357 523 transtulerant.
425 476 523 522 Iam
557 483 653 521 tum
700 491 791 521 non
825 476 1093 522 Consulibus
1129 472 1420 535 modo,³'sed
1442 491 1470 531 7

36 569 264 628 plerisque
344 567 634 612 senatoribus
711 568 959 629 perniciem
1038 568 1422 616 machinabantur.

37 659 224 715 Quodni
259 659 450 704 Catilina
484 665 745 704 maturasset
776 674 864 719 pro
901 659 1024 705 curia
1068 660 1246 720 signum
1291 660 1422 706 sociis
1438 660 1465 701 8

35 801 216 846 id‚13cet
237 800 448 837 Gerlachius
470 801 673 847 repetierit,
696 814 840 847 prorsus
872 801 1003 836 falsum
1025 801 1088 836 est.
1150 801 1306 836 Romani
1329 801 1422 836 enim

36 859 88 894 ita
108 870 177 893 usu
200 858 430 894 distirxvrunt
459 859 550 894 inter
573 859 636 893 sed
658 860 765 894 etiam
812 865 825 893 ι.
848 859 995 903 simplex
1018 860 1101 902 sed,
1134 863 1173 895 ut
1204 860 1291 893 illud
1314 872 1423 909 pone-

36 919 135 958 rent,
163 915 194 950 si
279 930 295 938 ··
351 927 405 950 ue
426 917 540 951 memt
558 920 625 951 um
648 917 725 960 pa'r'i
748 928 784 951 es
777 927 824 951 se
847 917 884 950 vi
906 916 1048 959 vellent,
1071 917 1160 959 hoc,
1185 908 1218 950 si'
1239 927 1300 966 pos
1286 915 1423 951 teriori

36 984 92 1007 me
206 969 221 989 3‘
246 987 248 990 >
379 982 400 1007 ι
411 975 590 1018 qfflndam
613 972 688 1007 vim
710 972 922 1014 inhaerent,
942 973 996 1008 ita
1018 978 1057 1008 ut
1080 967 1164 1018 prae
1186 973 1300 1008 altero
1324 973 1424 1018 quasi

37 1030 227 1073 emineretg
251 1031 320 1065 hoc
343 1036 460 1066 autem
484 1030 658 1076 imprium
691 1031 819 1073 fiebn,
853 1031 884 1064 si
908 1029 1012 1064 latius
1035 1033 1170 1075 pateret
1188 1041 1300 1086 quam
1322 1035 1422 1069 ante-

37 1097 219 1134 gressum,
243 1088 348 1132 idque
370 1100 412 1123 eo
435 1089 679 1123 contineretur.
701 1100 735 1122 V.
763 1099 791 1121 c.
820 1087 924 1122 Catil.
943 1086 1106 1129 xxxix,
1125 1086 1159 1120 6.
1183 1097 1291 1131 neque
1312 1089 1422 1121 solum

0 1138 3 1141 ’
38 1147 142 1190 civis,
175 1146 238 1180 sed
257 1147 419 1190 cuiusque
442 1148 536 1180 modi
557 1157 670 1193 'genus
701 1146 887 1180 hominum.
944 1143 1043 1177 Dixit
1073 1144 1116 1177 de
1144 1144 1214 1178 hoc
1245 1157 1284 1178 us
1288 1157 1309 1178 u
1333 1145 1422 1179 Bre-
1463 1190 1465 1192 q

38 1202 130 1236 mins
141 1201 198 1236 'ad
220 1203 306 1246 Nep.
331 1203 467 1237 Cimon.
489 1204 523 1247 4,
550 1206 585 1239 1.
621 1203 732 1239 Heusi
758 1215 793 1248 ω’.
825 1203 870 1237 ad
894 1200 964 1236 off.
989 1201 1016 1243 1,
1042 1200 1076 1242 4,
1101 1201 1135 1235 4.
1169 1213 1232 1236 nec
1255 1202 1322 1236 sibi
1344 1204 1420 1246 soli,

38 1260 101 1293 sed
124 1260 283 1304 coniugi,
316 1261 450 1302 liberis,
484 1261 698 1305 ceterisque.
716 1261 745 1303 I,
770 1260 827 1302 39,
851 1258 886 1294 3.
920 1261 956 1293 in
988 1253 1126 1293 domum
1157 1272 1225 1293 non
1247 1262 1422 1305 repulsam

38 1316 147 1350 solum
170 1317 310 1359 retulit,
341 1318 404 1351 sed
425 1318 655 1363 ignmninian
679 1322 713 1352 et
730 1318 985 1351 'calamitatem
1017 1315 1189 1360 11,2‚1-.
1228 1329 1298 1355 non
1321 1319 1422 1366 modo

39 1374 260 1417 disputandi,
283 1374 345 1407 sed
367 1375 508 1408 vivendi
529 1375 664 1410 ratione
687 1376 837 1410 sublata.
872 1375 1042 1408 Goeran.
1067 1374 1111 1407 ad
1128 1365 1208 1409 Cic
1228 1375 1339 1421 Legg.
1358 1376 1423 1418 111,

38 1431 97 1472 11,
118 1431 175 1467 25.
199 1436 234 1466 et
257 1426 304 1465 ad
325 1431 355 1472 1,
372 1430 429 1472 14,
453 1431 509 1465 41.
544 1433 636 1478 Aug.
661 1432 831 1466 Matthias
852 1432 898 1466 ad
923 1432 996 1470 Cic,
1020 1431 1057 1465 in
1082 1432 1184 1467 Catil.
1205 1433 1265 1473 111,
1286 1434 1343 1476 10,
1362 1433 1421 1467 21.

37 1493 72 1522 et
95 1489 236 1524 Passum
260 1489 305 1523 ad
329 1489 446 1523 Tacit.
474 1489 594 1526 Germ.
620 1502 650 1524 c.
669 1490 745 1532 XV,
768 1493 853 1525 extr.
889 1489 949 1533 qui
973 1494 1090 1522 tamen
1113 1489 1158 1522 ad
1182 1482 1336 1535 eiusdem
1358 1501 1423 1535 ge-

35 1545 129 1579 neris
150 1547 269 1580 locum
290 1545 374 1580 ibid.
401 1559 431 1580 c.
446 1547 536 1590 X‚p.
550 1547 641 1581 med.
666 1547 824 1592 graviter
846 1547 963 1592 lapsus
987 1547 1120 1589 est,sccl
1144 1546 1252 1594 deleri
1270 1547 1422 1590 cupiens,

36 1602 259 1642 alienissimis
282 1604 449 1647 exemplis
472 1605 623 1646 collatis,
642 1605 762 1649 qualia
787 1606 831 1638 ad
856 1605 932 1639 Cat.
952 1604 1093 1644 XXXV,
1113 1603 1147 1639 2.
1172 1604 1421 1648 congessimus,

129 1662 162 1703 ἓ.
186 1660 219 1695 8.
254 1662 405 1707 quodni]
430 1663 533 1697 Hanc
557 1673 679 1696 vocem
703 1662 913 1696 coniunctim
937 1662 1153 1696 scribendam
1176 1652 1250 1695 csse
1274 1662 1424 1698 diximus

35 1717 80 1752 ad
105 1718 197 1760 c.⁴ll,
218 1718 252 1753 3.
313 1719 428 1752 Simul
461 1719 543 1752 inde
573 1720 819 1763 perspicietur,
844 1720 1094 1755 Kunhardtum
1134 1718 1299 1762 imperite
1328 1717 1422 1751 iudi-

36 1785 138 1817 care,
178 1776 269 1823 quod
299 1776 484 1823 particulis
518 1778 814 1812 condicionalibus
847 1778 1068 1811 coniunctum
1098 1774 1273 1810 interdum
1296 1776 1423 1808 redun-

35 1832 131 1868 dare.
153 1851 197 1857 ——
240 1833 455 1867 Matar-asset
491 1835 577 1867 dare
609 1840 660 1869 est
694 1835 841 1869 celerius
879 1836 938 1868 vel
971 1834 1214 1879 properantius
1253 1833 1422 1874 dedisset3

35 1889 156 1932 paullo
180 1889 282 1925 aliter
304 1896 484 1924 maturare
507 1896 672 1934 sequente
704 1892 769 1925 inf.
802 1891 954 1936 positum
987 1904 1017 1925 c.
1042 1890 1208 1932 XXXVI,
1227 1891 1261 1924 3.
1295 1891 1356 1924 ubi
1384 1901 1421 1925 v.

34 1947 90 1980 Ad
113 1950 268 1981 nostrum
293 1949 409 1982 locum
431 1948 581 1992 pertinet
612 1950 705 1992 quod
727 1949 926 1993 Herzogius
949 1949 994 1982 ad
1019 1960 1047 1982 c.
1069 1947 1167 1989 XIII,
1188 1948 1222 1981 2.
1257 1949 1422 1981 observa-

36 2002 109 2045 vit,
133 2010 325 2046 maturare,
349 2017 527 2050 occupare,
552 2007 754 2040 contendere
777 2007 886 2040 verba
910 2007 954 2040 ad
977 2005 1180 2049 analogiam
1205 2005 1422 2038 Graecorum

38 2060 208 2105 οἴχομαι,
243 2061 405 2108 φθάνω,
440 2062 611 2098 διατελέω
645 2065 892 2098 adverbiorum
924 2063 1019 2096 vices
1050 2062 1230 2096 sustinere.
1268 2061 1345 2095 Liv.
1373 2061 1421 2102 Π,

36 2117 95 2160 48,
117 2119 151 2153 2.
177 2126 464 2164 occuparent
486 2126 604 2164 patres
629 2134 726 2155 suum
750 2133 873 2154 munus
891 2123 1066 2163 facere.
1100 2119 1229 2153 Statim
1248 2123 1323 2162 post
1340 2130 1421 2152 cnm

39 2175 227 2211 Gerlachio
259 2177 517 2212 incommodam
552 2179 783 2212 recentiorum
815 2179 910 2212 editt.
941 2176 1251 2220 interpunctionem
1282 2176 1422 2219 sustuli,

37 2233 204 2267 semicolo
219 2259 229 2275 ‚
272 2235 365 2278 quod
405 2240 483 2278 post
523 2242 753 2270 convenerant
787 2239 881 2276 erat,
922 2234 958 2267 in
997 2244 1136 2267 comma.
1168 2239 1320 2275 mutato,
1377 2245 1422 2267 no

39 2290 148 2323 verba
181 2294 277 2325 arcte
316 2291 542 2326 cohaerentia
574 2293 797 2327 divellantur.
852 2293 973 2338 Nugas
1007 2296 1125 2326 autem
1161 2292 1236 2336 agit
1271 2291 1422 2332 eortius,

37 2344 76 2379 in
97 2347 214 2382 verbis
239 2360 281 2382 ea
303 2359 359 2382 res
390 2360 417 2382 ο.
444 2350 582 2385 diremit
616 2351 833 2395 hypallagen
864 2350 1094 2394 conspiciens,
1130 2360 1235 2393 quam
1268 2349 1423 2392 explicat

39 2413 83 2440 ea
106 2415 145 2438 re
169 2416 198 2439 c.
216 2408 354 2450 frustra
371 2407 457 2451 suit.
506 2408 562 2441 Ea
585 2419 640 2441 res
663 2408 868 2451 simpliciter
890 2413 940 2442 est
971 2409 1030 2448 i‹1,-
1062 2407 1152 2441 nihil
1175 2407 1268 2440 enim
1292 2408 1424 2449 tritius,

37 2472 147 2504 quam
175 2473 298 2496 vocem
329 2476 384 2498 res
408 2465 452 2500 ad
476 2465 828 2499 circumscribendum
850 2469 1011 2499 neutrum
1035 2465 1250 2509 pronominis
1280 2466 1338 2498 vel
1362 2465 1423 2498 ad-

38 2519 156 2553 iectivi
179 2520 351 2554 adhiberi.
385 2523 439 2556 Cf.
465 2534 496 2557 c.
523 2522 609 2564 XL,
636 2521 669 2557 4.
707 2523 796 2556 nihil
828 2527 901 2557 tam
935 2534 1095 2567 asperum
1119 2534 1210 2564 esse,
1244 2523 1334 2566 quod
1355 2535 1423 2556 non

38 2577 256 2621 cupidissime
273 2581 410 2625 facturi
434 2586 556 2624 essent,
574 2581 655 2614 dum
680 2592 731 2614 ca
754 2592 828 2614 res
852 2582 1028 2614 civitatem
1053 2591 1134 2613 aere
1158 2581 1270 2613 alieno
1297 2581 1423 2614 libera-

38 2638 103 2668 ret.
130 2635 203 2669 Cic.
230 2637 317 2680 Epp.
339 2637 383 2670 ad
407 2637 545 2673 Famm.
568 2638 609 2678 V,
631 2636 689 2679 15,
707 2638 741 2672 3.
765 2650 833 2672 non
857 2638 966 2671 habeo
991 2642 1142 2677 certum,
1164 2649 1276 2682 quac
1301 2642 1334 2671 tc
1352 2649 1423 2672 res

42 2692 120 2728 hinc
152 2695 303 2731 maxime
333 2695 501 2731 retrahat.
559 2694 684 2731 Noster
715 2696 791 2731 Cat.
825 2695 901 2737 vll,
926 2695 961 2730 Ἰ.
993 2695 1088 2743 xlx,
1110 2694 1143 2729 6.
1176 2695 1254 2737 XX,
1276 2693 1310 2729 4.
1342 2695 1422 2740 lug.
