1630 3034
149 177 232 217 1353
519 173 564 216 C.
593 173 921 216 SALLUSTI
952 173 1174 218 CRISPI

148 293 281 350 cepta
340 289 544 334 oratione
600 289 855 350 respondit:
912 290 994 335 sibi
1035 306 1183 351 neque
1220 291 1360 336 maius
1403 292 1533 350 quic-

146 401 281 445 quam
320 402 465 446 neque
501 387 644 431 carius
680 387 944 431 auctoritate
978 388 1132 433 Senati
1167 403 1288 442 esse3
1324 387 1381 431 ab
1416 387 1531 432 adu-

144 484 356 528 lescentia
389 484 452 528 ita
486 499 535 528 se
570 484 761 542 enisum,
797 485 859 528 uti
895 484 952 528 ab
981 489 1170 543 optumo
1206 499 1388 543 quoque
1421 499 1532 544 pro-

144 580 350 634 baretur3
395 581 582 637 virtute,
628 596 719 625 non
762 581 929 625 malitia
970 580 1022 625 P.
1069 580 1298 641 Scipioni,
1359 595 1532 625 summo

145 677 264 734 viro,
309 677 556 737 placuisse3
609 678 669 722 ob
716 677 898 722 easdem
946 678 1050 721 artis
1096 693 1123 721 a
1168 677 1388 738 Micipsa,
1442 692 1534 721 non

108 774 334 833 3penuria
368 774 632 830 liberorum,
668 775 713 819 in
747 790 939 835 regnum
974 774 1238 835 adoptatum
1269 789 1378 818 esse.
1441 771 1533 819 Ce-

144 877 292 915 terum
341 886 431 930 quo
479 871 613 931 plura
655 871 773 916 bene
817 877 952 931 atque
997 877 1174 916 strenue
1216 872 1421 927 fecisset,
1477 884 1533 914 eo

142 968 336 1012 animum
372 982 502 1012 suum
535 968 737 1012 iniuriam
772 969 914 1013 minus
948 969 1154 1013 tolerare.
1225 967 1533 1014 Adherbalem

141 1127 206 1151 sna
228 1116 385 1150 additum
408 1116 560 1161 legitur,
585 1117 677 1161 quod
701 1129 743 1152 ex
766 1118 885 1163 glossa
907 1116 1091 1152 accessisse
1113 1119 1207 1151 recte
1227 1116 1366 1151 curtius
1387 1116 1532 1151 iudicat.

141 1177 214 1212 Sed
243 1188 430 1221 perperam
464 1177 559 1212 idem
596 1190 633 1212 se
666 1178 786 1220 eiecit,
831 1179 924 1222 quod
957 1189 1077 1214 omnes
1107 1178 1247 1213 omnino
1281 1177 1365 1212 libri
1401 1179 1534 1217 tenent;

139 1238 273 1282 quippe
305 1239 349 1272 ad
380 1238 416 1272 id
447 1238 614 1272 tuendum
647 1240 722 1274 sola
749 1240 842 1273 valet
871 1239 969 1273 codd.
1003 1241 1214 1282 auctoritas,
1247 1250 1317 1273 non
1349 1249 1413 1282 ea,
1444 1249 1535 1282 quae

140 1299 353 1333 Gerlachius
376 1299 412 1332 in
436 1300 645 1334 Commentt.
669 1312 702 1344 p.
727 1299 808 1335 249.
836 1300 978 1334 confuse
1009 1304 1043 1334 et
1076 1299 1150 1334 sine
1181 1299 1344 1333 acumine
1374 1298 1536 1343 protulit.

138 1379 184 1387 -—
208 1361 278 1394 Pro
302 1361 433 1394 enisum
457 1361 528 1394 Inc.
553 1361 586 1395 1.
613 1362 731 1395 Guelf.
753 1361 787 1395 7.
811 1364 846 1395 et
880 1361 935 1394 11.
969 1362 1101 1395 habent
1129 1361 1290 1404 enixum,
1320 1360 1414 1404 quod
1449 1359 1532 1398 Ger.

137 1422 166 1455 l.
189 1421 333 1455 Vossius
355 1421 398 1454 de
422 1421 570 1465 Aualog.
595 1422 665 1464 111,
688 1422 747 1456 31.
771 1434 805 1466 p.
837 1422 917 1456 129.
951 1409 1118 1466 tanquam
1151 1426 1285 1455 certam
1319 1420 1535 1464 scripturam

138 1481 374 1525 amplectitur.
422 1481 492 1515 Sed
527 1486 667 1526 recepta
706 1483 822 1516 forma
855 1482 1037 1524 usitatior-3
1073 1483 1184 1517 altera
1214 1480 1384 1516 feminino
1406 1490 1534 1525 genere

138 1543 182 1576 de
205 1542 248 1576 iis
268 1546 477 1585 usurpatur,
503 1554 592 1585 quae
616 1546 756 1586 partum
782 1543 974 1578 ediderunt.
999 1563 1045 1569 —
1071 1544 1214 1578 Malitia
1236 1541 1327 1576 nihil
1350 1540 1447 1575 aliud
1471 1543 1534 1582 est,

136 1614 244 1647 quam
280 1613 366 1645 quas
398 1602 587 1637 Sallustius
612 1604 700 1637 alibi
734 1604 820 1638 dicit:
848 1606 963 1637 malas
997 1610 1112 1646 artes,
1145 1604 1219 1638 sive
1251 1602 1350 1636 vitia.
1372 1602 1420 1635 εἴ.
1442 1598 1531 1634 Tac.

136 1663 276 1698 Annali.
300 1663 399 1703 XIII,
424 1663 482 1704 30,
506 1663 541 1697 3.
567 1664 608 1697 L.
642 1665 776 1698 Volusio
800 1666 968 1709 inoffensa
994 1669 1043 1699 tot
1060 1665 1309 1708 imperatorum
1342 1661 1533 1696 malitia

130 1726 218 1769 suit.
244 1743 290 1749 —
314 1724 402 1756 Esse
425 1727 503 1767 post
527 1725 731 1768 adoptatum
756 1735 876 1758 omnes
901 1724 983 1758 libri
1012 1725 1180 1764 retinent,
1212 1723 1280 1756 nisi
1303 1722 1395 1766 quod
1417 1721 1533 1756 scriba

137 1785 173 1820 in
205 1784 345 1818 Fabric.
378 1784 412 1817 2.
449 1784 546 1817 facili
581 1785 681 1827 lapsu
709 1787 822 1828 fuisse
852 1785 1032 1825 exnravit3
1057 1783 1285 1818 nihilominus
1309 1776 1447 1816 Curtius
1471 1793 1532 1816 ex-

135 1845 250 1892 pulit,
283 1845 327 1879 ad
361 1845 520 1878 Sallustii
556 1856 657 1879 usum
691 1857 904 1888 provocans,
943 1857 1048 1890 quem
1080 1855 1183 1879 nemo
1217 1844 1332 1878 minus
1355 1833 1532 1888 ipso'per-

134 1910 294 1952 spectum
316 1905 454 1938 habuit.

233 1970 265 2010 §-
290 1967 324 2000 3.
372 1978 437 2010 quo
458 1966 575 2010 plura]
605 1966 709 1999 Haud
734 1967 837 2010 pauci
861 1966 944 2000 libri
969 1967 1085 2010 quod
1106 1968 1211 2011 plura
1237 1964 1419 2006 exhibent,
1444 1975 1533 2008 quae

137 2028 313 2072 scriptura
345 2027 464 2060 conio
497 2029 583 2061 adeo
618 2028 770 2071 plicuit
802 2032 841 2062 ut
875 2027 1066 2061 deliberari
1089 2039 1151 2071 pos
1155 2039 1190 2060 se
1213 2026 1307 2060 dicat
1329 2029 1407 2059 utra
1431 2037 1532 2069 prae-
1558 2051 1564 2058 .

137 2091 288 2126 feratur.
336 2088 407 2122 Sed
431 2089 586 2132 ineptum
612 2089 743 2132 aliquid
770 2089 899 2122 diceret
924 2088 1118 2133 Iugurtha,
1144 2087 1173 2120 si
1199 2090 1406 2130 propterea,
1443 2087 1534 2131 quod

138 2153 278 2197 plura
311 2151 401 2183 bene
433 2153 537 2192 atque
567 2153 705 2182 strenue
737 2149 803 2191 (sc.
837 2161 942 2192 quam
975 2148 1083 2191 male)
1117 2147 1199 2181 fecis
1203 2151 1272 2189 s,et
1307 2139 1473 2181 iniuriiu'n'
1496 2159 1533 2181 se

139 2212 215 2257 pati
237 2222 304 2245 non
327 2221 427 2254 posse
449 2210 656 2242 affirmaret.
704 2209 773 2242 Sed
796 2220 949 2252 compar.
942 2213 977 2242 ·1t
1000 2220 1041 2241 ex
1067 2208 1181 2241 divers
1185 2219 1205 2241 o
1229 2208 1370 2241 virtutis
1393 2208 1532 2252 magni-

140 2273 296 2308 tudinem
328 2283 408 2305 cum
441 2270 590 2304 iniuriae
623 2269 723 2311 odio,
749 2273 787 2303 ut
821 2274 871 2303 cst
895 2269 986 2314 apud
1013 2269 1084 2304 Cic.
1109 2269 1199 2313 Epp.
1222 2269 1264 2303 ad
1290 2267 1429 2302 FammL
1455 2269 1533 2313 ΧΠ,

140 2333 212 2375 23,
232 2334 266 2368 l.
289 2344 374 2377 quo
398 2337 462 2365 tua
486 2332 631 2366 maior
658 2331 816 2374 dignitas
842 2336 914 2371 est,
940 2343 986 2364 co
1014 2342 1103 2375 quac
1127 2331 1190 2364 tibi
1214 2329 1415 2364 acciderunt
1449 2331 1533 2364 mi-

141 2405 222 2428 nus
247 2393 412 2437 ferenda.
448 2411 493 2416 —
532 2392 618 2424 Eius
649 2403 768 2424 (nunes
803 2394 942 2425 tuentur
971 2392 1092 2430 codd.;
1125 2392 1183 2425 sed
1219 2389 1360 2425 Cottius
1387 2391 1533 2434 expulit,

142 2455 228 2499 quia
258 2453 294 2488 in
327 2453 406 2487 aliis
434 2452 536 2486 libris
569 2455 650 2485 anto
684 2452 829 2493 sceleri,
866 2451 901 2484 in
926 2452 1006 2485 aliis
1038 2456 1117 2496 post
1148 2452 1216 2485 hoc
1244 2463 1368 2486 nomen
1390 2443 1533 2496 legitur,

143 2525 234 2560 quae
256 2525 379 2548 caussa
403 2512 508 2547 nimis
534 2511 658 2546 debilis
682 2516 744 2546 est.
793 2514 839 2547 Ut
863 2514 1034 2558 lugurtha
1058 2525 1095 2546 se
1129 2517 1294 2555 excuset,
1322 2509 1440 2556 ,paene
1472 2522 1532 2545 no-

146 2575 338 2611 eessarium
376 2578 446 2615 est,
479 2573 554 2607 eius
588 2573 782 2607 orationem
812 2574 938 2608 diserte
969 2574 1014 2608 ud
1039 2573 1246 2607 Adherbalis
1269 2583 1453 2616 personam
1475 2583 1530 2605 re-

145 2637 242 2672 ferri.
290 2637 454 2670 Ceterum
486 2634 698 2668 Gerlachius
731 2638 822 2668 recte
854 2634 961 2668 edidit
990 2635 1112 2669 sceleri
1144 2635 1237 2675 eius,
1259 2633 1318 2677 qui
1343 2631 1531 2667 verborum

147 2697 234 2731 ordo
257 2708 324 2731 non
347 2696 462 2731 solum
485 2699 535 2731 eet
564 2695 597 2729 in
622 2695 827 2729 melioribus
858 2696 977 2737 codd.,
1013 2695 1073 2729 sed
1098 2706 1140 2729 eo
1172 2694 1276 2729 etium
1312 2693 1532 2728 commenda—

149 2763 228 2798 tut.
252 2758 343 2802 quod
368 2757 421 2792 vis
444 2756 632 2791 sententiae
655 2757 690 2791 in
713 2757 830 2792 scotori
854 2756 1025 2791 vocabulo
1049 2756 1156 2796 inest3
1188 2766 1220 2788 v.
1253 2754 1296 2789 ad
1328 2766 1358 2788 c.
1383 2754 1471 2794 XX,
1498 2755 1529 2788 1.
