1630 3034
533 227 894 272 IUGURTHA.
951 226 1086 270 CAP.
1115 226 1148 268 I.
1509 229 1540 270 8

145 346 237 390 dux
296 353 430 404 atque
483 346 734 405 imperator
777 343 895 388 vitae
939 343 1193 388 mortalium
1239 342 1413 386 animus
1458 349 1536 387 est.

146 443 237 497 Qui
273 443 352 486 ubi
397 442 456 486 ad
502 442 694 504 gloriam
736 430 904 485 virtutis
949 440 1021 484 νὴ
1057 445 1309 500 grassatur,
1357 439 1537 483 abunde

143 540 318 599 pollens
348 545 599 599 potensque
630 543 674 582 et
710 538 854 583 clarus
890 541 980 594 est,
1015 552 1162 595 neque
1197 536 1377 581 fortuna
1406 541 1537 596 eget3

142 693 309 734 volumus,
328 703 418 738 quae
436 692 528 726 sitin
547 695 678 727 natura
695 690 842 727 hominis
864 689 1066 725 excellentia
1091 694 1125 725 et
1145 690 1324 736 dignitas,
1349 688 1539 724 intelli-

142 765 197 798 ge
211 765 302 787 mus
325 765 429 797 quam
446 754 491 787 sit
510 758 612 798 turpe
632 753 794 796 diffluere
819 753 968 786 luxuria.
1014 751 1064 788 ib.
1082 753 1145 794 ΙΙΙ,
1165 752 1200 794 6,
1218 752 1277 786 26.
1300 762 1404 795 quam
1423 750 1539 793 (utili-

141 812 270 856 tatem)
288 814 318 846 si
336 814 384 846 ad
397 825 432 847 se
450 813 592 858 quisque
611 814 733 858 rapiet,
751 813 1039 846 dissolvetur
1056 813 1164 846 omnis
1181 813 1334 846 humana
1353 812 1541 851 consortio,-

141 874 187 907 ad
206 885 309 917 quem
327 874 444 907 locum
460 873 605 908 Beierus
624 873 770 908 contulit
790 874 816 915 Ι,
827 873 862 917 7,
872 872 931 907 21.
946 872 1048 916 p.49.
1071 875 1102 908 si
1123 874 1182 918 qui
1203 873 1268 907 sibi
1289 874 1368 918 plus
1386 877 1539 917 appetet,

140 935 212 968 vio
225 936 236 967 l
248 946 270 968 a
282 934 301 967 b
315 935 352 969 it
370 935 424 969 ius
441 935 618 969 humanae
635 935 822 969 societatis.
845 934 892 967 cf.
913 933 1079 968 Nostrum
1095 935 1240 980 lug.1v‚
1251 932 1284 967 4.
1312 934 1371 979 qui
1390 935 1420 967 si
1437 945 1542 978 repu-

140 996 307 1038 taverint,
334 1000 368 1029 et
387 996 507 1040 quibus
530 1007 594 1040 ego
617 996 825 1040 temporibus
841 995 1076 1040 magistratus
1093 996 1240 1040 adeptus
1261 1007 1347 1037 sum,
1367 1000 1400 1029 et
1419 996 1540 1040 quales

140 1056 208 1088 viri
220 1057 309 1090 idem
324 1058 460 1100 assequi
477 1056 706 1101 nequiverint,
726 1058 933 1099 profecto
954 1056 1180 1090 existuma
1193 1056 1300 1089 bunt
1318 1059 1383 1088 etc.
1406 1056 1495 1088 Veli.
1508 1055 1537 1096 1,

139 1115 198 1156 17,
222 1116 256 1152 4.
277 1117 340 1150 hoc
361 1117 449 1149 idem
470 1117 621 1150 evenisse
635 1117 887 1160 grammaticis,
907 1116 1046 1160 Ρῖαείίε,
1060 1115 1259 1159 pictoribus,
1284 1115 1435 1159 quisquis
1453 1120 1540 1148 tem-

138 1187 263 1219 porum
284 1177 447 1210 institerit
466 1177 568 1217 notis,
592 1188 669 1220 rep
681 1177 747 1210 eri
759 1181 811 1212 et.
859 1176 960 1210 Ovid.
972 1177 1057 1211 Met.
1075 1177 1118 1217 11,
1137 1175 1205 1210 551
1217 1187 1267 1219 sq.
1294 1176 1539 1218 Quidsuerim,

141 1237 225 1281 quid
246 1238 377 1281 simque
395 1237 496 1277 vide,
520 1237 747 1280 meritumque
765 1238 924 1281 require5
951 1237 1165 1270 Invenies
1181 1237 1469 1280 nocuissefidem.
1492 1254 1540 1263 —-

141 1297 343 1338 Hominum,
365 1297 458 1340 quod
475 1297 519 1329 ab
536 1307 605 1329 uno
622 1297 754 1331 Wassii
773 1299 864 1342 Reg.
883 1298 992 1339 abest,
1016 1295 1155 1330 eortius
1171 1297 1323 1330 deletum
1341 1297 1460 1340 cupiit,
1475 1297 1537 1331 sci-

141 1357 223 1391 licet
245 1361 386 1401 propter
410 1368 554 1401 sequens
581 1359 802 1398 mortalium,·
834 1358 928 1402 quod
941 1368 1146 1401 perversum
1165 1357 1333 1391 iudicium
1353 1357 1425 1391 iam
1448 1359 1538 1392 Ger-

140 1417 278 1451 lachius
293 1417 437 1451 notavit.
461 1434 506 1442 ·—
530 1418 584 1450 Dc
600 1416 730 1460 duplici
756 1419 909 1452 invenies
931 1418 1032 1451 verbi
1052 1420 1246 1459 structura,
1270 1418 1361 1451 unde
1383 1418 1538 1462 primum

139 1479 234 1511 solus
258 1478 496 1519 accusativus,
524 1485 599 1510 tum
620 1488 734 1511 accus.
758 1489 790 1512 c.
816 1478 878 1513 inf.
903 1477 1048 1522 pendet,
1081 1476 1232 1511 diximus
1259 1477 1304 1511 ad
1332 1478 1409 1514 Cat.
1435 1479 1475 1519 V,
1501 1477 1537 1514 9.

139 1550 175 1582 p.
192 1539 248 1573 31.
293 1539 399 1573 Aliud
410 1563 420 1579 ‚
449 1537 509 1570 sed
530 1537 613 1570 huic
630 1543 819 1583 cognatum
834 1537 1101 1573 constructionis
1115 1549 1227 1582 genus
1244 1537 1426 1583 tetigimus
1444 1539 1538 1573 infra

140 1600 184 1633 ad
202 1611 233 1633 c.
254 1599 362 1641 XXV,
381 1598 416 1634 1.
439 1601 474 1631 et
492 1598 535 1631 ad
553 1599 677 1639 XLIX,
697 1599 730 1631 2.

231 1662 263 1702 §.
285 1659 319 1692 3.
366 1659 572 1703 grassatur]
606 1660 659 1692 De
676 1660 782 1694 huius
799 1658 899 1694 verbi
920 1661 1092 1703 potestate
1109 1670 1144 1691 v.
1165 1658 1209 1692 ad
1234 1671 1263 1694 c.
1280 1660 1405 1702 LXIV,
1431 1657 1467 1694 5.
1491 1678 1537 1686 —-

138 1720 246 1752 Voces
266 1719 398 1764 pollens
418 1724 605 1764 potensque
627 1720 725 1753 haud
742 1731 823 1754 raro
847 1720 1126 1764 coniunguntur,
1160 1720 1257 1754 velut
1285 1721 1378 1764 apud
1403 1721 1480 1755 Liv.
1505 1722 1534 1763 1,

137 1780 195 1823 24,
220 1779 254 1813 8.
279 1784 408 1823 quanto
428 1781 546 1824 magis
562 1785 659 1824 potes
673 1781 872 1825 pollesq11e5
895 1780 932 1813 in
949 1780 1049 1814 titulo
1065 1780 1160 1825 apud
1178 1781 1319 1815 Gruter.
1335 1792 1371 1824 p.
1390 1780 1433 1815 L.
1449 1792 1485 1816 n.
1499 1780 1535 1815 3.

139 1839 276 1883 (Orelli
296 1840 465 1883 Inscriptt.
487 1842 578 1875 Latt.
599 1842 676 1876 vol.
693 1841 720 1873 Ι.
753 1853 787 1884 p.
805 1840 888 1874 303.
915 1841 959 1875 N.
977 1839 1111 1884 1555.)
1146 1841 1333 1874 Hxncvm.
1369 1842 1536 1878 mem.

135 1902 333 1936 Pontum-1.
358 1901 537 1935 Porum-11.
557 1902 726 1935 hnc-ro.
773 1892 1013 1937 chDrakeub.
1033 1901 1078 1935 ad
1095 1900 1171 1935 Liv.
1193 1902 1239 1942 11,
1259 1901 1318 1943 3³,
1337 1900 1372 1935 9.
1420 1902 1533 1936 Sensu

136 1961 188 1995 ita
206 1960 383 2002 differunt,
406 1965 445 1994 ut
462 1962 593 2004 pollens
615 1962 751 1996 dicatur
767 1962 808 2005 is,
833 1963 890 1996 cui
907 1963 1020 1996 multa
1043 1965 1230 2005 suppetunt
1249 1963 1378 2006 quique
1391 1963 1534 2008 magnis

136 2021 272 2054 viribus
290 2020 469 2064 praeditus
489 2026 559 2064 cst,
581 2027 704 2066 potens
720 2034 804 2056 vero
823 2023 867 2056 sit
884 2023 932 2066 is,
956 2023 1018 2066 qui
1034 2023 1185 2066 virium,
1212 2033 1297 2066 quas
1317 2023 1444 2064 habet,
1466 2035 1532 2058 usu

134 2081 286 2115 muitum
317 2081 458 2114 efficere
482 2082 598 2123 valen
637 2082 686 2117 cf.
715 2083 918 2116 Doederlini
948 2083 1079 2127 Synon.
1106 2083 1185 2117 Lat.
1208 2083 1364 2116 v01.1v.
1393 2095 1426 2127 p.
1448 2083 1529 2118 163.

137 2144 168 2183 ς.
186 2141 220 2174 7.
259 2141 468 2174 Gerlachius
495 2146 611 2175 tamen
637 2143 683 2174 ad
711 2143 748 2175 h.
769 2144 793 2176 1.
812 2147 846 2176 et
864 2144 907 2176 ad
930 2143 1032 2176 Catii.
1051 2144 1118 2185 VI,
1149 2141 1182 2176 4.
1207 2147 1300 2176 reete
1316 2143 1469 2186 monuit,
1491 2143 1530 2178 in

136 2200 329 2233 coniunctis
354 2201 410 2233 his
429 2201 572 2234 vocibus
596 2213 665 2234 non
691 2208 854 2236 accurate
873 2203 1021 2245 spectari
1046 2207 1251 2247 potestatem
1274 2202 1420 2247 singulis
1448 2215 1530 2247 pro-

135 2260 271 2302 priam,
312 2260 371 2292 sed
397 2261 568 2294 ambabus
592 2261 628 2294 in
663 2273 768 2295 unam
798 2262 899 2304 quasi
926 2263 1102 2297 notionem
1127 2263 1331 2297 coeuntibus
1356 2263 1528 2299 maiorem

137 2318 285 2352 orationi
310 2319 491 2353 conciliari
518 2320 589 2353 vim
606 2325 641 2354 et
658 2322 891 2365 gravimtcm3
928 2324 974 2356 cf.
993 2328 1114 2357 notata
1131 2325 1176 2358 ad
1192 2325 1266 2359 Cat.
1283 2325 1323 2366 V,
1351 2322 1386 2358 1.
1415 2337 1450 2368 p.
1468 2325 1526 2360 27.

138 2379 292 2412 Catilina
312 2380 386 2421 suit
413 2381 554 2425 ingenio
583 2383 676 2415 malo
698 2394 886 2426 pravoque.
911 2402 957 2408 —
994 2384 1149 2418 Fortuna
1176 2388 1214 2418 ut
1240 2395 1320 2430 cum
1348 2384 1443 2420 Gerl.
1470 2396 1527 2419 re-

135 2439 366 2474 scriberemus
386 2450 449 2482 pro
465 2443 654 2483 fortunae,
679 2444 771 2484 quod
793 2443 932 2477 Cottius
952 2443 1092 2486 intulit,
1116 2445 1275 2479 codicum
1294 2444 1527 2488 plurimorum

135 2500 268 2534 factum
297 2506 348 2532 est
378 2501 604 2542 auctoritate;
644 2513 726 2535 nam
752 2503 869 2536 decem
893 2508 1027 2539 tantum
1051 2505 1134 2539 libri
1159 2505 1354 2551 genitivum
1379 2506 1525 2550 habent,

134 2560 230 2594 haud
257 2559 362 2593 dubie
393 2572 433 2593 ex
459 2562 552 2594 male
587 2563 766 2606 geminata
791 2564 825 2596 E
848 2563 965 2598 littera
992 2566 1163 2609 sequentis
1186 2565 1287 2600 verbi
1314 2570 1442 2601 ortum.
1479 2586 1524 2592 --

138 2622 236 2663 Quae
255 2625 330 2663 post
353 2623 477 2665 quippe
496 2632 518 2654 a
538 2623 656 2665 paucis
680 2623 837 2666 quidem,
862 2625 921 2658 sed
947 2635 1017 2660 non
1041 2626 1144 2660 malis
1170 2626 1270 2660 libris
1289 2627 1404 2668 abest,
1429 2628 1528 2662 velut

134 2681 244 2714 Fabr.
263 2681 297 2716 1.
325 2681 358 2714 2.
388 2681 469 2714 Bas.
487 2682 521 2714 1.
545 2682 640 2716 Leid.
662 2683 699 2716 L.
725 2685 829 2719 Rem.
849 2685 883 2720 1.
909 2686 988 2720 Seu.
1009 2686 1042 2720 1.
1069 2687 1186 2730 Quelf.
1204 2687 1238 2720 3.
1267 2686 1322 2719 1⁰.
1349 2687 1426 2721 Ecc.
1443 2688 1524 2722 Par.

134 2741 174 2775 C.
223 2742 425 2776 Ceterorum
446 2747 561 2776 tamen
575 2745 816 2779 anctoritatem
836 2757 904 2779 non
922 2746 1043 2791 putavi
1060 2753 1245 2791 propterea
1261 2747 1525 2792 negligendam,

136 2811 255 2844 quum,
277 2801 307 2837 εἰ
327 2803 426 2837 abest
443 2803 645 2845 relativum,
669 2805 730 2841 vix
750 2807 829 2841 fieri
853 2812 976 2852 potest,
1000 2807 1083 2852 quin
1100 2807 1278 2851 sequentia
1296 2808 1340 2842 ad
1357 2809 1524 2850 animum,

1169 2879 1251 2923 1*
