1630 3034
404 121 777 165 IUGURTHA.
839 121 967 164 CAP.
997 120 1121 162 XIV.
1399 124 1456 164 91

69 244 265 298 temptas
301 238 491 295 viderer,
529 239 564 282 si
593 237 797 282 defessus
827 237 954 281 malis
989 237 1172 280 iniuriae
1209 237 1457 280 concessis-

71 351 180 380 sem.
250 336 383 379 Nunc
421 351 568 394 neque
613 336 764 379 vivere
807 336 961 403 lubet,
1005 349 1152 392 neque
1195 334 1309 378 mori
1352 334 1458 378 licet

73 433 168 476 sine
203 432 443 476 dedecore.
521 432 678 475 Patres
708 432 974 491 conscripti,
1009 447 1094 491 per
1128 446 1235 489 vos,
1282 446 1367 490 per
1401 424 1525 473 li-25

72 529 205 572 beros
249 534 385 587 atque
429 529 627 588 parentis
664 534 867 585 vostros,
916 544 1001 588 per
1048 528 1324 572 maiestatem
1369 544 1461 588 po-

73 705 185 738 vitam
208 704 373 738 miseram
397 705 555 746 trahere,
590 709 624 738 et
651 706 769 748 paullo
798 705 909 739 serius
930 710 1048 739 tamen
1073 705 1246 739 amittere.
1294 707 1350 738 Ita
1371 706 1409 738 h.
1433 706 1459 740 1.

75 765 184 798 emori
205 764 334 798 dicitur
358 770 514 808 respectu
536 765 752 807 sequentium
777 767 965 799 verborum
989 770 1202 808 contemptus
1225 766 1358 807 vivere,
1393 777 1462 810 quo

75 825 228 859 Adherb.
251 825 426 869 significat
449 827 555 860 talem
589 825 698 859 vitam
726 837 795 859 non
819 827 967 860 multum
1003 826 1047 859 ab
1071 825 1148 868 ipsa
1171 833 1284 859 morte
1307 827 1463 861 differre.

74 886 231 920 Pess1me
253 891 371 920 autem
396 888 587 921 'lluellerus
603 888 758 931 fortunis
781 887 956 921 contendit
983 897 1024 919 ex
1042 885 1183 918 nomine
1205 887 1316 920 exitus
1339 890 1464 930 aptum

162 946 296 990 ‚quoil
329 959 392 980 cur
419 948 497 982 fieri
530 953 679 991 nequeat
706 948 918 981 ostendimus
950 947 994 980 ad
1028 947 1103 981 Cat.
1137 957 1167 978 c.
1194 947 1348 989 XXXII,
1372 948 1405 983 1.
1430 961 1464 991 p.

77 1006 157 1044 150.
180 1012 215 1042 et
237 1008 281 1042 ad
306 1009 466 1050 XXXIX,
492 1009 526 1043 3.
561 1021 594 1051 p.
623 1008 701 1043 180.
735 1011 781 1043 cf.
807 1009 895 1042 Tac.
929 1010 1016 1041 Ann.
1050 1007 1151 1048 XIII,
1176 1005 1234 1048 51,
1258 1007 1348 1040 med.
1374 1019 1465 1052 quae

79 1069 153 1102 alia
186 1070 514 1103 exactionibus
537 1070 736 1103 illicitis
759 1071 944 1103 nomina
965 1068 1143 1113 publicani
1167 1068 1360 1102 invenem·
1372 1075 1464 1103 ant.

79 1147 123 1154 -
149 1129 230 1163 Neu
253 1130 493 1163 tantummodo
517 1133 628 1163 exstat
655 1130 690 1164 in
715 1131 794 1165 Vnt.
818 1131 860 1164 A.
891 1130 1002 1165 Paris.
1025 1141 1056 1163 z.
1081 1128 1266 1162 Einsiedel.
1292 1129 1467 1164 Commel.

80 1190 199 1225 Guelf.
221 1189 256 1225 4.
279 1194 315 1224 et
338 1189 513 1223 nonnullis
527 1191 683 1233 Popmae
705 1190 824 1232 libris3
847 1191 969 1225 relicui
993 1202 1113 1224 omnes
1137 1190 1268 1223 habent
1289 1202 1345 1232 ne,
1372 1191 1469 1233 quod

76 1251 232 1296 Langius
268 1262 349 1284 cum
380 1251 641 1294 Havercampio
675 1251 712 1285 in
744 1256 839 1286 textu
870 1254 1138 1295 expresserunt,
1177 1261 1318 1293 prorsus
1352 1251 1470 1295 inepta*-

78 1311 258 1346 sententia.
307 1313 386 1345 Duo
419 1311 512 1344 enim
546 1315 666 1354 optare
699 1312 962 1355 Adherbalem,
995 1315 1056 1345 aut
1089 1312 1273 1345 honestam
1305 1316 1470 1355 mortem,

79 1376 141 1406 aut
162 1383 230 1405 non
254 1376 486 1415 contemptam
512 1371 642 1413 vitam,
673 1376 768 1415 patet
791 1384 833 1405 ex
855 1372 1098 1415 sequentibus,
1130 1371 1192 1404 ubi
1215 1377 1376 1406 neutrum
1400 1372 1470 1407 sihi

80 1433 202 1466 datum
225 1444 300 1466 esse
332 1433 577 1476 conqueritur3
611 1444 722 1476 quare
751 1444 794 1467 ne
826 1433 1020 1477 particulae
1051 1433 1168 1466 nullus
1197 1432 1297 1466 locus
1320 1437 1383 1468 est.
1430 1435 1471 1468 In

80 1497 179 1527 tanta
200 1493 447 1537 perspicuitate
469 1492 659 1538 Sellingius
682 1493 718 1527 in
739 1494 851 1529 hectt.
879 1494 968 1530 Sall.
994 1505 1027 1537 p.
1051 1493 1097 1526 21
1115 1504 1166 1536 sq.
1190 1495 1298 1528 verba
1321 1494 1473 1529 mirifico

80 1554 284 1599 depravavit
313 1554 534 1588 scribendum
575 1554 764 1588 coniiciens
800 1567 868 1589 neu
908 1556 1017 1589 iure
1059 1559 1271 1599 contemptus
1313 1556 1472 1598 viderer,

79 1618 260 1658 praeterea
281 1626 374 1648 novo
397 1626 514 1648 errore
536 1626 605 1648 neu
627 1615 872 1660 interpretatus
896 1616 1042 1660 quum!!
1065 1615 1141 1649 Non
1159 1615 1274 1649 verius
1291 1620 1354 1657 cst,
1378 1616 1473 1659 quod

80 1675 173 1709 idem
195 1676 345 1717 fortunis
367 1677 452 1710 meis
479 1687 542 1720 pro
566 1680 661 1710 sexto
685 1687 769 1710 casu
791 1677 922 1718 habet,
945 1686 1138 1719 provocans
1158 1676 1203 1710 ad
1228 1676 1304 1710 Cat.
1327 1677 1402 1719 XL,
1424 1676 1473 1718 2.,

80 1740 116 1770 et
147 1737 238 1780 quod
271 1737 315 1771 ad
348 1738 585 1771 concessissem
616 1736 771 1780 suppleri
804 1737 881 1770 vult
915 1742 1026 1770 morte
1056 1737 1275 1770 voluntaria!
1313 1747 1348 1770 v.
1374 1737 1419 1771 ad
1441 1749 1474 1772 c.

82 1798 150 1839 XI,
174 1797 208 1831 4.
231 1817 277 1821 —
306 1798 346 1830 In
371 1797 557 1841 postremis
596 1797 714 1831 verbis
749 1797 835 1831 libri
878 1798 1076 1840 paullulum
1107 1798 1273 1840 turbant,
1317 1798 1475 1832 maximo

79 1861 224 1901 propter
245 1857 431 1901 repetitum
453 1870 530 1903 per,
553 1859 646 1901 quod
668 1857 911 1901 pauci'medio
932 1858 1010 1892 loco
1033 1869 1101 1892 non
1123 1859 1273 1900 habent3
1293 1863 1475 1902 praeterea

82 1920 152 1952 Inc.
175 1919 210 1952 2.
237 1920 354 1953 Guelf.
381 1920 436 1953 11.
459 1923 494 1953 et
517 1921 620 1953 Rem.
641 1918 675 1952 1.
702 1919 872 1959 obtestor,
902 1919 1028 1952 Franc.
1059 1922 1094 1952 et
1115 1919 1214 1953 Vrat.
1238 1918 1273 1953 3.
1298 1930 1355 1952 oro
1379 1918 1474 1952 inse-

82 1985 173 2020 runt,
198 1991 289 2023 quae
311 1980 548 2014 additamenta
567 1979 706 2013 eortius
726 1980 816 2012 bene
836 1978 958 2012 reiecit
979 1982 1182 2022 comparato
1204 1979 1275 2014 Cic.
1299 1991 1333 2022 p.
1351 1980 1474 2014 Plane.

84 2053 115 2073 c.
148 2040 216 2082 42,
239 2039 319 2074 103.
369 2040 507 2081 Nolite,
553 2041 703 2082 iudices,
745 2051 829 2083 per
866 2050 966 2079 vos,
1007 2050 1093 2082 per
1127 2041 1360 2081 fortunas
1398 2051 1476 2073 ve-

85 2105 235 2142 stras,
265 2111 350 2144 per
382 2101 581 2141 liberos,
607 2100 756 2133 inimicis
779 2100 865 2133 meis
888 2100 973 2133 dare
997 2099 1182 2133 laetitiam.
1216 2100 1263 2134 cf.
1289 2099 1376 2134 Sall.
1393 2100 1470 2144 lug.

86 2161 220 2200 XXIV,
244 2160 300 2193 lo.
333 2171 388 2194 me
415 2161 575 2194 manibus
604 2161 720 2205 impiis
749 2161 892 2204 eripite,
933 2171 1017 2204 per
1058 2160 1358 2195 maiestatem
1389 2162 1475 2195 im-

84 2221 217 2265 peri,
253 2231 333 2264 per
371 2221 623 2254 amicitiae
658 2221 822 2264 sidem.
855 2220 1007 2254 Histoi-r.
1041 2220 1188 2264 Fragm.
1218 2221 1290 2254 Inc.
1326 2221 1393 2263 17,
1417 2222 1475 2256 13.

87 2282 185 2315 Gerl.
220 2281 302 2314 Per
332 2291 430 2323 vos,
459 2282 622 2324 Quirites,
647 2286 681 2315 et
703 2281 905 2325 gloriam
927 2279 1118 2321 maiorum,
1143 2281 1288 2315 tolerate
1311 2283 1475 2316 advorsa.

85 2342 166 2376 Liv.
190 2342 323 2382 XXIX,
346 2341 404 2382 18,
426 2342 460 2375 9.
492 2343 635 2386 quibus,
657 2352 739 2385 per
771 2352 850 2373 vos
879 2341 1127 2385 fidemque
1158 2347 1388 2383 vestram,
1414 2354 1476 2376 ne-

87 2415 153 2448 que
177 2404 213 2436 in
238 2403 346 2436 Italia
369 2413 479 2446 neque
512 2403 550 2435 in
574 2402 698 2446 Africa
723 2401 906 2445 quicquam
938 2401 990 2434 rei
1012 2402 1209 2445 gesseritis,
1241 2403 1302 2436 ubi
1325 2414 1360 2436 v.
1384 2403 1476 2437 Dra-

87 2463 280 2498 kenborch.
330 2462 401 2496 Sed
432 2463 581 2506 pessime
614 2462 754 2496 Cor-tius
787 2462 863 2495 cod.
888 2461 1033 2495 Eccard.
1058 2466 1092 2496 et
1116 2463 1203 2496 duos
1227 2463 1315 2496 alios
1339 2466 1477 2496 secutus

87 2524 225 2568 scripsit
253 2535 337 2567 per,
374 2534 454 2563 vos,
487 2523 609 2556 liberos
641 2528 746 2567 atque
775 2527 962 2566 parentes,
998 2522 1099 2566 peius
1129 2523 1236 2557 etiam
1270 2534 1330 2556 vos
1362 2523 1478 2566 primo

88 2596 170 2618 casu
194 2584 348 2628 positum
371 2594 446 2616 esse
468 2582 646 2624 iudicans,
681 2583 734 2617 ita
756 2588 796 2616 ut
818 2593 1006 2626 pronomen
1029 2594 1109 2616 cum
1133 2583 1311 2617 subvenite
1334 2583 1477 2617 coniun-

88 2649 214 2690 gatur,
244 2656 306 2689 per
339 2649 457 2679 autem
492 2648 678 2687 poetarum
710 2654 808 2678 more
835 2655 857 2678 a
884 2655 948 2678 suo
969 2644 1169 2678 accusativo
1201 2643 1395 2677 seiunctum
1419 2643 1478 2678 sit.

88 2706 204 2748 Quam
237 2704 437 2747 licentiam,
462 2705 646 2750 Kruegero
670 2715 808 2749 quoque
840 2704 876 2738 in
907 2704 1000 2739 libro
1030 2705 1074 2738 de
1103 2704 1249 2739 Attract.
1273 2703 1375 2749 Ling.
1400 2703 1476 2739 Lat.
