1630 3034
309 181 647 226 CATILINA.
706 182 839 225 CAP.
872 182 964 225 XV.
993 181 1105 227 XVI.
1336 187 1394 226 w

12 298 157 361 Igitur
213 297 340 347 colos
386 299 642 358 exsanguis,
696 299 822 342 foedi
876 300 1022 355 oculi,
1075 299 1183 344 citus
1236 298 1433 356 modo‚5

13 390 155 433 modo
213 390 365 433 tardus
422 390 638 442 incessus;
690 404 871 449 prorsus
914 390 972 433 ‚in
1021 390 1137 435 facie
1180 390 1393 447 voltuque

13 480 225 535 vecordia
258 481 412 524 inerat.

85 617 90 626 ,
130 571 273 627 ¹XVI.
341 570 434 615 Sed
477 572 773 626 iuventutem,
810 586 970 629 quam,
1015 575 1066 614 ut
1108 585 1244 629 supra
1279 570 1396 613 dixi-

13 661 367 721 mus9i11exerat
401 661 551 706 multis
586 662 750 718 modis,
780 662 900 706 mala
934 661 1135 706 facinora
1159 661 1394 706 edocebat.

11 871 162 904 eumque
184 860 310 902 talem,
334 861 393 904 qui
417 872 485 895 non
508 861 703 907 generatim
734 862 927 908 cogitetur,
968 862 1027 896 scd
1060 864 1125 896 aut.
1152 860 1271 895 multis
1302 857 1395 892 vici-

10 918 77 952 bus
114 919 301 962 repetitus,
346 923 406 952 aut
441 919 477 952 in
509 921 628 954 multis
669 921 772 955 rebus
821 920 1092 965 conspiciendus.
1140 920 1212 953 Cic.
1247 918 1289 950 de
1322 915 1395 948 Off-

30 975 117 1019 ,.29‚
140 976 218 1009 103.
261 976 340 1008 ludo
372 977 425 1009 uti
451 978 588 1020 quidem
611 979 709 1019 licet,
733 978 813 1019 sed,
837 979 925 1013 sicut
947 991 1063 1012 somno
1097 982 1131 1011 ct
1162 974 1397 1020 quietibus

11 1033 198 1075 ceteris,
221 1037 295 1066 tum
314 1036 378 1067 etc.
397 1033 482 1066 ibid.
494 1035 520 1075 Ι,
531 1034 588 1074 36,
600 1035 679 1068 131.
705 1036 897 1069 cavendum
921 1042 971 1070 est
993 1042 1121 1076 autem,
1145 1045 1188 1066 ue
1213 1035 1396 1065 aut'tar-

12 1090 254 1124 ditatibus
276 1095 416 1123 utamur
440 1091 476 1124 in
500 1093 658 1137 ingressu
681 1093 899 1135 mollioribus,
926 1098 987 1127 aut
1010 1095 1047 1126 in
1064 1087 1397 1136 festinationi-

12 1146 91 1179 bus
129 1147 354 1190 suscipiamus
396 1148 524 1181 nimias
564 1150 856 1182 celeritates.
906 1151 952 1183 cs.
992 1149 1203 1192 Heusinger.
1244 1145 1288 1180 ad
1323 1143 1394 1177 Off-

10 1203 40 1244 1,
63 1202 120 1244 22,
142 1203 198 1238 15.
231 1203 275 1237 ad
299 1205 325 1245 1,
341 1203 398 1246 32,
416 1204 450 1239 2.
485 1205 622 1248 Zumpt.
650 1206 806 1239 Gratum.
840 1208 918 1241 Lat.
949 1219 983 1252 p.
1003 1207 1060 1242 77.
1097 1211 1131 1241 et
1153 1215 1242 1249 quae
1275 1201 1397 1246 paullo

11 1264 92 1294 ante
116 1260 265 1299 diximus
289 1261 333 1295 ad
357 1273 387 1294 c.
414 1262 505 1304 xlv,
525 1260 556 1294 5.
592 1262 752 1296 Ceterum
783 1264 929 1308 vigiliae
964 1269 998 1299 et
1023 1266 1174 1309 quietes,
1207 1272 1299 1305 quae
1329 1258 1398 1292 sibi

11 1317 172 1361 opposita
195 1323 284 1361 sunt,
308 1321 429 1354 eodem
452 1321 557 1354 modo
582 1319 619 1351 h.
643 1320 668 1353 l.
693 1320 876 1354 coniuncta
899 1322 944 1354 ad
971 1323 1116 1356 eandem
1138 1332 1213 1354 rem
1236 1319 1397 1352 referun-

12 1378 81 1417 tur,
105 1379 143 1409 ut
165 1387 193 1409 c.
213 1377 273 1416 xl,
293 1376 328 1417 3,
353 1377 471 1420 copiae
495 1381 530 1410 ct
553 1376 714 1419 inopiam
736 1388 847 1420 eoque
870 1377 1028 1419 inducor,
1053 1382 1091 1412 ut
1110 1377 1252 1412 credam
1275 1377 1398 1409 aucto-

10 1442 87 1465 rem
109 1431 173 1465 tali
203 1443 372 1476 oxymoro
399 1433 573 1475 quandam
598 1433 706 1467 animi
731 1432 893 1478 οἷπορίαν
924 1434 961 1468 in
983 1435 1139 1469 diversas
1169 1438 1286 1479 partes
1316 1429 1398 1475 agi-

9 1488 87 1531 tati,
113 1491 147 1522 et
171 1489 253 1532 quid
278 1494 442 1533 sequatur
465 1501 605 1533 prorsus
626 1491 821 1525 nescientis
855 1492 1050 1536 exprimere
1080 1492 1253 1532 voluisse3
1285 1500 1398 1531 neque

9 1545 120 1579 aliam
153 1546 227 1580 vim
260 1546 394 1581 hahere
427 1551 511 1591 puto
545 1547 781 1590 Sophocleum
814 1549 919 1591 illud,
963 1551 1057 1594 quod
1100 1561 1220 1584 omnes
1249 1546 1400 1580 editores

9 1603 164 1636 mirifice
189 1604 302 1645 torsit,
327 1605 444 1649 Antig.
481 1616 515 1638 v,
537 1604 674 1637 39-40.
714 1606 751 1639 τί
775 1601 815 1640 δ’
848 1602 880 1641 ὦ
903 1610 1134 1652 ταλαῖφρον,
1172 1607 1207 1642 εἰ
1235 1601 1322 1640 τάδ’
1357 1602 1398 1639 ἐν

10 1656 171 1702 τούτοις,
202 1658 271 1705 ἐγώ
290 1659 422 1698 -λύουσ’
448 1658 506 1706 ἂν,
532 1657 555 1707 ἢ
579 1658 794 1706 ’φάπτουσα
816 1666 1047 1710 προς-θείμην
1071 1663 1205 1706 πλέως

102 1718 289 1763 vastabat]
331 1720 359 1753 Ι.
385 1731 404 1753 e
428 1719 528 1763 quasi
551 1718 749 1762 diripiebat.
798 1720 916 1757 Minus
939 1723 1052 1757 bonae
1075 1723 1152 1756 edd.
1186 1717 1399 1762 antiquiores

9 1774 182 1818 paucique
206 1776 305 1811 codd.
328 1777 488 1810 vexabat.
536 1777 639 1819 Quod
663 1787 725 1810 nos
749 1777 919 1813 edidimus
955 1783 989 1814 et
1012 1781 1117 1825 longe
1148 1777 1305 1812 maxima
1338 1786 1398 1807 co-

10 1831 128 1865 dicum
158 1836 257 1875 parte
288 1835 534 1876 confirmatur,
572 1837 607 1867 et
644 1834 689 1867 ad
722 1837 911 1870 sententiae
953 1837 1166 1881 gravitatem
1199 1834 1312 1868 multo
1345 1833 1399 1864 est

10 1889 209 1932 efficacius,
242 1892 354 1933 ·quod
394 1892 525 1925 dudum
564 1891 728 1926 viderunt
767 1886 983 1936 interpretes.
1045 1894 1100 1928 Cf.
1135 1894 1211 1937 lug.
1240 1890 1333 1930 XLI,
1361 1888 1397 1922 9.

10 1947 166 1980 avaritia
196 1948 349 1990 polluere
391 1953 425 1981 et
455 1953 594 1982 vastare
619 1950 746 1982 omnia.
769 1967 817 1973 —1
858 1951 955 1985 Colos
985 1963 1065 1985 cum
1090 1948 1281 1985 Gerlachio
1305 1946 1397 1980 scri-

10 2003 144 2047 psimus
178 2005 386 2039 auctoritate
416 2005 525 2039 Probi
557 2005 694 2039 cathol.
728 2017 762 2050 p.
781 2007 884 2042 1467.
914 2009 976 2042 Ed.
1001 2010 1146 2043 Putsch.
1182 2010 1216 2041 et
1246 2018 1289 2040 ex
1319 2004 1395 2037 cod.

11 2065 147 2096 vetusto
173 2061 327 2102 Gifanii,
360 2073 464 2105 quem
494 2073 529 2095 v.
563 2063 608 2096 ad
631 2063 768 2097 Lucret.
799 2076 834 2107 p.
862 2064 950 2107 3173
982 2065 1034 2098 ita
1067 2065 1173 2099 etiam
1196 2065 1333 2107 Popma
1360 2060 1399 2093 in

11 2127 80 2152 uno
123 2119 199 2152 cod.
238 2119 392 2161 invenit3
435 2129 470 2152 v.
505 2119 548 2151 de
585 2120 700 2153 forma
733 2121 828 2154 labos
867 2122 913 2155 ad
944 2133 974 2155 c.
1004 2123 1079 2163 ΠΙ,
1106 2121 1140 2155 5.
1164 2139 1209 2145 -
1254 2120 1400 2152 Prorsus

8 2175 183 2210 Mullorus
212 2187 396 2220 perperam
429 2176 580 2220 explicat
602 2187 745 2217 revera;
776 2177 865 2210 haec
898 2178 991 2210 enim
1014 2189 1100 2220 vox,
1134 2177 1165 2211 si
1187 2176 1224 2210 in
1246 2176 1316 2208 fine
1338 2185 1400 2208 ex-

10 2231 190 2276 positionis
213 2244 293 2266 cum
324 2234 425 2267 verbo
458 2233 700 2277 coniungitur,
736 2235 1052 2277 comprehendendi
1082 2234 1156 2268 vim
1187 2234 1315 2274 habet,
1355 2242 1399 2266 ac

11 2289 199 2333 significat,
222 2295 262 2324 ut
279 2291 403 2335 paucis
426 2291 644 2333 complectar.
670 2291 716 2323 cf.
740 2291 847 2332 XXV,
866 2291 900 2328 5.
925 2303 1064 2336 prorsus
1086 2293 1217 2325 multae
1242 2290 1400 2334 facetiae

11 2347 205 2390 multusque
229 2347 321 2391 lepos
343 2348 468 2380 inerat.
493 2348 620 2387 XXIII,
642 2348 677 2381 2.
702 2348 779 2393 lug.
799 2350 912 2390 XXX,
932 2349 968 2383 3.
993 2350 1114 2392 LXVI,
1136 2350 1170 2384 1.
1195 2348 1352 2390 LXXVI,
1364 2347 1398 2381 4.·

106 2404 196 2437 xw.
243 2407 276 2446 ς.
300 2403 334 2436 1.
381 2404 541 2437 illexerat
571 2407 689 2439 multis
721 2407 856 2450 modis]
896 2406 1211 2449 interpunctionem
1244 2404 1399 2439 mutavi-

11 2470 104 2500 mus,
129 2464 312 2503 commate,
337 2462 429 2504 quod
451 2461 488 2495 in
512 2463 674 2497 omnibus
697 2463 795 2497 libris
818 2466 896 2507 post
918 2464 1077 2497 illexerat
1100 2467 1162 2505 est,
1186 2461 1397 2506 transposito

13 2521 92 2561 post
115 2518 236 2559 modis,
259 2518 343 2561 quia
366 2518 420 2553 ita
443 2519 584 2553 demum
607 2520 690 2554 huic
707 2521 880 2554 vocabulo
903 2532 967 2555 sua
988 2521 1042 2555 vis
1065 2525 1224 2555 constare
1246 2520 1395 2554 videtur.

13 2574 112 2607 Modi
135 2574 229 2607 enim
252 2575 404 2608 eiusdem
439 2576 491 2609 rei
512 2577 634 2611 variae
658 2581 737 2612 sunt
766 2577 896 2621 species
925 2577 1000 2612 sive
1022 2579 1177 2619 formae,
1208 2577 1397 2620 modosque

14 2630 164 2664 alicuius
197 2631 250 2665 rei
281 2643 451 2675 exponere
484 2634 582 2675 vult,
624 2645 695 2668 non
726 2635 839 2669 solum
874 2633 958 2677 quid
997 2638 1115 2668 actum
1145 2634 1189 2669 sit
1219 2635 1397 2668 ostendere

14 2688 129 2733 debet,
153 2688 212 2723 sed
235 2688 342 2724 etiam
365 2691 540 2734 quomodo
563 2690 609 2726 sit
632 2694 760 2728 actum.
807 2691 889 2726 Iuro
916 2690 1026 2736 igitur
1048 2691 1186 2727 mireris
1208 2692 1396 2728 catilinam
