1630 3034
190 150 275 192 474
564 145 610 188 G.
638 145 953 188 SALLUSTI
985 145 1200 190 CRISPI

193 262 374 313 consilia
416 268 462 307 et
504 262 679 308 insidias
715 278 872 307 eorum
914 265 1190 323 antevenire,
1225 264 1335 309 nihil
1369 267 1493 326 apud
1523 283 1580 313 sev

153 362 418 406 Sremissum
464 375 612 418 neque
655 359 781 420 apud
824 360 924 405 illos
968 366 1112 406 tutum
1152 361 1260 421 pati.
1328 363 1486 422 ltaque
1528 372 1572 410 et

191 458 409 503 Gaetulos
455 463 500 502 et
539 457 825 518 Iugurtham,
871 472 926 502 ex
967 458 1096 502 sociis
1144 458 1303 503 nostris
1338 460 1572 534 ‘pl-aedan,

189 557 385 615 agentis,
437 570 574 615 saepe
611 569 851 616 aggressus
887 555 932 601 in
966 555 1122 599 itinere
1157 554 1362 612 fuderat,
1397 558 1569 618 ipsum-

189 668 280 712 que
313 668 472 716 regem
506 652 628 697 haud
664 652 900 712 proculab
938 652 1112 714 oppido
1144 651 1267 697 Cirta
1296 655 1428 700 armis
1463 671 1574 701 exu-

187 816 269 839 rore
302 805 453 848 quodam
484 804 605 839 iudicii
639 805 696 838 vel
735 815 853 838 sensns
892 803 946 838 sui
989 804 1084 838 haud
1115 815 1253 838 securus
1289 804 1357 839 sibi
1391 805 1573 847 videatur3

187 872 308 900 contra
329 877 467 900 securus
485 877 559 900 esse
584 865 714 909 possit,
751 865 831 906 cui,
864 863 997 898 scilicet
1027 865 1117 899 nihil
1140 864 1300 899 sentienti
1326 870 1361 900 et
1383 866 1483 909 quasi
1506 866 1574 900 im-

186 927 370 972 prudenti,
394 926 606 973 gravissima
626 925 784 971 pericula
807 914 1089 962 immineantscf.
1117 926 1318 961 Doederlini
1341 926 1473 971 Synon.
1497 927 1574 961 Lat.

184 989 262 1023 Vol.
287 989 349 1022 111.
374 1001 407 1033 p.
426 988 494 1022 12⁰
515 1000 589 1032 sqq.
1021 996 1044 1004 ‘

277 1052 310 1093 §-
332 1049 367 1084 3.
416 1061 457 1083 es:
480 1049 602 1092 sociis]
627 1048 651 1082 i.
678 1059 709 1082 e.
734 1059 776 1082 er
799 1059 917 1092 agro
948 1048 1128 1089 sociorum,
1150 1050 1191 1082 nt
1213 1056 1323 1091 supra
1346 1058 1377 1081 c.
1400 1046 1522 1088 XLIV,
1538 1045 1573 1080 l.

189 1112 384 1145 Praedator
408 1122 449 1145 ex
472 1110 624 1143 sociis.
670 1109 782 1154 Saepe
810 1109 903 1144 enim
925 1109 1121 1143 incolarum
1152 1109 1208 1143 vel
1231 1108 1439 1153 populorum
1462 1107 1574 1141 nomi·
1601 1113 1618 1117 ⁶

184 1184 231 1207 na
257 1176 434 1217 ponuntur
466 1182 530 1215 pro
563 1171 721 1214 ipsorum
758 1177 853 1206 terra
887 1172 945 1205 vel
981 1171 1146 1217 regione,
1189 1180 1296 1213 quam
1326 1169 1506 1209 hubitant3
1539 1177 1574 1203 v-

182 1234 445 1267 Drakenborch.
470 1232 514 1265 ad
539 1231 615 1265 Liv.
642 1232 698 1272 w,
717 1233 775 1277 41,
795 1235 852 1268 11.
873 1236 908 1267 et
930 1233 975 1267 ad
994 1233 1034 1274 V,
1052 1231 1109 1273 28,
1126 1229 1161 1265 5.
1181 1231 1392 1265 Ramshorn.
1412 1231 1574 1264 Gramm-

182 1294 260 1329 Lat.
294 1297 315 1338 ς
349 1294 430 1328 203.
464 1294 490 1329 1.
516 1294 550 1328 3.
585 1306 617 1337 p.
644 1293 724 1328 657.
759 1296 812 1328 ed.
836 1296 863 1328 1.
913 1295 966 1328 Er
997 1291 1212 1337 praepositio
1248 1291 1417 1337 abigendi
1439 1289 1574 1325 notioni

182 1356 287 1390 valde
310 1355 490 1396 convenit3
515 1355 648 1399 pariter
669 1356 796 1390 dicitur
817 1356 964 1400 praed
978 1355 1053 1387 ari
1090 1365 1142 1388 ex
1165 1363 1255 1398 agro
1280 1353 1445 1393 hostium,
1478 1352 1575 1386 velut

181 1419 273 1462 apud
306 1418 383 1453 Liv.
414 1417 537 1467 xssn‘,
561 1416 618 1458 47,
647 1416 703 1451 12.
729 1418 775 1451 cf.
812 1416 998 1462 Kreyssig.
1032 1415 1068 1449 in
1101 1414 1188 1449 Sall.
1213 1413 1366 1448 Historr.
1389 1414 1572 1458 Fragmm.

181 1480 226 1517 ab
250 1480 341 1524 Ang.
372 1471 472 1512 Maio
506 1477 631 1520 editis,
656 1489 690 1521 p.
715 1477 775 1512 39.
809 1482 843 1512 et
877 1478 994 1511 Hand.
1030 1476 1073 1510 de
1105 1474 1260 1509 Particc.
1293 1474 1385 1508 Latt.
1420 1474 1497 1508 Vol.
1526 1473 1572 1507 ΙΙ.

180 1552 215 1584 p.
247 1539 328 1574 620.
364 1542 395 1582 ἓ.
431 1539 487 1572 13.
536 1539 717 1580 Praedas,
754 1550 857 1582 quem
891 1539 987 1572 vocis
1020 1542 1204 1570 numerum
1235 1535 1452 1569 defendimus
1475 1533 1519 1567 ad
1542 1544 1574 1570 c.

182 1602 259 1641 XX,
283 1601 330 1643 8.,
355 1600 498 1644 plurimi
524 1600 717 1644 optimique
741 1601 840 1634 codd.
867 1605 1026 1638 tnentur3
1060 1595 1219 1630 nonnulli
1243 1606 1285 1629 ex
1308 1594 1574 1640 interpolatione

178 1663 311 1696 habent
341 1662 532 1706 praedam,
567 1662 659 1705 quod
690 1661 829 1695 Cottius
858 1659 1001 1702 recepit.
1034 1677 1080 1682 —
1120 1658 1161 1690 In
1196 1658 1322 1691 itinere
1356 1662 1408 1691 est
1431 1657 1512 1690 dum
1536 1656 1573 1688 in

178 1725 304 1758 itinere
338 1729 457 1764 erant,
490 1722 572 1755 dum
605 1722 672 1755 iter
704 1721 898 1762 faciebant,
931 1732 964 1752 v.
988 1719 1032 1753 ud
1057 1730 1088 1751 c.
1116 1718 1203 1759 mv,
1227 1717 1283 1759 4.;
1307 1715 1572 1762 praepositione,

178 1796 286 1829 quam
322 1783 462 1818 Cortius
495 1794 624 1827 paucos
663 1783 762 1817 codd.
797 1788 950 1821 secutus,
984 1779 1127 1820 omisit,
1161 1779 1219 1812 vix
1243 1789 1374 1812 careas.
1398 1796 1444 1801 —
1468 1777 1571 1810 Plus-

178 1846 440 1891 quamperfeota
483 1846 657 1888 fuderat,
702 1849 847 1878 eruerat
895 1842 1042 1887 pendent
1084 1852 1126 1874 ex
1166 1839 1273 1874 tacita
1311 1836 1572 1881 comparatione

178 1906 379 1953 posterioris
403 1905 551 1939 alicuius
575 1906 678 1947 facti,
704 1916 808 1949 quem
833 1915 934 1937 usum
957 1901 1212 1936 illustravimus
1235 1901 1278 1935 ad
1294 1899 1368 1933 Cot.
1393 1898 1517 1937 xxiv,
1536 1898 1570 1931 1.

177 1973 211 2004 et
237 1969 281 2003 ad
305 1969 383 2013 lug.
409 1967 522 2009 nvn,
547 1966 581 2000 6.
607 1985 648 1992 —
683 1968 799 2000 Armis
833 1975 996 1999 exuere
1027 1962 1206 2006 significat
1239 1961 1393 2004 aliquem
1419 1959 1469 1993 ita
1493 1957 1570 1992 vin—

178 2042 277 2072 cere,
303 2034 341 2063 ut
373 2028 482 2063 armis
513 2028 645 2062 relictis
677 2029 733 2062 vel
758 2026 903 2062 abiectis
929 2025 1064 2069 fugiat3
1089 2024 1166 2059 biv,
1190 2024 1301 2065 xxn,
1325 2021 1384 2066 21,
1408 2020 1443 2055 4.
1468 2020 1568 2056 Caes.

177 2091 220 2125 B.
247 2091 292 2125 G.
318 2090 379 2131 Ill,
403 2089 445 2142 6x
464 2089 525 2122 nbi
551 2100 584 2125 v.
608 2090 763 2134 Herzog.

271 2153 301 2194 ς.
332 2151 364 2185 4.
412 2151 566 2195 gloriosa
591 2151 711 2191 modo,
737 2160 846 2194 neque
869 2149 951 2182 belli
972 2147 1142 2192 patrandi
1165 2145 1351 2191 cognovit]
1377 2143 1448 2178 Hic
1471 2143 1570 2176 locus

178 2212 298 2246 multis
328 2211 654 2254 interpolationibus
691 2212 849 2245 foedatus
874 2215 944 2251 est,
977 2209 1028 2242 itu
1053 2213 1193 2249 tamen,
1226 2212 1266 2241 ut
1290 2217 1375 2239 vera
1395 2204 1569 2248 scriptura

177 2285 245 2307 non
279 2274 391 2306 solum
426 2272 461 2305 in
495 2273 671 2306 nonnullis
703 2273 803 2306 codd.
838 2271 974 2316 integra
998 2275 1138 2304 servata
1163 2268 1228 2311 sit,
1260 2267 1319 2302 sed
1343 2278 1385 2301 ex
1418 2263 1569 2300 turbatis

177 2345 315 2378 quoque
347 2334 515 2377 exemplis
547 2334 655 2378 possit
679 2334 765 2368 erui.
815 2335 936 2367 Exstat
968 2337 1086 2366 antem
1111 2330 1202 2374 qnod
1228 2330 1262 2363 in
1286 2332 1446 2362 contextu
1469 2325 1566 2359 dedi-

177 2407 254 2428 mus
280 2395 314 2429 in
338 2396 421 2429 Bas.
449 2395 481 2428 1.
516 2395 627 2429 Paris.
662 2407 692 2429 c.
717 2407 749 2428 x.
776 2407 821 2436 z.‚
854 2398 893 2428 ut
927 2393 1082 2431 sidetur,
1115 2392 1150 2425 in
1182 2391 1277 2426 Leid.
1304 2390 1345 2423 A.
1370 2390 1412 2422 Β.
1439 2388 1480 2421 Ε.
1506 2387 1566 2428 G„

177 2457 420 2490 confirmatum
461 2467 567 2499 quam
602 2456 755 2489 maxime.
786 2455 994 2489 auctoritate
1029 2453 1220 2494 Prisciani,
1254 2451 1314 2495 qui
1349 2450 1472 2490 xviii,
1503 2446 1562 2489 24,

175 2516 256 2551 209.
290 2518 353 2550 Kr.
385 2517 479 2550 hunc
512 2518 626 2551 locum
663 2518 802 2557 laudat,
832 2521 871 2551 ut
894 2517 1015 2549 docent
1037 2513 1231 2559 genitivum
1265 2523 1306 2546 ex
1330 2500 1417 2545 soce
1440 2520 1564 2543 caussa

177 2579 366 2621 supplenda
399 2579 558 2621 pondere.
606 2578 769 2612 Proxime
801 2577 969 2611 accedunt.
1000 2577 1024 2610 ii
1050 2576 1165 2618 codd„
1190 2575 1224 2608 in
1249 2574 1374 2617 quibus
1397 2572 1439 2604 nd
1464 2570 1564 2614 geni—

178 2634 290 2673 tivum
317 2640 558 2683 explicandum
594 2644 669 2683 post
691 2640 860 2683 patrandi
888 2638 1028 2671 additur
1052 2637 1207 2680 σορίσηις
1244 2634 1304 2668 alii
1329 2638 1363 2667 et
1386 2633 1476 2665 lianc
1501 2643 1561 2665 vo-

178 2712 254 2734 cem
278 2700 462 2734 insiticium
488 2701 636 2739 hubent,
669 2705 703 2733 et
727 2705 806 2744 post
829 2700 985 2744 gloriosa
1017 2699 1198 2732 ostendunt
1214 2697 1318 2739 scie-‚lu
1349 2699 1450 2733 sunu
1487 2692 1562 2734 alii,

177 2765 327 2806 utraque
357 2761 625 2805 interpolatione
664 2760 856 2805 inquinati,
885 2761 984 2794 modo
1021 2770 1106 2792 voc-c
1141 2761 1281 2797 cart-nu
1315 2759 1494 2799 praetcrea
1527 2753 1563 2788 in
