1630 3034
111 159 168 200 56
486 157 532 200 C.
563 158 882 201 SALLUSTI
913 158 1135 203 CRISPI

249 273 328 317 XI.
398 272 475 317 Ad
514 289 569 318 ea
602 273 841 335 Iugurtha,
883 277 1058 320 tametsi
1103 291 1262 338 regem
1296 278 1401 322 ficta
1435 279 1504 323 lo-

114 375 265 415 cutum
301 369 595 430 intellegebat
639 378 686 416 et
717 371 815 432 ipse
844 371 980 432 longe
1013 372 1141 417 aliter
1177 373 1326 417 animo
1359 375 1506 434 agita-

78 466 214 523 ebat,
249 472 398 510 tamen
420 480 506 526 pro
535 472 744 527 tempore
770 468 966 528 benigne
996 469 1243 528 respondit.
1312 468 1507 530 Micipsa

108 562 267 622 paucis
297 568 404 622 post
429 561 587 608 diebus
618 564 815 609 moritur.
888 565 1136 623 Postquam
1178 566 1243 609 illi
1277 582 1402 611 more
1430 582 1506 611 re-

107 695 194 717 vare
217 683 342 718 studet.
389 683 516 717 Utrum
541 684 686 729 gravius
707 685 752 720 sit
775 696 845 719 non
867 688 962 719 certe
993 685 1062 719 dici
1092 689 1227 729 potest,
1258 687 1318 722 scd
1343 698 1365 720 a
1388 698 1507 720 rerum

108 745 311 780 condicione
332 748 367 780 et
390 744 558 788 cuiusque
581 745 711 780 iudicio
736 746 880 790 pendet;
904 755 1014 790 quare
1037 744 1142 781 modo
1166 745 1257 789 hoc,
1289 747 1393 780 modo
1416 747 1507 780 illud

110 804 228 848 priore
260 807 338 840 loco
361 804 515 849 ponitur.
564 807 728 840 Ceterum
761 806 900 840 Cortius
930 806 1128 850 frequenter
1157 807 1247 840 haec
1277 808 1386 841 verba
1410 807 1507 851 apud

111 865 321 899 Ciceronem
345 866 510 910 coniungi
535 867 749 909 observavit,
774 868 957 911 coII.Epp.
973 868 1017 901 ad
1041 868 1183 902 Famm.
1206 869 1265 910 w,
1289 868 1346 910 10,
1361 868 1505 909 7.Χ111,

109 926 169 968 22,
188 926 223 960 1.
246 925 295 960 ib.
321 925 380 968 78,
404 926 439 960 2.
464 927 508 961 ad
533 928 638 962 Attic.
664 928 708 970 ΙΙ,
738 927 795 964 19.
828 940 864 971 p.
880 928 973 961 Mur.
1005 939 1035 961 c.
1051 927 1110 969 34,
1128 926 1187 961 70.
1206 947 1251 952 —
1283 929 1427 962 Talem
1454 928 1506 961 υἰ-

108 999 208 1029 rum,
233 987 256 1020 i.
282 999 312 1022 e.
337 990 411 1021 tam
435 988 616 1025 eximium.
667 989 765 1023 Talis
799 988 892 1022 enim
915 988 1118 1033 saepissime
1150 988 1336 1023 adhibetur
1359 989 1403 1023 ad
1425 999 1506 1021 eum

109 1047 391 1092 significandum,
415 1047 474 1091 qui
499 1048 620 1092 aliqua
635 1061 675 1083 re
698 1051 754 1083 vel
783 1050 887 1093 bona,
912 1050 971 1083 vel
994 1051 1088 1084 maia
1111 1061 1194 1093 prae
1215 1048 1337 1082 ceteris
1359 1047 1508 1089 eminet;

108 1109 155 1142 cf.
187 1108 280 1142 Cort.
315 1108 359 1142 ad
391 1109 467 1153 lug.
500 1110 625 1153 LXIII,
651 1110 685 1145 6.
733 1111 769 1144 Is
797 1111 844 1144 acl
867 1112 904 1144 id
931 1112 1080 1144 locorum
1106 1111 1226 1144 talis
1249 1110 1314 1143 vir.
1338 1110 1444 1154 exn,
1471 1112 1504 1145 3-

111 1169 223 1210 Quum
248 1169 390 1203 talem
414 1170 526 1203 virum
562 1172 599 1204 in
628 1176 838 1216 potestatem
868 1171 1056 1205 habuisset.
1091 1172 1165 1213 CII,
1191 1170 1226 1205 5.
1251 1169 1323 1203 Cic.
1349 1172 1438 1214 Epp.
1462 1173 1506 1205 ad

108 1230 250 1263 Famm.
274 1231 335 1271 III,
361 1228 419 1269 13,
444 1231 478 1265 3.
505 1232 598 1274 XIII,
623 1232 684 1274 73,
707 1232 744 1268 2.
779 1243 813 1266 v.
838 1232 1024 1266 Ruhnken.
1049 1233 1094 1266 ad
1118 1232 1203 1266 Ter.
1222 1232 1310 1266 Eun.
1337 1232 1363 1273 1,
1387 1233 1422 1275 2,
1448 1232 1509 1268 81.

107 1290 231 1324 Bromi
257 1290 301 1324 ad
325 1291 411 1334 Nep.
437 1292 541 1327 Attio.
567 1295 607 1336 V,
632 1294 667 1328 4.
697 1293 895 1327 Gernhard.
919 1293 963 1328 ad
999 1292 1073 1327 Cic.
1098 1293 1194 1328 Laeti.
1227 1303 1258 1325 c.
1282 1291 1317 1335 3,
1336 1292 1392 1326 12.
1422 1293 1508 1327 Vide

108 1351 202 1385 infra
228 1352 270 1385 ad
296 1364 324 1385 c.
352 1352 480 1394 XXXI,
502 1354 536 1387 9.
562 1354 712 1396 xxxu,
737 1353 772 1395 5,
790 1357 876 1387 extr.

203 1412 264 1445 M.
312 1412 347 1455 ἕ.
374 1412 405 1445 1.
453 1415 696 1460 intellegebat]
726 1415 779 1448 lta
803 1413 901 1447 codd.
926 1412 1007 1447 Sen.
1033 1412 1064 1446 1.
1091 1413 1175 1446 Ecc.
1200 1411 1290 1447 Tur.
1312 1414 1346 1448 1.
1394 1414 1506 1449 Pieri-

98 1484 176 1518 ‘que
193 1473 436 1517 intelligebat,
468 1475 526 1507 sed
563 1476 681 1509 Guelf.
707 1474 742 1509 5.
772 1478 806 1508 et
829 1475 937 1509 Fabr.
955 1474 988 1507 1.
1013 1473 1248 1508 intellexisset.
1267 1492 1312 1498 —
1345 1474 1398 1507 De
1423 1478 1508 1520 agi-

110 1539 185 1567 tare
211 1532 310 1566 verbi
334 1537 501 1576 potestate
525 1546 560 1568 v.
586 1540 703 1570 notata
728 1535 773 1569 ad
797 1536 872 1569 Cat.
898 1535 1030 1576 xxm,
1052 1534 1085 1568 3.
1107 1554 1152 1559 —
1173 1534 1240 1568 Pro
1257 1539 1409 1578 tempore
1432 1533 1456 1568 i.
1474 1547 1504 1569 e.

109 1598 213 1636 prout
243 1604 361 1626 rerum
395 1596 629 1637 praesentium
662 1597 752 1630 ratio
785 1596 961 1639 poscebat.
1002 1607 1036 1630 v,
1073 1596 1117 1630 ad
1152 1596 1228 1629 Cat.
1264 1594 1330 1635 LI,
1364 1595 1398 1630 8.
1430 1596 1506 1641 Ing.

109 1654 264 1695 Lxxtv,
288 1654 323 1696 3,
374 1655 551 1690 Numidae
571 1657 614 1690 ab
641 1656 818 1702 Iugurtha
838 1667 915 1700 pro
950 1662 1144 1700 tempore
1165 1655 1295 1700 parati.
1321 1655 1505 1701 coII.Aug.

111 1715 266 1749 Matthia
290 1714 334 1748 ad
360 1715 432 1750 Cic.
460 1728 513 1751 or.
546 1730 581 1762 p.
607 1719 714 1752 Ruso.
738 1717 817 1751 Am.
843 1728 875 1751 c.
898 1716 958 1758 47,
982 1716 1062 1750 136.
1087 1718 1245 1760 Herzog.
1270 1716 1314 1749 ad
1339 1716 1438 1751 Caes.
1463 1718 1505 1751 B.

111 1776 156 1810 G.
181 1777 223 1817 V.
246 1775 281 1810 8.
305 1777 438 1810 Duker.
463 1777 507 1810 ad
525 1776 604 1811 Liv.
631 1779 795 1820 XXXIII,
813 1777 847 1820 9,
872 1777 906 1812 8.
933 1796 977 1801 —
1003 1776 1131 1810 Paucis
1146 1782 1222 1820 post
1246 1776 1365 1810 dicbus
1389 1787 1508 1812 omnes

112 1836 186 1870 fere
209 1836 292 1871 libri
317 1840 451 1879 tenent,
476 1837 543 1871 nisi
561 1839 654 1882 quod
676 1839 713 1872 in
730 1840 850 1872 Guelf.
868 1838 902 1872 5.
917 1837 950 1872 9.
970 1842 1004 1872 et
1020 1838 1102 1871 I'en.
1120 1837 1155 1871 3.
1182 1836 1313 1881 iegitur
1325 1837 1405 1881 p.d.
1416 1842 1507 1882 post,

112 1897 146 1931 in
164 1897 257 1931 Med.
275 1897 308 1931 1.
336 1901 454 1932 autem
483 1903 518 1932 et
535 1899 653 1936 Guelf.
675 1899 709 1933 6.
733 1904 812 1944 post
829 1899 944 1942 deest,
978 1909 1048 1941 quo
1072 1897 1155 1931 fisus
1171 1896 1310 1931 Cottius
1332 1899 1508 1941 praeposi-

111 1957 243 1992 tionem
271 1958 411 1993 delevit.
460 1959 554 2003 Quin
582 1964 767 2004 utrumque
797 1961 868 1994 dici
900 1959 1009 2004 possit
1031 1970 1099 1992 non
1117 1963 1168 1992 est
1201 1958 1367 1999 dubium3
1392 1964 1509 1993 tamen

111 2019 305 2053 cavendum
329 2022 403 2060 cst,
428 2031 471 2053 ne
497 2020 575 2064 quis
591 2021 700 2055 solius
722 2020 868 2055 ablativi
894 2020 1038 2055 eandem
1063 2018 1136 2052 vim
1163 2029 1237 2052 esse
1261 2019 1380 2053 credat
1404 2025 1508 2063 atque

111 2081 255 2116 alterius
277 2085 492 2123 structurae,
525 2081 782 2126 praepositione
811 2085 946 2115 auctae.
994 2081 1083 2114 Nam
1108 2091 1216 2124 quum
1238 2084 1314 2123 post
1330 2080 1509 2123 praeposi-

112 2142 207 2177 tione
221 2147 337 2177 certus
359 2142 526 2176 terminus
552 2143 774 2189 designetur,
797 2152 866 2185 quo
891 2142 1028 2185 expleto
1045 2140 1178 2184 aliquid
1203 2140 1335 2173 factum
1358 2151 1433 2173 esse
1455 2140 1508 2174 di-

113 2203 226 2246 citur,
250 2203 284 2237 id
309 2214 408 2238 secus
425 2208 477 2239 est
500 2204 658 2238 ablativo
681 2203 772 2237 nude
789 2202 911 2246 posito.
960 2202 1040 2246 Quo
1056 2212 1163 2245 quum
1181 2200 1318 2244 proprie
1340 2200 1510 2244 temporis

115 2269 283 2310 punctum
308 2264 383 2299 sive
405 2267 621 2299 momentum
645 2263 877 2309 significetur,
913 2262 948 2296 in
972 2262 1063 2305 quod
1090 2262 1184 2296 sacta
1206 2260 1327 2304 aliqua
1349 2271 1404 2294 res
1421 2259 1508 2294 inci-

114 2325 185 2370 dit,
217 2330 292 2360 tum
316 2325 456 2370 longior
489 2336 627 2369 quoque
660 2324 826 2369 temporis
849 2324 1021 2364 ambitus,
1054 2323 1149 2357 intra
1171 2333 1270 2367 quern
1297 2321 1431 2364 aliquid
1453 2322 1506 2362 fit,

114 2386 182 2421 isto
206 2397 288 2421 casu
306 2385 553 2430 comprehendi
579 2389 709 2429 potest,
734 2386 783 2420 ita
800 2390 838 2420 ut
859 2389 1030 2429 quantum
1048 2387 1165 2428 pateat
1187 2384 1251 2418 iste
1278 2381 1430 2416 ambitus
1453 2382 1508 2416 di-

115 2452 210 2481 ctum
239 2447 379 2491 quidem
402 2446 465 2488 sit,
497 2446 556 2481 sed
582 2457 649 2480 non
674 2457 811 2481 necesse
838 2446 883 2481 sit
915 2458 990 2480 rem
1015 2457 1056 2480 eo
1080 2445 1182 2489 piune
1206 2443 1344 2487 expleto
1376 2443 1508 2477 factam

115 2509 278 2553 cogitari.
302 2509 350 2543 cI.
385 2509 542 2552 Herzog.
569 2509 614 2542 ud
638 2508 734 2541 Caes.
762 2508 805 2541 Β.
835 2508 878 2541 G.
898 2508 954 2548 IV,
983 2507 1038 2547 18,
1063 2507 1095 2540 l.
1150 2505 1319 2540 Diebus
1354 2504 1508 2538 decem

117 2570 208 2603 omm‘
224 2580 325 2614 opere
348 2572 502 2614 perfecto
527 2569 693 2604 exercitus
719 2569 967 2603 transducitur.
997 2567 1043 2602 id.
1073 2567 1114 2599 Β.
1134 2567 1172 2599 C.
1196 2566 1240 2607 ΙΙ,
1266 2567 1322 2601 21.
1377 2567 1508 2600 ‘Parra-

117 2642 231 2663 canem
262 2631 424 2675 paucis
460 2630 617 2664 dicbus
649 2631 817 2674 pervenit.
867 2630 990 2663 Noster
1026 2629 1101 2672 Iug.
1129 2628 1230 2669 xm,
1253 2627 1287 2660 6.
1340 2626 1507 2661 Pauci·

118 2691 286 2725 diebus
323 2693 466 2726 Romam
500 2693 638 2736 legatos
674 2691 801 2731 mittit,
836 2691 912 2734 quis
942 2690 1131 2734 praecepit.
1163 2688 1313 2727 XXXV,
1346 2687 1381 2721 9.
1432 2688 1507 2731 Ipse

117 2753 283 2798 paucis
308 2753 464 2787 diebu·
492 2755 664 2796 prosectu·
691 2756 751 2786 cst.
779 2750 973 2790 xxxviii,
995 2751 1029 2785 9.
1083 2750 1141 2785 Uti
1170 2749 1331 2785 diebu·
1356 2749 1505 2783 decem
