1630 3034
114 186 197 225 168
282 217 287 221 .
465 176 1137 243 'c.¹SALLUSTlcR13-3P1

117 295 345 356 elephanti
373 294 578 354 triginta,
613 308 753 353 pecus
784 300 919 352 atque
948 294 1056 352 equi
1081 294 1208 337 multi
1235 309 1338 337 cum
1367 309 1509 354 parvo

120 393 296 453 argenti
349 390 556 451 pondere
625 391 851 448 quaestori
903 391 1156 437 traduntur.
1247 390 1514 451 Calpurnius

121 491 318 534 Romam
365 487 424 532 ad
470 487 756 547 magistratus
803 488 1031 548 rogandos
1080 488 1394 548 proficiscitur.
1466 488 1515 532 ln

123 585 333 650 Numidia
369 591 416 629 et
451 584 646 628 exercitu
683 592 832 629 nostro
869 601 959 646 pax
994 585 1259 645 agitabatur.

124 723 286 762 corrupta
318 729 413 758 esse,
446 720 480 751 et
504 717 618 751 Laelii
650 719 759 752 verba
792 730 862 753 una
893 731 972 753 cum
997 717 1159 752 Sallustii
1191 717 1331 751 nomine
1354 717 1524 767 excidisse

124 779 306 812 verissime
337 779 469 813 iudicat
493 779 642 813 Curtius.
690 779 758 812 Pcr-
782 784 938 813 saturam
963 779 1073 824 igitur
1096 779 1254 813 adverbii
1280 782 1450 822 potestate
1472 778 1522 812 si—

126 841 319 885 gnificabat
343 843 483 884 coufuse
508 852 549 872 ac
572 840 798 884 perturbate,
830 841 924 874 nullo
945 841 1090 882 ordine,
1115 841 1225 874 variis
1248 841 1347 873 rebus
1371 840 1463 873 iuter
1486 850 1523 872 se

123 901 316 945 permixtis.
334 901 381 934 cf.
397 899 558 934 Diomed.
575 901 633 934 ΙΙΙ.
658 912 692 943 p.
711 899 791 935 483.
816 900 952 934 Charis.
965 901 1012 935 11.
1039 914 1073 945 p.
1098 901 1178 935 135.
1204 900 1401 941 Lactant.1‚
1421 899 1467 921 ⁹⁹
1486 899 1524 934 3.

1422 923 1478 941 *⁸2

129 962 251 994 Festus
263 962 286 994 l.
304 962 327 995 l.
355 961 481 1005 ltaque
497 963 535 995 in
551 963 728 996 sanctione
745 961 863 1005 legum
881 963 1083 995 ascribitur:
1107 974 1193 995 neve
1215 974 1238 1006 p
1250 973 1295 995 er
1319 967 1527 995 saturam

129 1023 302 1068 abrogato
327 1029 388 1056 aut
412 1023 594 1067 derogato.
619 1041 666 1047 -
694 1022 734 1057 Τ.
758 1022 892 1056 Annius
918 1023 1048 1056 Luscus
1073 1024 1109 1056 in
1134 1034 1196 1065 ea,
1221 1034 1325 1067 quam
1350 1022 1437 1055 dixit
1462 1022 1525 1054 ad-

129 1093 249 1115 versus
279 1082 355 1116 Tib.
384 1082 600 1117 Gracchum.-
635 1083 837 1127 imperium,
872 1085 963 1128 quod
985 1084 1102 1128 plebes
1124 1095 1206 1128 per
1228 1088 1438 1117 saturam
1466 1083 1526 1116 ‹Ie-

130 1143 252 1183 dernt‚
288 1143 326 1176 id
351 1144 562 1188 abrogatum
585 1148 646 1178 est.
670 1161 717 1169 —-
752 1143 1007 1189 Eaequirere
1033 1146 1241 1179 sententiam
1265 1144 1374 1178 etiam
1397 1143 1528 1189 legitur

131 1215 162 1240 c.
189 1205 303 1247 cxn,
329 1205 362 1238 1.
390 1206 488 1239 Caes.
514 1205 555 1238 B.
583 1205 628 1238 G.
651 1205 720 1246 111,
744 1204 788 1245 3,
814 1207 847 1239 l.
880 1206 996 1241 Con‘r.
1357 1242 1360 1245 ,

225 1267 259 1307 ἓ.
286 1265 321 1299 6.
366 1277 429 1310 pro
454 1265 609 1309 consilio]
645 1264 711 1299 Pro
737 1265 875 1299 Curtius
903 1271 938 1300 et
961 1266 1172 1301 Ger-lachius
1196 1266 1288 1300 idem
1314 1276 1389 1299 esse
1412 1265 1531 1299 dicunt

132 1331 237 1369 atque
264 1327 319 1368 in,
355 1337 444 1370 quae
467 1325 654 1369 explicatio
679 1325 707 1359 si
734 1326 919 1371 vulgarem
944 1339 1083 1362 sonsum
1105 1332 1261 1372 spectas,
1294 1326 1378 1360 ferri
1405 1330 1528 1370 potest,

134 1398 349 1430 quamquam
373 1399 440 1420 non
465 1393 516 1420 est
539 1398 582 1420 ex
606 1387 873 1430 praepositionis
896 1395 1023 1424 natura
1047 1390 1163 1423 ducta.
1210 1387 1351 1432 Quippe
1373 1399 1437 1431 pro
1464 1388 1531 1421 uii-

133 1460 204 1492 quu
220 1460 257 1481 re
281 1460 354 1482 csse
373 1447 408 1480 id
433 1448 573 1489 dicitur,
597 1448 691 1491 quod
714 1448 763 1482 ita
788 1451 998 1485 collocatum
1024 1457 1096 1492 est,
1123 1455 1160 1484 ut
1185 1461 1262 1483 cam
1285 1461 1360 1483 rem
1385 1460 1406 1482 a
1431 1454 1532 1493 tergo

136 1508 286 1550 haheat,
319 1509 392 1542 sive
423 1514 462 1543 ut
496 1508 678 1552 utriusque
709 1510 806 1544 frons
840 1513 964 1545 eodem
998 1517 1141 1556 spectet.
1188 1512 1288 1555 Quae
1310 1510 1402 1544 ratio
1425 1509 1532 1543 etiam

135 1574 210 1603 tum
239 1570 357 1611 valet,
391 1569 452 1603 ubi
477 1569 609 1612 aliquid
635 1568 672 1602 in
699 1571 877 1605 anteriore
901 1572 1051 1606 alicuius
1076 1573 1125 1606 rei
1150 1576 1249 1616 parte
1271 1575 1451 1612 versatur,
1485 1569 1535 1604 ita

130 1634 175 1665 ut
199 1631 332 1665 relicua
356 1642 466 1674 enque
491 1631 596 1674 louge
620 1629 734 1663 maior
757 1631 809 1664 rei
834 1643 915 1676 pars
939 1645 1030 1677 pone
1053 1634 1140 1667 illud
1166 1633 1223 1675 sit,
1249 1633 1292 1666 de
1315 1643 1383 1676 quo
1409 1642 1474 1665 usu
1498 1642 1533 1665 V.

136 1690 182 1726 ad
206 1702 236 1724 c.
261 1692 411 1736 LXVIl,
436 1691 470 1724 l.
505 1691 588 1724 lntle
618 1691 796 1734 profectae
831 1698 910 1728 sunt
941 1695 1135 1728 locutiones
1169 1695 1283 1728 dicere
1314 1705 1376 1738 pro
1400 1693 1533 1736 rostris,

137 1763 201 1797 pro
219 1753 389 1786 tribunali
398 1777 406 1791 ,
429 1762 492 1796 pro
515 1752 693 1791 concione3
716 1763 798 1785 nam
822 1754 882 1796 qui
910 1755 947 1788 in
964 1756 1084 1789 rostris
1110 1756 1220 1788 verba
1243 1755 1350 1795 facit,
1375 1754 1411 1788 in
1439 1758 1536 1788 ante-

140 1813 234 1847 riore
257 1818 354 1857 parte
379 1817 465 1853 stat,
499 1816 612 1846 rostra
637 1812 827 1847 maximam
853 1821 988 1858 partem
1015 1827 1103 1858 pone
1128 1815 1258 1856 habet3
1293 1815 1376 1849 item
1407 1814 1468 1858 qui
1498 1814 1537 1848 in

139 1875 300 1908 concione
337 1874 490 1918 loquitur
523 1885 591 1907 uon
625 1873 660 1906 in
693 1878 868 1917 postrema
901 1880 998 1919 parte
1030 1881 1208 1916 versatur,
1244 1876 1304 1909 sed
1325 1876 1463 1920 prodist,
1500 1880 1539 1909 ut

142 1946 263 1969 omnes
285 1935 401 1979 ipsum
425 1934 554 1968 intueri
578 1938 612 1968 et
635 1934 756 1968 audire
779 1936 924 1979 possint.
972 1937 1046 1970 Iam
1065 1932 1228 1970 liberiore
1251 1947 1314 1969 usu
1331 1947 1373 1970 ca
1390 1947 1538 1979 quoque,

143 2007 233 2041 quae
250 1997 374 2039 fiunt
398 1996 444 2029 ab
468 1995 598 2038 aliquo,
627 1995 687 2038 qui
711 2008 774 2040 pro
797 1997 930 2038 rostris,
955 1998 1014 2031 vel
1038 2009 1100 2041 pro
1126 1997 1292 2031 cona-jone
1313 2002 1394 2039 stat,
1420 1997 1534 2030 dicun-

145 2061 202 2091 tur
220 2068 284 2101 prc
309 2057 469 2091 concione
488 2057 630 2099 sieri,
664 2056 734 2091 loci
765 2057 1026 2101 comparatione
1050 2070 1071 2092 a
1095 2060 1199 2092 rebus
1223 2059 1282 2092 vel
1307 2058 1460 2102 personis
1495 2057 1540 2091 ml

146 2117 317 2151 actionem
341 2118 522 2152 translata.
568 2117 682 2162 Igitur
705 2123 824 2152 nostro
848 2120 926 2153 loco
951 2119 1041 2164 quod
1064 2131 1144 2163 pro
1170 2121 1310 2153 consilio
1333 2121 1541 2163 imperatum

147 2183 224 2212 crat
261 2178 402 2222 proprie
434 2179 562 2212 dicitur
586 2185 742 2223 respectu
767 2180 865 2222 eius,
899 2181 959 2224 qui
985 2180 1196 2224 imperatum
1215 2181 1446 2225 pronuncians
1471 2180 1544 2224 pri-

148 2251 247 2273 mum
270 2239 409 2273 consilii
441 2240 558 2273 locum
583 2240 786 2282 obtinebat3
820 2241 879 2274 sed
912 2242 1083 2285 frequenti
1111 2232 1285 2276 soi-mulae
1308 2253 1373 2276 usu
1397 2241 1542 2282 factum,

150 2305 188 2335 ut
207 2312 270 2345 pro
295 2301 330 2335 in
355 2301 419 2334 tali
444 2313 533 2334 nexu
558 2302 758 2346 generalem
782 2302 849 2336 loci
874 2303 1072 2344 notionem,
1099 2305 1156 2337 nbi
1179 2303 1312 2348 aliquid
1338 2303 1457 2343 ficret,
1484 2313 1544 2335 nc-

151 2361 300 2404 ciperet‚
334 2363 538 2396 oblitterata
574 2363 792 2396 diversorum
826 2364 984 2397 locorum
1010 2364 1285 2408 compuratione.
1315 2364 1360 2397 cl‘.
1385 2375 1492 2408 supra
1513 2376 1544 2397 c.

153 2423 250 2463 vlu,
277 2422 310 2456 2.
349 2424 442 2458 Gell.
470 2424 542 2465 XI,
565 2423 599 2457 3.
650 2424 832 2466 Pontifices
870 2435 950 2468 pro
987 2426 1190 2470 collegio
1229 2426 1429 2460 decreuisse.
1468 2424 1545 2460 Liv.
1597 2421 1608 2429 ⁵

153 2483 353 2524 xxxvm,
378 2483 443 2526 36,
467 2484 500 2518 4.
527 2485 741 2528 Supplicatio
766 2485 801 2517 ιἰι
828 2486 980 2519 triduum
1003 2498 1085 2530 pro
1111 2488 1310 2532 collegio
1335 2486 1545 2520 decemviro-

152 2555 229 2576 rum
254 2545 427 2587 imperata
443 2546 532 2587 suit.
567 2545 622 2585 lv,
647 2545 704 2586 26,
729 2544 764 2580 9.
792 2546 937 2579 Tribuni
955 2547 1118 2581 accedunt
1143 2559 1317 2592 proque
1341 2546 1545 2591 collegio

154 2606 397 2648 prauum-iant.
424 2605 581 2638 Gronov.
606 2605 650 2638 ml
677 2606 752 2640 Liv.
771 2607 874 2649 XLV,
898 2608 932 2645 2,
960 2608 1014 2641 12.
1041 2614 1075 2642 et
1100 2608 1133 2641 in
1160 2608 1260 2641 obss.
1278 2609 1336 2648 lv,
1361 2607 1394 2641 l.
1416 2618 1448 2650 p.
1465 2606 1545 2640 526.

154 2665 209 2701 ed.
236 2665 328 2708 Lips.
368 2666 480 2699 Faber
504 2677 636 2711 negans
658 2677 722 2711 pro
748 2667 814 2700 loci
841 2673 1050 2711 potestatem
1077 2669 1209 2702 huben-o
1229 2680 1308 2713 pro
1332 2668 1470 2701 consilio
1496 2668 1547 2701 iu-

157 2728 366 2768 terpretatur
392 2737 441 2759 οι
467 2728 599 2760 consilii
623 2728 830 2770 decreto,
856 2740 946 2771 quae
969 2729 1154 2772 explic-itio
1177 2734 1270 2762 certe
1287 2740 1353 2762 uon
1371 2729 1547 2771 probatur,

157 2790 194 2820 ut
215 2785 274 2819 ille
297 2792 415 2830 putat,
448 2787 541 2821 bivii
566 2789 728 2832 exemplo
754 2789 795 2821 lv
812 2814 820 2828 ‚
844 2788 910 2830 Η,
938 2789 994 2823 12.
1039 2790 1123 2824 Pro
1148 2791 1287 2835 collegii
1311 2791 1547 2826 uenientia
