1630 3034
166 217 253 259 418
540 209 586 252 G.
618 208 945 253 SALLUSTI
973 209 1187 253 CRISPI

170 327 304 384 dent,
348 332 395 371 et
429 327 492 371 ob
533 342 633 371 rem
680 331 940 386 corruptam
982 325 1103 370 domi
1138 340 1309 388 poenas
1343 330 1556 381 metuunt,
1612 347 1615 349 >

170 424 390 469 criminari
432 422 812 484 Carthaginiensis
847 430 951 467 ante
986 429 1166 484 tempus
1211 423 1349 468 domo
1382 423 1557 484 digres-

170 536 269 577 sos,
315 520 580 565 conturbare
624 536 742 577 rem,
787 520 981 579 denique
1019 521 1169 564 omnia
1213 520 1371 572 malle,
1424 533 1558 578 quam

133 617 274 668 svicti
318 618 455 661 abire.
537 618 633 662 Sed
676 632 814 676 quum
861 617 1001 662 Poeni
1050 618 1184 662 aliam
1225 616 1558 670 condicionem,

169 713 479 759 tantummodo
532 730 720 774 aequam
745 748 758 771 ,
811 720 1051 775 peterent,
1114 714 1281 760 Graeci
1331 713 1560 775 optionem

262 852 294 894 ς.
318 849 352 884 7.
401 861 437 883 se
468 849 609 891 vident]
636 850 676 884 Iu
702 850 876 895 plerisque
900 850 1062 885 omuibus
1085 851 1185 886 codd.
1209 855 1261 885 est
1285 862 1322 885 se
1355 861 1453 885 esse
1477 850 1563 889 vid..

167 910 464 954 quemadmodum
498 911 652 955 Langius
689 911 809 945 edidit.
866 912 935 945 Sed
970 923 1042 946 esse
1075 912 1169 946 deest
1203 911 1238 945 in
1264 913 1347 946 Bas.
1374 912 1408 945 l.
1431 912 1502 947 lnc.
1525 910 1560 944 2.

168 972 261 1016 Reg.
287 972 429 1006 Martio.
457 972 568 1006 Paris.
601 972 637 1006 b.
662 983 692 1007 c.
717 985 750 1007 x.
777 973 862 1011 Erl..
893 984 1005 1017 neque
1037 972 1192 1007 dubitari
1224 977 1358 1016 potest,
1391 972 1476 1017 quin
1504 972 1561 1004 vei

168 1042 211 1065 ex
234 1031 523 1075 interpolatione,
554 1033 610 1067 vei
634 1044 754 1068 errore
778 1034 974 1068 scribarum
997 1033 1195 1077 irrepserit,
1220 1034 1256 1067 id
1280 1033 1373 1076 quod
1395 1031 1563 1066 coniicia-

168 1096 243 1127 tum
267 1104 309 1126 ex
335 1093 444 1127 Paris.
466 1105 496 1129 z.
526 1095 715 1138 posteriore
748 1107 784 1129 es
816 1107 874 1138 se,
906 1099 982 1129 tum
1014 1105 1055 1128 ex
1089 1094 1208 1128 Berol.
1235 1094 1267 1127 1.
1301 1105 1337 1127 se
1358 1093 1564 1137 posteriores

169 1165 260 1196 esse,
283 1155 366 1196 ubi,
393 1154 566 1189 infinitivo
596 1167 638 1189 ex
670 1160 846 1200 postrema
877 1155 1015 1200 syllaba
1046 1165 1272 1201 praegressae
1295 1154 1392 1188 vocis
1423 1164 1503 1187 cum
1527 1163 1564 1186 se

168 1216 322 1250 conflata
344 1220 441 1258 orto,
466 1227 678 1260 pronomen,
702 1219 793 1261 quod
817 1216 1051 1251 necessarium
1075 1220 1145 1258 est,
1172 1216 1287 1251 alieno
1307 1216 1386 1250 Ioco
1409 1218 1462 1249 est
1482 1213 1564 1248 ina-

168 1280 254 1311 tum.
302 1277 490 1312 Praeterea
521 1277 690 1313 orationis
723 1290 889 1313 numerus
919 1289 989 1313 nou
1025 1278 1140 1312 solum
1179 1278 1284 1311 vaide
1314 1278 1462 1322 languet
1492 1286 1564 1309 esso

167 1337 307 1379 addito,
333 1338 392 1371 sed
418 1339 493 1383 ipse
516 1339 652 1373 dicendi
672 1352 766 1380 usus,
790 1351 894 1384 quem
917 1338 1170 1372 illustravimus
1193 1338 1237 1372 ad
1262 1339 1341 1372 Cat.
1364 1339 1391 1380 1,
1414 1337 1450 1372 3.
1469 1349 1503 1382 p·
1529 1336 1565 1371 6.

166 1401 202 1432 et
234 1399 278 1432 ad
312 1399 400 1440 XX,
432 1399 467 1433 3.
499 1412 533 1444 p.
559 1401 633 1444 98,
666 1401 699 1435 ei
731 1413 801 1435 non
836 1401 942 1434 favet.
975 1400 1022 1433 cf.
1058 1399 1134 1434 Cat.
1160 1399 1268 1439 XXI,
1293 1398 1327 1434 5.
1377 1398 1563 1443 Postquam

168 1460 320 1493 omnium
356 1461 492 1494 animos
523 1462 706 1496 alacris
736 1462 880 1496 videt.
912 1462 988 1506 Iug-
1013 1459 1115 1502 LXI,
1139 1459 1173 1494 1.
1223 1460 1411 1506 Postquam
1434 1459 1564 1493 videt

161 1521 351 1563 frustra
383 1521 568 1566 inceptum.
604 1523 701 1566 LIV,
725 1524 759 1557 1.
792 1521 960 1565 LXXVI,
987 1519 1021 1555 6.
1045 1520 1169 1563 XCIII,
1193 1520 1227 1555 3.
1244 1540 1290 1547 —
1318 1522 1367 1555 ob
1391 1532 1465 1555 rem
1489 1531 1561 1553 cor-

167 1585 309 1624 ruptam
334 1579 356 1615 i.
382 1592 412 1616 e.
438 1582 483 1616 ob
508 1587 691 1627 acceptum
715 1583 752 1617 iu
774 1582 1014 1617 constituendo
1037 1582 1179 1627 negotio
1203 1583 1467 1623 detrimentum,
1491 1581 1566 1614 sive

167 1641 213 1674 ob
256 1640 423 1675 amissum
457 1645 549 1686 quod
591 1648 819 1688 speraverant
861 1644 1107 1685 commodum;
1152 1644 1198 1678 cf.
1235 1644 1281 1678 ad
1312 1656 1344 1678 c.
1377 1643 1509 1684 LXIV,
1530 1640 1563 1674 5-

167 1701 330 1744 XXXIII,
353 1701 386 1735 4.
435 1703 598 1737 Ceterum
625 1705 764 1739 Cortius
787 1709 882 1738 recte
902 1707 1020 1738 monet
1043 1715 1084 1736 ex
1110 1704 1298 1744 criminari.
1325 1704 1349 1740 i.
1375 1715 1407 1738 ο.
1432 1703 1564 1737 crimen

167 1761 367 1806 imputare,
401 1774 468 1796 non
504 1765 653 1808 pendere
695 1764 935 1799 accusativum
969 1763 1099 1798 obiecti
1144 1764 1470 1810 Carthaginiensis,
1503 1762 1561 1796 sed

167 1834 280 1857 accus.
312 1835 341 1857 c.
367 1823 492 1858 infinit.
531 1825 650 1859 Carth.
685 1826 869 1872 digressos.
927 1826 1077 1868 Tempus
1109 1829 1248 1867 autem,
1282 1828 1321 1860 ut
1347 1824 1561 1869 saepissime.

167 1883 374 1928 praegnanti
398 1895 499 1918 sensu
524 1890 576 1920 est
600 1888 823 1920 constitutum
847 1886 922 1920 sive
945 1886 1073 1919 iustum
1099 1889 1254 1929 tempus;
1280 1886 1326 1920 cf.
1350 1897 1381 1919 c.
1397 1886 1507 1926 Lxx,
1526 1885 1560 1918 5.

166 1944 360 1986 LXXXIX,
384 1942 420 1978 3.
455 1946 543 1988 XCI,
567 1947 600 1981 3.
635 1948 757 1990 XCIV,
781 1947 814 1981 1.
846 1951 881 1981 et
913 1957 949 1980 v,
981 1946 1146 1990 interprr.
1173 1948 1214 1980 ad
1242 1946 1318 1981 Liv.
1344 1948 1403 1988 w,
1424 1947 1482 1989 18,
1506 1947 1562 1980 12.

167 2005 288 2039 Bremi
313 2006 358 2040 ad
383 2005 469 2051 Nep.
504 2008 619 2043 Alcib.
645 2009 696 2053 V,
720 2009 756 2043 2.
779 2028 826 2033 —
860 2006 1076 2042 Conturbare
1110 2017 1183 2040 rem
1214 2007 1274 2040 vix
1296 2008 1460 2052 estquod
1483 2018 1560 2041 mo·

167 2071 291 2101 nentur
324 2078 399 2101 esse
434 2067 647 2103 infinitivum
680 2070 887 2104 historicum
914 2068 957 2103 ad
983 2068 1199 2112 Cyrenenses
1221 2069 1463 2111 referendum3
1493 2078 1563 2113 quo

166 2140 276 2172 quum
310 2128 418 2162 etiam
452 2131 558 2164 malle
584 2131 766 2175 pertineat,
799 2129 1019 2165 incommode
1050 2129 1162 2174 vulgo
1193 2134 1270 2173 post
1299 2141 1374 2164 rem
1396 2129 1563 2164 semicoio

167 2189 436 2235 interpungitur.
487 2191 617 2225 Sensus
640 2197 692 2226 est
717 2196 854 2226 autem.-
886 2191 1017 2225 laesam
1039 2190 1260 2234 sponsionem
1283 2203 1360 2226 esse
1381 2195 1563 2236 querente·

168 2262 241 2284 rem
268 2255 305 2285 ut
329 2256 540 2286 convenerat
566 2253 759 2298 transigere
783 2253 1002 2291 recusabant,
1025 2261 1067 2284 ac
1092 2256 1232 2295 pactum
1256 2251 1465 2287 dissolutum
1488 2263 1562 2286 etse

167 2313 429 2346 contendebant.
466 2331 508 2337 —
544 2312 613 2346 Pro
645 2314 825 2359 digressos
851 2311 1033 2357 Bipontini
1074 2311 1223 2355 pessime
1252 2314 1465 2358 scripserunt
1498 2314 1561 2347 «le-

166 2384 315 2417 gressos.
339 2393 384 2398 —
411 2373 564 2418 Denique
592 2374 721 2417 pariter
745 2380 783 2409 ut
800 2381 972 2419 postremo
1001 2373 1073 2407 vim
1098 2373 1205 2408 habet
1227 2373 1283 2416 id,
1319 2374 1363 2408 de
1387 2385 1457 2418 quo
1481 2373 1560 2419 agi-

168 2439 243 2474 tur,
269 2433 388 2477 paucis
412 2434 680 2477 complectendi,
715 2440 754 2470 ut
785 2435 1029 2481 germanicum
1056 2435 1162 2475 knr=5
1195 2435 1240 2468 cf.
1265 2436 1382 2470 Hand.
1408 2434 1560 2470 Turseli·

168 2494 243 2527 voi.
265 2494 308 2527 II.
333 2506 366 2538 p.
390 2493 472 2528 271.
505 2494 581 2539 lug.
610 2495 686 2536 XV,
710 2495 744 2529 2.
779 2496 854 2539 CX,
878 2495 912 2530 4.
944 2515 988 2521 —
1018 2495 1107 2529 Victi
1139 2496 1272 2530 abire
1306 2496 1560 2542 significantius

166 2554 297 2588 dictum
329 2567 434 2600 quam
465 2555 570 2590 vinci.
618 2556 657 2589 V.
694 2562 813 2592 notata
844 2557 889 2592 ad
919 2557 1025 2591 Catil.
1063 2557 1194 2600 xmx,
1226 2557 1262 2592 3.
1291 2569 1326 2602 p.
1361 2556 1442 2592 229.
1475 2557 1556 2592 cou.

168 2615 439 2661 Voigtiaendero
464 2617 499 2650 in
525 2617 715 2651 Forceiiini
740 2619 820 2653 Lex.
845 2630 877 2651 v,
900 2619 1008 2652 abire.

260 2677 292 2719 §.
317 2675 341 2710 8
399 2677 654 2723 condicionem]
690 2679 766 2714 Non
796 2678 882 2713 uatis
915 2683 1009 2713 recte
1034 2677 1192 2713 Waaeiu·
1224 2677 1470 2723 interpretetur
1493 2678 1557 2712 eb·-

165 2735 274 2780 gcndi
312 2741 531 2780 potestatem.
591 2738 824 2785 Significatur
866 2739 982 2783 potius
1021 2740 1213 2785 negotit'
1254 2738 1557 2782 conficiendi

166 2796 210 2829 οἱ
221 2807 244 2829 ιι
273 2797 436 2840 pactione
467 2800 730 2839 constituenda,
765 2811 877 2844 eaque
911 2799 995 2841 tali,
1029 2811 1100 2843 qun
1122 2800 1216 2834 ultro
1239 2799 1398 2842 citroque
1420 2797 1554 2843 aliquid
