1630 3034
99 197 184 238 334
469 181 516 227 C.
546 183 873 228 SALLUSTI
902 183 1117 229 GRISPI
1176 239 1180 241 Α

100 309 294 354 animum
335 301 484 360 suum,
521 307 567 346 et
601 314 657 345 ex
690 301 807 345 mala
838 301 1106 346 conscientia
1138 301 1279 362 dig-na
1312 303 1480 351 timere.

65 405 309 463 9Denique
342 399 491 446 multis
525 397 683 443 diebus
718 413 804 459 per
839 397 1163 446 dubitationem
1199 401 1486 462 consumptis,

99 514 238 564 quum
279 498 418 544 modo
461 496 613 542 taedio
658 510 810 541 rernm
854 495 1146 542 advorsarum
1181 497 1342 543 omnia*
1363 498 1486 544 bello

96 659 312 698 subiectum,
344 654 436 690 unde
458 653 692 699 proficiscitur
713 652 806 687 actio
829 652 999 698 gerundio
1022 653 1242 699 significata,
1271 665 1340 689 non
1362 654 1488 690 diserte

96 720 314 755 declaratum
337 719 412 759 est,
436 715 497 750 sed
520 714 644 749 lectori
667 712 878 759 cogitatione
900 715 1133 760 supplendum
1149 715 1375 760 relinquitur;
1399 727 1488 761 qnae

94 777 314 829 negligentia
337 789 380 811 ex
415 776 661 812 consuetudine
683 775 871 810 familiaris
891 777 1060 811 sermonis
1075 802 1087 819 ‚
1125 789 1194 812 non
1223 789 1362 822 semper
1384 788 1488 812 accu—

94 842 187 884 rati,
224 839 411 883 repetenda
441 837 592 875 videtur.
637 837 719 873 Huc
743 837 896 878 accedit,
926 838 1019 882 quod
1043 849 1112 873 non
1146 839 1261 873 solum
1288 838 1382 873 istud
1404 838 1488 874 sub·

96 904 249 942 iectum,
274 900 365 944 quod
389 898 535 934 dicentis
559 897 666 934 menti
690 898 917 940 obversatur,
950 899 1156 943 plerumque
1178 899 1399 944 indefinitum
1422 902 1487 941 est,

97 965 156 1000 cui
179 961 410 1008 significando
434 960 551 995 Latini
573 971 642 994 non
667 958 879 1004 peculiarem
902 969 1050 999 vocem,
1073 960 1125 995 uti
1147 970 1231 1003 nos,
1252 960 1404 1004 habent,
1427 960 1488 996 sed

96 1026 224 1067 etiam,
257 1023 351 1068 quod
376 1022 474 1056 haud
505 1032 586 1056 raro
611 1021 729 1066 ipsum
757 1019 858 1054 verbi
881 1019 1058 1055 obiectum
1081 1020 1294 1066 cogitatione
1325 1033 1367 1055 ex
1390 1025 1488 1056 ante*

96 1087 228 1135 gressis
252 1083 501 1120 assumendum
525 1085 600 1125 est,
634 1093 745 1127 eaque
776 1093 816 1116 re
838 1081 1013 1124 efficitur,
1040 1087 1078 1117 ut
1112 1082 1288 1118 interdum
1309 1081 1490 1117 difficilius

96 1149 261 1183 videatur
293 1143 614 1179 circumscribenda
654 1144 814 1178 oratione
855 1154 932 1177 rem
963 1143 1161 1187 iilustrare,
1204 1152 1420 1188 quamquam
1451 1143 1489 1178 in

96 1210 259 1245 omnibus
281 1206 369 1241 locis
392 1205 515 1240 cadem
539 1205 631 1239 ratio
655 1207 762 1240 valet.
788 1206 835 1239 cf.
859 1205 948 1241 vell.
969 1204 1016 1247 ΙΙ,
1040 1203 1098 1247 15,
1123 1204 1156 1239 1.
1205 1205 1359 1240 Maiores
1373 1226 1420 1232 —
1435 1206 1488 1240 ci-

95 1284 154 1308 ves
178 1271 354 1305 Romanos
389 1265 445 1301 ad
478 1267 758 1301 censendum
791 1277 832 1301 ex
863 1266 1050 1311 provinciis
1073 1267 1111 1300 in
1138 1267 1282 1301 Italiam
1304 1276 1490 1301 revocave-

94 1338 189 1377 rant,
210 1331 273 1366 ubi
295 1329 439 1375 gerenti.
463 1328 588 1373 pendet
610 1339 652 1361 ex
673 1328 741 1362 hac
763 1327 1000 1372 cogitatione:
1024 1331 1063 1361 ut
1084 1327 1130 1370 ii,
1163 1339 1307 1372 quorum
1330 1327 1369 1362 id
1391 1332 1489 1369 esset,

96 1407 152 1431 eos
176 1396 363 1429 censerent.
389 1384 463 1425 cic.
488 1390 526 1424 in
549 1389 649 1423 Vcrr.
671 1389 799 1431 Act-1,
825 1387 881 1431 18,
907 1386 965 1423 54.
1014 1387 1114 1422 Ilaec
1139 1389 1340 1434 frequentia
1362 1400 1489 1424 conve·

94 1456 146 1492 nit
179 1467 246 1490 uno
279 1458 430 1497 tempore
466 1452 619 1496 undique
659 1449 901 1491 comitiorum,
936 1448 1100 1483 *ludorum
1121 1474 1132 1491 ,
1174 1450 1490 1495 censendique

95 1528 239 1558 caussa,
272 1513 296 1548 i.
321 1524 352 1547 e.
376 1516 416 1547 ut
437 1511 484 1554 ii,
518 1523 666 1556 quornm
691 1515 742 1545 est
766 1521 928 1552 censere,
957 1510 1024 1545 isto
1055 1510 1200 1556 negotio
1222 1510 1327 1555 fungi
1349 1510 1489 1554 possint.

92 1578 213 1615 lustin.
237 1575 346 1616 xvn,
369 1574 404 1617 3,
431 1574 486 1607 10.
535 1573 686 1617 Arrybas
710 1573 866 1606 Athenas
891 1571 1146 1606 erudiendi
1176 1573 1341 1617 gratia
1365 1573 1489 1607 missus

94 1645 167 1683 est,
204 1638 229 1673 i.
262 1649 293 1671 e.
330 1646 399 1679 quo
422 1633 471 1676 ii,
504 1645 654 1678 quorum
677 1635 730 1666 est
757 1631 917 1673 erudire,
954 1643 1036 1666 enm
1060 1633 1249 1667 erudirent.
1274 1633 1360 1678 Nep.
1383 1633 1489 1669 Attio.

92 1715 125 1740 c,
148 1701 217 1745 IX,
241 1699 276 1733 2.
326 1697 446 1731 Hostis
480 1695 654 1730 Antonius
688 1693 865 1726 iudicatus
895 1693 1005 1727 Italia
1037 1698 1209 1735 cesseram
1249 1705 1326 1739 spes
1353 1694 1488 1730 resti·

92 1761 253 1800 tuendi
276 1759 375 1792 nulla
408 1762 505 1800 erat,
538 1756 563 1790 ἰ.
595 1767 626 1789 e.
660 1754 757 1788 nulia
791 1753 825 1787 ei
856 1765 933 1797 spes
964 1756 1040 1788 erat
1064 1754 1162 1797 fore,
1198 1758 1238 1790 ut
1267 1756 1488 1791 restituerent

93 1826 231 1871 ipsum,
263 1819 324 1865 qui
358 1818 575 1862 expulerant.
609 1814 683 1850 Cic.
708 1815 837 1850 Acadd.
862 1816 915 1858 11,
938 1814 1006 1857 31,
1032 1815 1112 1849 101.
1160 1816 1306 1860 Sapiens
1331 1821 1488 1851 movetur

92 1886 266 1926 sensibus,
289 1887 328 1916 ut
354 1881 386 1915 ei
410 1879 522 1913 multa
546 1887 630 1911 vera
654 1877 862 1919 videantur,
885 1888 995 1921 neque
1019 1881 1137 1911 tamen
1163 1877 1290 1911 habere
1312 1877 1488 1922 insignem

93 1949 192 1982 illam
217 1950 250 1980 ct
272 1942 449 1990 propriam
471 1938 778 1984 percipiendi
800 1943 941 1980 notam,
965 1937 989 1973 i.
1014 1949 1045 1973 c.
1070 1943 1211 1981 notam,
1247 1944 1316 1982 qna
1343 1949 1386 1972 ea
1407 1949 1487 1983 per-

93 2010 207 2054 cipere
228 2005 411 2052 possimus.
437 2000 516 2036 Liv.
540 1999 581 2041 V,
605 1998 662 2041 27,
688 1999 723 2032 2.
773 2000 807 2033 Is
830 2010 932 2044 quum
957 1999 992 2032 in
1022 2010 1110 2044 pace
1133 2000 1340 2035 instituisset
1361 2010 1488 2045 pueros
1555 2001 1559 2005 ’

95 2076 177 2105 antc
200 2069 319 2102 urbem
351 2066 420 2098 lus
432 2073 480 2096 us
511 2061 852 2106 exercendique
884 2071 1007 2094 caussa
1030 2061 1242 2106 producere,
1266 2060 1289 2094 i.
1313 2071 1345 2094 c.
1369 2063 1410 2094 ut
1432 2061 1487 2095 lu-

95 2132 214 2166 dex-ent
237 2133 272 2164 ct
295 2139 333 2162 se
357 2128 568 2161 exercerent.
594 2123 642 2157 id.
668 2123 694 2164 1,
718 2121 776 2163 20,
802 2121 835 2156 6.
882 2121 1052 2156 Romulus
1076 2123 1192 2156 omnia
1214 2132 1317 2156 sacra
1343 2122 1488 2167 Pontifi-

92 2253 363 2300 pcregrinosque
387 2247 658 2283 asciscendo
683 2246 908 2286 turbaretur,
939 2244 963 2280 i.
997 2256 1028 2279 e.
1061 2244 1090 2279 si
1123 2244 1200 2289 quis
1231 2243 1430 2291 negligeret
1451 2255 1485 2290 p.

95 2327 124 2348 r.
153 2327 188 2359 p.
215 2312 411 2348 ascisceret.
449 2308 598 2355 Quintil.
631 2309 702 2350 xl,
725 2307 770 2351 2,
804 2307 837 2341 1.
887 2307 1058 2341 Memoria
1095 2307 1363 2348 excoleti-dc,
1397 2306 1487 2343 sicut

95 2375 170 2409 alia
195 2374 329 2415 omnia,
361 2378 536 2418 augetur,
570 2370 597 2407 i.
627 2382 659 2404 c.
689 2368 719 2404 εἰ
754 2379 833 2403 eam
864 2368 1016 2402 excolas.
1041 2367 1139 2413 Vir-g.
1163 2366 1289 2413 Eciog.
1312 2365 1406 2410 vlu,
1426 2366 1485 2403 71.
1521 2386 1523 2388 *

98 2435 266 2481 Frigidus
288 2435 326 2468 in
359 2432 473 2468 herbis
504 2430 734 2466 cantando
761 2429 934 2475 rumpitur
963 2429 1114 2473 anguis,
1146 2424 1170 2462 i.
1193 2440 1223 2462 e.
1248 2428 1278 2463 si
1304 2439 1384 2463 cum
1407 2439 1485 2463 car-

95 2497 248 2530 minibus
272 2496 440 2530 incuntes.
465 2494 602 2529 [meret.
633 2493 668 2535 1,
689 2492 771 2527 313.
821 2490 980 2526 Annulus
1007 2491 1042 2524 in
1067 2489 1179 2535 digito
1204 2490 1485 2525 subtertenuatur

95 2558 327 2599 habendo,
363 2556 388 2590 i.
419 2567 450 2590 e.
483 2555 513 2589 si
545 2565 624 2588 eum
658 2555 787 2588 habeas
814 2553 872 2587 vei
902 2563 1018 2598 geras.
1050 2550 1100 2585 ld.
1128 2550 1198 2593 lv,
1222 2549 1327 2585 1062.
1383 2549 1485 2585 Ulcus

96 2619 186 2653 enim
209 2619 350 2653 vivescit
374 2621 406 2651 ct
443 2615 664 2651 inveterascit
688 2615 872 2654 alendo,
906 2613 929 2648 i.
961 2625 993 2646 e.
1027 2611 1056 2647 ni
1089 2612 1184 2654 uine,
1214 2612 1271 2646 vei
1298 2619 1360 2653 co,
1391 2611 1484 2655 qnod

98 2680 185 2715 alas.
211 2681 322 2714 Varro
354 2679 397 2712 dc
416 2678 461 2712 R.
486 2677 534 2710 R,
557 2677 595 2718 1,
619 2674 676 2711 20.
723 2676 852 2711 Diebus
881 2675 1002 2720 paucis
1033 2672 1135 2708 boue·
1166 2678 1268 2708 erunt
1296 2673 1484 2714 mansueti,

97 2740 153 2775 ad
186 2741 459 2776 domandum
489 2739 614 2783 proni,
652 2737 674 2772 i.
711 2749 742 2772 e.
775 2736 912 2779 idonci,
948 2745 1035 2781 quos
1066 2735 1208 2770 domare
1240 2731 1364 2778 possis.
1389 2732 1482 2768 Gen.

97 2799 127 2842 1,
148 2799 204 2835 12.
254 2801 384 2837 Amata
408 2801 538 2834 inter
571 2797 850 2843 capiendum
873 2808 895 2832 a
916 2797 1078 2842 pontificc
1100 2795 1249 2830 maxivno
1273 2795 1482 2839 appellatur,
