1630 3034
187 200 273 243 152
540 198 587 241 C.
617 198 961 243 SALLUSTI
991 201 1219 245 cRISPI

188 313 274 357 bus
306 312 439 359 rebus
472 319 653 374 possent
685 329 796 374 opes
830 315 1036 362 factionis
1069 320 1360 373 confirment,
1394 319 1569 364 insidias

192 402 377 451 consuli
418 410 665 463 maturent,
710 406 922 466 eaedem,
967 408 1196 466 incendia,
1242 410 1418 468 aliaque
1461 411 1572 455 belli

193 493 396 540 facinora
428 501 609 555 parent3
654 511 750 543 sese
789 499 1061 559 propediem
1102 515 1206 545 cum
1240 516 1409 561 magno
1445 515 1573 547 exer-

149 585 284 631 Seitu
336 585 397 631 ad
450 587 610 633 urbem
669 602 960 638 accessurum.
1048 590 1171 636 Dum
1225 590 1343 637 haee
1395 591 1573 637 Romae

192 682 438 735 geruntur,
491 675 545 723 C.
578 676 775 724 Manlius
822 695 875 725 ex
922 696 1001 726 suo
1057 696 1246 726 numero
1291 681 1468 742 legatos
1512 680 1573 725 ad

189 764 416 814 Mardum
449 768 631 830 Regem
666 770 819 829 mittit,
856 787 960 817 cum
996 772 1213 816 mandatis
1247 771 1572 818 huiuscemodi.

329 859 542 907 XXXIII.
611 859 734 905 Deos
766 862 1062 922 hominesque
1096 870 1333 919 testamur,
1367 863 1574 922 Impera-

187 988 222 1024 2.
248 990 374 1027 Hense.
397 993 476 1028 Vin.
499 993 533 1030 2.
558 994 646 1029 Tur.
665 995 700 1030 1.
723 995 830 1030 Bern.
848 995 882 1033 8.
914 996 1012 1031 Leid.
1035 996 1075 1029 E.
1101 996 1146 1032 G.
1170 995 1217 1030 Η.
1242 995 1281 1030 L.
1307 994 1350 1030 N.
1374 996 1484 1029 multa
1508 1007 1573 1028 an-

187 1050 252 1081 tec.
277 1059 344 1090 ρας
366 1050 508 1088 Leid.1.
541 1053 651 1086 multa
671 1054 877 1096 praevenire
901 1064 1022 1097 cupere
1057 1064 1110 1086 ea.
1164 1053 1297 1086 Locum
1321 1051 1571 1096 interpolatum

187 1113 262 1136 esse
279 1105 466 1152 unicuique
481 1109 625 1152 patebit,
639 1120 849 1154 quamquam
868 1110 910 1143 de
925 1108 1199 1153 interpolationis
1217 1120 1340 1143 caussa
1363 1120 1433 1142 nou
1453 1120 1573 1145 omnes

186 1161 413 1198 consentiunt.
462 1167 602 1201 Cottius
625 1168 736 1201 multa
760 1168 917 1201 additum
940 1171 1056 1201 censet
1087 1167 1133 1199 ab
1165 1166 1231 1207 iis,
1266 1166 1328 1209 qui
1349 1177 1472 1199 vocem
1495 1166 1572 1198 vel·

184 1217 258 1251 lent
280 1220 418 1264 adesse,
455 1223 500 1257 ad
523 1234 630 1266 quam
653 1225 842 1259 relativum
865 1224 1072 1270 pertineret,
1104 1222 1238 1266 pariter
1259 1226 1298 1256 ut
1321 1222 1385 1256 alii
1410 1234 1452 1256 ca
1475 1222 1574 1256 addi-

185 1274 317 1318 derint3
353 1289 442 1321 quae
463 1281 636 1324 posterior
659 1282 750 1315 ratio
773 1294 860 1316 vera
883 1286 957 1323 est,
987 1280 1085 1326 prior
1108 1291 1176 1313 non
1200 1279 1296 1313 item.
1354 1280 1457 1314 Patet
1479 1279 1573 1313 enim

181 1332 314 1368 scribas
339 1336 486 1370 verbum
510 1343 718 1382 antecapere
741 1340 946 1383 explicuisse
968 1337 1086 1372 verbis
1116 1337 1223 1371 multo
1242 1337 1471 1381 praevenire3
1494 1337 1574 1371 inde

184 1389 246 1423 alii
269 1391 426 1427 fecerunt
448 1395 559 1428 multa
582 1397 808 1438 praevenire3
832 1400 906 1430 tum
930 1398 1042 1431 multa
1066 1395 1180 1428 solum
1203 1394 1240 1428 in
1262 1398 1395 1428 textum
1418 1392 1572 1438 irrepsit,

187 1445 247 1479 eui
269 1449 428 1483 nonnulli
460 1451 666 1486 addiderunt
689 1454 785 1493 locu,
820 1452 881 1486 alii
905 1453 1011 1486 etiam
1045 1462 1110 1493 ea,
1140 1455 1284 1495 propter
1313 1463 1459 1495 sequens
1479 1452 1574 1485 rela-

182 1502 307 1538 tivum.
353 1506 408 1540 Ita
431 1506 503 1541 iam
535 1508 572 1542 in
605 1513 769 1553 promptu
803 1514 855 1542 est
896 1511 1025 1551 multa,
1068 1508 1159 1552 quod
1184 1508 1396 1541 Gerlachius
1429 1507 1571 1551 recepit,

181 1570 251 1594 non
283 1563 476 1607 genuinum
508 1577 603 1606 esse3
637 1567 697 1600 sed
731 1565 899 1599 sententia
932 1566 1037 1600 etiam
1069 1566 1104 1599 id
1137 1566 1258 1599 abesse
1279 1564 1430 1608 flagitat.
1476 1565 1572 1608 Quid

183 1617 276 1651 enim
300 1624 360 1662 est,
387 1621 481 1664 quod
504 1621 657 1655 Catilina
679 1623 790 1655 multa
812 1626 958 1665 tantum,
985 1634 1075 1666 quae
1097 1623 1193 1656 bello
1215 1622 1294 1655 usui
1318 1621 1445 1661 forent,
1470 1626 1570 1655 unte-

182 1685 306 1718 capere
339 1677 434 1719 vult,
467 1679 541 1711 alia
565 1690 676 1722 acque
700 1677 803 1713 utilia
833 1689 901 1712 non
926 1679 1029 1713 vult?
1064 1691 1166 1724 quem
1191 1682 1462 1713 consentaneum
1484 1681 1571 1719 erat,

181 1743 408 1778 quaecunque
438 1736 507 1769 sibi
541 1741 737 1780 opportuna
769 1735 903 1776 forent,
937 1735 972 1768 in
1004 1747 1106 1770 usum
1137 1746 1240 1768 suum
1273 1739 1475 1768 convertere
1495 1739 1571 1768 stu-

181 1789 311 1824 duisse.
357 1792 552 1827 Infeliciter
575 1794 682 1827 ctiam
707 1793 898 1828 munerun:
922 1795 1031 1827 multo
1054 1799 1136 1827 ante
1160 1803 1303 1837 capcrc3
1329 1791 1365 1825 in
1388 1802 1459 1835 qua
1481 1791 1570 1826 scri-

183 1850 288 1890 ptura
321 1849 427 1882 multo
459 1856 541 1883 ante
573 1851 676 1884 valde
699 1850 936 1894 importunum
962 1855 1032 1891 eet,
1064 1855 1139 1884 tum
1164 1853 1308 1892 propter
1330 1845 1570 1893 antegressum

177 1906 299 1949 prius,
321 1910 397 1940 tum
421 1907 503 1951 quia
523 1907 695 1942 Catilinae
718 1919 841 1951 parum
866 1907 1030 1941 intererat
1060 1906 1333 1950 opportunitates
1357 1908 1463 1940 multo
1487 1911 1570 1940 anto

183 1973 376 2007 occupare,
410 1966 440 1998 si
470 1966 576 1999 modo
609 1970 854 2008 antecaperet3
890 1976 1014 2009 capere
1047 1975 1130 1997 vero
1156 1963 1246 1996 nude
1272 1963 1424 2007 positum
1447 1962 1482 1997 in
1507 1962 1570 1996 tau

179 2021 348 2055 sententia
370 2022 474 2065 plane
497 2027 620 2057 contra
642 2022 781 2056 dicendi
805 2033 907 2056 usum
934 2027 994 2058 est.
1030 2022 1068 2056 ln
1092 2021 1238 2054 lectione
1261 2031 1282 2054 a
1305 2019 1405 2053 nobis
1428 2024 1571 2062 recepta

176 2077 274 2120 prius
307 2083 517 2123 antecapere
548 2091 617 2114 non
651 2081 754 2113 debet
785 2079 979 2121 offendere,
1014 2078 1186 2121 siquidem
1221 2077 1337 2111 verbis
1368 2088 1447 2110 eum
1468 2087 1568 2121 prae,

179 2140 262 2169 ante
286 2139 321 2169 et
351 2147 390 2170 re
413 2137 615 2179 compositis
641 2137 736 2170 haud
760 2148 840 2171 raro
861 2139 977 2181 prius,
1011 2142 1093 2169 anto
1120 2141 1154 2169 et
1177 2147 1293 2169 rursus
1319 2135 1470 2168 additur.
1511 2134 1566 2169 Cl'.

179 2204 286 2235 supra
310 2194 355 2227 ad
378 2205 408 2229 c.
424 2195 599 2235 xv111,6.
625 2195 780 2228 Gronov.
807 2196 851 2227 ad
875 2195 951 2229 Liv.
974 2194 1066 2235 xm,
1086 2193 1145 2234 32,
1167 2193 1199 2226 Ἰ.
1237 2203 1444 2236 quamquam
1462 2193 1568 2235 sama

177 2251 274 2292 prius
296 2256 486 2297 praccepta
511 2263 565 2284 res
590 2256 677 2284 crat.
726 2251 903 2284 Drnkenb.
927 2251 971 2284 nd
996 2252 1022 2293 1,
1053 2250 1088 2289 3,
1117 2250 1151 2284 4.
1187 2250 1298 2283 Mlcln.
1327 2248 1497 2292 neus-ing.
1523 2247 1569 2282 ad

178 2307 345 2341 vechner.
370 2309 544 2344 Hellennl.
569 2319 601 2351 p.
627 2308 708 2343 163.
735 2308 855 2341 Brenni
882 2309 923 2342 ad
948 2307 1032 2351 Nep.
1059 2309 1200 2340 Datum.
1223 2317 1253 2340 c.
1272 2305 1327 2345 vl,
1345 2306 1377 2339 1.
1403 2325 1448 2331 -—-
1480 2306 1570 2338 Ante

177 2374 368 2406 pronomen
393 2367 514 2409 quibus
547 2365 708 2399 nonnulli
732 2366 829 2398 codd.
857 2366 1008 2398 inserunt
1041 2370 1097 2403 ut,
1129 2364 1219 2406 qnod
1245 2368 1338 2396 recto
1361 2363 1483 2396 abesse
1506 2362 1569 2395 do-

178 2421 315 2454 cuimus
340 2423 384 2455 ad
410 2435 440 2455 c.
460 2423 591 2463 xxix,
612 2422 669 2461 2.;
695 2422 783 2455 udde
808 2422 970 2464 ΧΧΧΗΙ,
989 2420 1022 2455 5.
1051 2422 1136 2461 xm,
1160 2419 1194 2455 5.
1230 2421 1275 2453 cf.
1302 2420 1567 2455 Drakenborch.

174 2477 218 2510 ad
243 2477 319 2512 niv.
340 2479 383 2519 X,
400 2478 457 2519 41,
478 2479 511 2513 S.
537 2485 572 2513 et
598 2480 642 2513 ud
667 2479 784 2520 XLIV,
805 2479 839 2522 2,
858 2479 947 2511 5.-
982 2479 1146 2523 Legatos,
1170 2478 1263 2520 quod
1287 2477 1322 2510 in
1346 2477 1442 2510 nullo
1466 2477 1564 2513 codd.

177 2534 297 2576 deest,
321 2536 484 2579 quodque
507 2536 645 2570 Cortius
676 2548 740 2581 pro
764 2547 829 2570 sua
851 2535 1008 2570 lubidine
1033 2535 1201 2575 eiecerat,
1227 2537 1415 2579 praeeunte
1441 2534 1568 2569 Gerla-

175 2591 257 2625 chio
286 2592 512 2627 restituimus.
1503 2624 1507 2626 .

266 2650 430 2684 xxxm.
477 2654 509 2694 §—
547 2651 579 2684 1.
638 2651 717 2684 aliis
745 2648 964 2693 sacen-cmm]
1011 2649 1150 2683 Con-tius
1184 2661 1225 2683 ex
1268 2649 1344 2683 eolo
1379 2647 1497 2684 Guelf.
1530 2645 1566 2683 3.

170 2707 300 2740 leontini(
316 2710 375 2751 s.,
412 2709 504 2752 qnod
537 2707 745 2742 recentiore·
775 2712 869 2743 recto
909 2711 1115 2751 respuerunt
1147 2718 1276 2742 omncs.
1344 2706 1375 2742 A
1406 2704 1567 2741 oodicum
