1630 3034
446 156 799 199 IUGURTHA.
859 158 980 199 CAP.
1011 157 1073 200 CI.
1349 159 1437 199 541

54 272 212 316 Latine
245 272 369 329 (nam
401 272 522 331 apud
550 274 831 317 Numantiam
861 274 983 330 loqui
1019 272 1253 330 didicerat)
1284 271 1438 315 excla-

55 376 166 412 mat:
215 377 388 412 nostros
435 369 595 412 frustra
640 385 868 429 pugnare3
915 371 1067 428 paullo
1104 376 1203 413 ante
1237 369 1438 412 Marium

54 476 133 509 sua
162 480 297 508 manu
324 465 632 519 interfectum3
669 466 796 510 simul
831 466 1031 526 gladium
1066 466 1280 525 sanguine
1317 466 1437 510 obli-

0 587 7 599 -
52 570 146 605 tum
183 561 440 614 ostendere,
478 578 614 620 quem
647 563 692 605 in
725 578 881 623 pugna
916 565 1017 607 satis
1057 563 1249 623 impigre
1285 563 1438 606 occiso

49 657 202 718 pedite
248 664 398 702 nostro
445 666 762 703 cruentaverat.
844 660 980 714 Quod
1024 660 1102 703 ubi
1148 659 1305 703 milites
1350 667 1469 704 ac-—7

51 790 190 824 Cortius
215 791 347 836 agebat
361 791 467 825 verbo
492 795 604 826 censet
627 791 833 825 industriam
849 792 1078 836 ardoremque
1101 791 1207 825 Marii
1229 791 1439 824 describi—-

51 851 184 884 Primos
219 850 374 896 bangius
407 852 555 895 pessime
592 852 675 886 dicit
709 864 784 887 esse
814 853 934 887 Sullae
970 854 1180 897 equitatum,
1215 864 1318 896 quem
1340 851 1438 896 apud

0 937 2 939 >
48 913 229 946 dextumos
263 922 403 946 curasse
435 916 530 955 patet
565 925 607 946 ex
639 925 667 947 c.
701 914 748 955 C,
784 914 818 947 2.
866 913 1085 957 intelligendi
1119 916 1196 946 sunt
1218 914 1373 956 pedites,
1399 912 1437 945 ῐιι

47 974 161 1016 primo
185 973 326 1018 agmine
347 972 591 1006 constituti.—
607 974 760 1008 Numida
782 974 804 1008 i.
829 986 859 1008 e.
883 974 1076 1019 Iugurtiia3
1099 985 1133 1007 v.
1161 973 1205 1007 ad
1229 985 1257 1006 c.
1276 972 1438 1013 LXXXI,

46 1032 80 1066 3.
114 1033 235 1076 Inepta
258 1036 309 1066 est
336 1032 427 1066 enim
452 1035 696 1068 nonnullorum
719 1035 910 1077 sententia,
945 1034 1206 1078 intelligendum
1234 1045 1307 1067 esse
1329 1044 1439 1067 unum

48 1105 88 1126 es:
113 1093 297 1134 Numidis;
324 1093 451 1137 quippe
473 1105 541 1127 non
574 1094 736 1130 viderunt
767 1096 833 1129 hez.
867 1106 969 1128 sensu
992 1094 1174 1127 (licendum
1199 1094 1307 1127 fuisse
1344 1094 1440 1138 quia

47 1154 100 1187 da
116 1165 150 1187 m
175 1155 354 1197 Numida,
388 1158 426 1186 ut
450 1165 478 1189 c.
506 1155 632 1196 XClII,
651 1155 684 1189 2.
711 1175 756 1180 —
779 1156 832 1190 Ad
854 1167 941 1199 quos
964 1160 1081 1189 autem
1101 1156 1237 1199 pedites
1259 1158 1434 1188 converte-

45 1215 92 1249 rit
125 1215 323 1260 Iugurtha,
359 1215 465 1248 valde
501 1215 695 1260 ambigitur
725 1217 770 1250 ab
803 1216 1060 1260 interpretibus.
1109 1216 1246 1250 Cortins
1279 1215 1372 1248 enim
1400 1217 1438 1247 et.

43 1276 160 1309 Faber
184 1276 312 1310 Bocchi
337 1276 468 1321 pedites
492 1276 712 1322 intelligunt,
737 1277 917 1321 Bipontini
941 1281 974 1311 et
999 1276 1152 1322 Langius
1176 1277 1372 1316 Romanos,
1396 1274 1433 1308 in

45 1340 200 1370 extrema
223 1336 302 1370 acie
325 1348 404 1370 cum
427 1337 483 1371 his
501 1343 718 1383 pugnantes;
741 1339 801 1373 sed
823 1343 983 1372 neutrum
1006 1338 1083 1371 fieri
1105 1340 1227 1381 potest.
1259 1336 1435 1381 Iugurtha

46 1396 164 1440 enim,
203 1397 297 1441 apud
332 1398 462 1441 primos
491 1410 570 1432 cum
594 1400 710 1434 Mario
735 1399 945 1444 confligens,
980 1409 1049 1432 non
1072 1400 1208 1441 poterat
1230 1396 1274 1430 ad
1299 1400 1433 1440 postre-

44 1468 121 1491 mos
144 1457 346 1502 pervenire,
372 1458 438 1492 nisi
463 1458 622 1494 dextram
645 1464 801 1505 partem,
831 1459 891 1493 ubi
915 1459 1016 1493 Sulla
1040 1464 1135 1500 erat,
1160 1462 1220 1491 aut
1243 1457 1432 1498 sinistram,

44 1517 108 1552 ubi
130 1518 285 1552 Manlius
309 1520 476 1562 curabat,
505 1521 826 1566 praetergrediens;
857 1521 958 1564 quod]
984 1524 1025 1554 ut
1051 1532 1090 1553 re
1113 1519 1190 1563 ipsa
1211 1517 1429 1561 impedieba-

42 1582 118 1620 tur,
153 1579 226 1620 ita,
250 1579 280 1613 si
304 1579 435 1614 factum
459 1585 572 1623 esset,
608 1593 676 1615 non
708 1581 876 1626 potuisset
900 1591 922 1615 a
946 1579 1112 1614 Sallustio
1135 1579 1242 1612 verbo
1266 1577 1433 1611 convortit

44 1638 248 1683 significari.
297 1639 414 1682 Quare
445 1641 580 1684 pedites
603 1641 818 1687 intelligendi
843 1644 921 1675 sunt
953 1640 1010 1673 vel
1033 1639 1143 1684 ipsius
1174 1639 1308 1683 primae
1332 1638 1436 1680 aciei,

42 1699 106 1733 ubi
136 1700 309 1745 Iugurtha
340 1704 436 1743 erat,
470 1702 528 1735 vel
565 1703 600 1736 in
628 1714 670 1737 ea
701 1701 831 1736 sinistri
862 1700 982 1735 lateris
1015 1704 1128 1744 parte,
1160 1712 1249 1744 quae
1279 1699 1434 1745 primam

42 1759 154 1794 aciem
178 1760 395 1805 attingebat,
421 1761 621 1805 versantes;
646 1767 764 1797 utrum
789 1767 906 1796 tamen
930 1761 1084 1795 Romani
1107 1761 1257 1804 fuerint,
1290 1772 1334 1794 an
1357 1760 1436 1794 Nu-·

0 1849 20 1858 s
42 1822 179 1863 midae,
211 1822 270 1856 vix
305 1826 398 1856 certo
428 1826 540 1866 potest
573 1835 614 1857 ex
652 1823 770 1859 verbis
806 1822 924 1866 paullo
957 1821 1216 1856 obscurioribus
1248 1821 1334 1855 erui.
1381 1821 1433 1854 Ae

42 1883 236 1917 Muellerus
271 1882 412 1927 quidem
446 1885 621 1918 Numidas
662 1884 859 1929 Iugurthae
890 1894 970 1915 cum
1002 1883 1044 1916 A.
1079 1882 1212 1916 Manlio
1234 1886 1434 1926 pugnantes

40 1942 233 1987 significari
258 1947 370 1988 putat.
419 1944 488 1978 Sed
511 1944 541 1977 si
565 1943 782 1988 reputaveris
808 1944 1017 1988 Iugurtham
1041 1943 1161 1977 dolum
1185 1943 1227 1975 de
1249 1941 1436 1976 interfecto.

44 2003 159 2037 Mario
183 2003 338 2045 finxisse,
361 2015 429 2037 non
452 2008 524 2039 tam
549 2009 588 2039 ut
610 2016 688 2038 suos
711 2004 881 2049 erigeress,
906 2015 1011 2047 quam
1035 2008 1074 2038 ut
1097 2004 1272 2037 Romanos
1293 2007 1432 2047 pertur-

42 2063 159 2104 baret,
195 2074 236 2097 ac
277 2068 421 2108 propter
452 2065 488 2098 id
518 2065 633 2110 ipsum
659 2066 787 2099 Latine
817 2065 975 2099 locutum
1010 2065 1111 2109 (quid
1144 2064 1312 2099 attinebat
1336 2063 1430 2097 enim

44 2123 205 2158 Numidis
230 2125 357 2159 Latine
381 2119 495 2159 dicere
505 2125 554 2171 ?),
579 2131 758 2170 praeterea
781 2127 873 2160 hauc
895 2125 1130 2160 narrationem
1153 2125 1315 2160 continuo
1337 2125 1428 2158 exci-

42 2196 124 2228 pere
147 2184 259 2219 verba
281 2187 371 2230 quod
395 2187 455 2220 ubi
484 2188 666 2222 milites
700 2187 885 2232 (Romani)
909 2198 1155 2231 accepere,
1187 2187 1336 2221 fortasse
1358 2197 1429 2226 me-

43 2257 123 2279 cum
147 2245 319 2281 iudicabis
340 2247 386 2280 ad
417 2246 591 2282 Romanos
624 2259 662 2282 se
693 2247 903 2282 convertisse
925 2248 1143 2293 Iugurtham.
1191 2248 1290 2282 Clam
1312 2251 1430 2282 autem

41 2305 79 2339 id
102 2306 225 2340 fecisse
250 2307 410 2349 videtur,
432 2318 476 2340 ne
496 2308 654 2352 Marius,
686 2320 835 2353 quocum
860 2313 1075 2350 certaverat,
1106 2307 1136 2342 si
1159 2307 1273 2352 ipsum
1298 2308 1431 2342 abeun-

43 2369 114 2398 tem
138 2366 371 2410 conspiceret,
395 2372 608 2412 sequeretur,
632 2370 820 2413 dolumque
842 2368 1037 2413 praesentia
1063 2378 1126 2402 sua
1149 2368 1311 2404 eluderet.
1359 2368 1430 2403 Sed

44 2425 196 2460 iudicent
221 2426 413 2470 acutiores,
436 2439 519 2463 unm
542 2434 636 2465 recte
657 2429 863 2473 impeditum
887 2431 1002 2464 locum
1026 2429 1309 2464 intellexerimus.
1339 2429 1429 2464 Ger-

44 2486 182 2528 lachius
214 2491 327 2529 certe,
360 2492 398 2523 ut
423 2489 511 2523 solet
547 2490 583 2524 in
615 2490 894 2531 obscurioribus,
917 2491 1007 2524 haec
1031 2490 1148 2524 omnia
1170 2491 1268 2525 docto
1291 2490 1429 2525 silentio

45 2547 194 2582 transiit.
219 2567 265 2573 —
289 2549 359 2582 Pro
383 2551 549 2585 convertit
571 2551 607 2585 in
632 2551 748 2586 Guelf.
773 2550 807 2584 4.
839 2554 890 2584 est
911 2562 946 2585 se
970 2562 1079 2595 conv„
1104 2552 1206 2586 Rem.
1231 2551 1263 2585 1.
1290 2562 1430 2585 conver-

44 2608 153 2650 titur-,-
177 2620 210 2642 τ’.
234 2609 279 2643 ad
304 2610 379 2646 Cat.
403 2611 462 2653 vl,
486 2611 519 2645 7.
543 2631 586 2638 —-
606 2612 676 2646 Pro
699 2610 877 2645 ostendere
899 2612 1068 2647 Priscian.
1089 2613 1134 2655 X,
1157 2611 1192 2656 ⁷,
1215 2611 1271 2648 39.
1296 2624 1330 2656 p.
1348 2611 1430 2646 501.

45 2669 100 2703 ed.
131 2670 208 2710 Kr.‚
241 2671 334 2705 hunc
376 2671 491 2705 locum
525 2673 727 2707 memoriter
766 2672 912 2706 laudans
948 2676 1091 2717 propter
1119 2674 1280 2717 oblitum,
1322 2673 1429 2707 habet

47 2734 233 2766 ostentans.
1056 2736 1059 2739 ’
