1630 3034
110 179 220 239 124=
482 173 528 216 c,
559 170 886 215 SALLUSTI
920 146 1138 216 cms‘m

111 290 276 351 partim
325 290 369 334 in
423 289 639 349 tuguriis,
696 289 803 332 alios
860 289 1065 334 incultius
1119 304 1259 350 vagos
1312 290 1501 350 agitare,

78 391 220 447 fipost
266 400 343 430 eos
382 385 636 445 Aethiopas
673 399 800 441 esse,
838 384 942 428 dein
970 385 1070 429 loca
1107 390 1259 430 exusta
1289 386 1391 431 solis
1428 402 1502 431 ar-

79 482 312 533 7doribu5.
361 481 505 542 Igitur
537 481 658 526 bello
686 480 955 542 Iugurthino
986 481 1204 541 pleraque
1240 498 1295 527 ex
1326 483 1502 526 Punicis

110 577 284 637 oppida
329 584 372 621 et
416 579 516 623 finis
565 577 1023 638 Carthaginiensium,
1085 594 1198 637 quos
1252 579 1505 623 novissume

112 674 390 730 habuerant,
438 675 636 734 populus
684 675 916 719 Romanus
962 690 1047 735 per
1089 677 1377 736 magistratus
1420 676 1505 719 ad-

112 771 410 825 ministrabat,
456 770 754 814 Gaetulorum
799 787 964 832 magna
1020 787 1126 831 pars
1180 779 1226 816 et
1279 771 1506 816 Numidae

111 936 191 974 49¹2.
217 937 387 972 Mannert.
418 938 442 972 Ι.
472 938 497 974 1.
524 949 555 981 p.
580 937 661 972 200.
689 956 731 962 —
750 938 942 983 Aethiopas
966 936 1194 972 vetustissimi
1218 939 1338 983 codd.,
1362 941 1401 973 ut
1422 938 1506 972 Bas.

111 998 146 1032 1.
182 999 288 1032 Fabr.
320 998 354 1032 1.
389 1002 426 1032 et
458 998 602 1042 plurimi
634 998 707 1032 alii.
742 1000 788 1033 cf.
820 999 926 1032 Conr.
960 999 1067 1043 Leop.
1103 999 1310 1034 Schneider.
1342 1000 1505 1034 Gramm.

110 1060 188 1095 Lat.
213 1059 258 1093 T.
284 1060 339 1100 11,
366 1058 398 1092 l.
422 1071 457 1103 p.
484 1058 564 1103 313.
589 1063 624 1093 et
652 1059 747 1093 Cort.
772 1059 817 1093 ad
840 1060 876 1093 h.
901 1060 926 1095 l.

203 1123 235 1163 §-
250 1121 285 1155 7.
317 1119 444 1165 Igitur]
471 1119 571 1152 Haec
592 1119 766 1162 particula
780 1120 818 1153 h.
835 1120 859 1153 l.
877 1130 954 1154 eam
971 1120 1044 1154 vim
1059 1121 1180 1163 habet,
1205 1132 1274 1165 qua
1289 1120 1510 1166 significatur

109 1185 289 1217 auctorem
327 1184 407 1225 post
442 1179 599 1223 aliquam
632 1180 890 1225 degressionem
926 1181 971 1215 ad
1005 1193 1080 1215 rem
1110 1182 1225 1226 ipsam
1261 1182 1436 1215 accedere.
1461 1180 1507 1214 cl'.

109 1255 138 1278 c.
156 1243 287 1284 XCVI,
305 1242 338 1275 1.
370 1241 532 1285 Igitur
560 1241 678 1283 sulla,
702 1246 750 1275 ut
774 1253 910 1286 supra
939 1242 1113 1276 dictum
1140 1248 1228 1286 est,
1264 1246 1448 1286 postquam
1472 1240 1510 1273 in

109 1305 269 1347 Africam
293 1302 397 1335 venit.
424 1301 593 1334 Goerenz.
616 1299 663 1334 ad
697 1302 769 1337 Cic.
796 1303 838 1335 de
861 1302 965 1339 Finn.
988 1303 1026 1345 1,
1052 1303 1120 1346 20,
1144 1302 1201 1338 65.
1227 1303 1315 1337 sed
1336 1303 1428 1336 iam
1452 1301 1510 1335 ad

109 1376 202 1399 rem
225 1364 478 1398 redeamus.
539 1362 665 1395 Tribus
689 1364 843 1408 igitur
866 1364 976 1397 modis
1012 1364 1114 1398 video
1146 1376 1218 1398 esse
1252 1375 1276 1397 a
1305 1363 1432 1396 nostris
1466 1362 1510 1396 de

109 1426 267 1460 amicitia
292 1425 518 1468 disputatum.
537 1435 570 1457 v,
599 1423 706 1458 etiam
733 1424 884 1458 Ellendt.
911 1424 955 1458 ad
982 1425 1084 1460 Brut.
1102 1437 1132 1459 e.
1149 1425 1207 1469 48,
1225 1424 1306 1459 177.
1324 1427 1358 1457 et
1374 1421 1507 1470 Bremi.

110 1488 155 1521 ad
180 1486 264 1530 Nep.
289 1484 454 1529 Epamin.
477 1484 530 1526 11,
565 1484 599 1517 1.
634 1496 668 1528 p.
701 1484 782 1518 212.
818 1504 864 1509 ——-
900 1485 998 1518 Finis
1028 1484 1392 1530 Carthaginiensium,
1426 1494 1509 1527 quos

110 1547 345 1582 novissum
359 1557 376 1578 e
403 1546 598 1579 habuerant
625 1545 792 1579 Gerlach.
817 1549 938 1578 contra
968 1546 1128 1590 linguam
1145 1550 1179 1580 et
1195 1544 1381 1579 historiam
1400 1543 1508 1587 expli-

111 1612 170 1643 cat
199 1612 309 1641 ante
334 1607 519 1640 secundum
544 1607 668 1639 bellum
694 1606 782 1638 Pun.
807 1606 898 1640 Nam
915 1607 1102 1639 secundum
1121 1607 1245 1640 bellum
1265 1617 1333 1639 non
1357 1605 1425 1638 tuit
1447 1616 1509 1638 no-

109 1670 295 1704 vissumum
308 1682 318 1707 ;
333 1671 408 1701 tum
422 1671 518 1711 patet
529 1666 738 1700 Sallustium
758 1666 929 1710 respicere
945 1666 989 1700 ad
1006 1666 1091 1700 illud
1111 1671 1258 1710 tempus,
1275 1678 1344 1711 quo
1359 1666 1510 1700 Cartha-

111 1729 327 1776 giniensium
352 1728 437 1762 fines
460 1727 496 1761 in
514 1727 631 1760 Africa
647 1726 719 1759 iam
736 1727 914 1761 imminuti
930 1730 1045 1768 erant,
1071 1727 1166 1770 quod
1191 1738 1259 1761 non
1285 1733 1367 1762 ante
1391 1738 1509 1760 secuu-

110 1792 194 1825 dum
211 1791 364 1831 bellum,
391 1789 451 1822 sed
468 1799 505 1821 eo
520 1788 618 1827 finito
633 1787 785 1830 sactum,
812 1787 1000 1822 Masinissa
1026 1800 1093 1822 non
1119 1788 1316 1822 nolentibus
1340 1786 1511 1821 Romania

110 1853 257 1887 illorum
289 1850 461 1884 dicionem
492 1848 691 1881 infestante.
727 1869 771 1873 —
810 1849 984 1882 Numidae
1015 1853 1128 1883 exstat
1160 1849 1195 1882 in
1220 1849 1326 1894 longe
1350 1847 1511 1892 plurimis

110 1912 236 1956 Rivii,
268 1910 433 1951 Gruteri,
468 1909 618 1949 WVassii,
649 1909 872 1953 aliorumque
905 1909 1003 1944 codd.
1034 1909 1103 1943 Sed
1128 1909 1163 1943 in
1188 1910 1294 1943 Fabr.
1321 1910 1354 1943 1.
1377 1910 1448 1944 lnc.
1475 1909 1508 1942 1.

111 1974 148 2008 2.
171 1973 252 2007 Seu.
276 1971 310 2006 1.
335 1971 369 2008 2.
393 1971 520 2004 Heuss.
544 1970 651 2003 Acad.
677 1969 796 2003 Struv.
822 1970 924 2002 Rem.
950 1969 984 2002 1.
1009 1969 1128 2003 multis
1155 1969 1272 2003 Guelf.
1310 1968 1430 2003 Leidd.
1465 1969 1508 2004 A.

110 2034 158 2069 B.
180 2034 223 2067 Ε.
247 2034 294 2066 11.
321 2032 346 2065 1.
370 2032 416 2065 Κ,
441 2031 491 2064 Μ.
518 2030 593 2064 Erl.
619 2030 724 2064 Misn.
750 2030 868 2063 Bcrol.
892 2029 927 2064 2.
955 2031 990 2063 et
1018 2029 1167 2063 Goerlit.
1191 2030 1344 2063 habetur
1381 2029 1509 2064 Numi-

113 2095 195 2128 diae
210 2118 220 2135 ‚
246 2093 282 2127 in
306 2103 375 2126 uno
391 2092 468 2126 Vin.
484 2092 518 2126 2.
540 2091 712 2125 Numidia
726 2117 735 2132 ,
759 2090 852 2133 quod
870 2090 1009 2124 Cortius
1026 2102 1208 2135 perperam
1225 2090 1379 2134 recepit,
1402 2090 1509 2134 Bipp.

112 2154 335 2195 Kuahardto,
357 2153 504 2198 Langio‚
526 2153 699 2186 Muellcro
716 2151 998 2194 obsequentibus.
1035 2153 1261 2196 Quamquam
1281 2152 1374 2186 enim
1392 2151 1426 2185 in
1444 2152 1511 2186 ista

113 2215 250 2250 dicendi
281 2214 417 2248 ratione
443 2213 534 2247 nihil
559 2211 712 2255 perversi
735 2211 844 2254 inest,
878 2215 996 2246 tamen
1018 2213 1116 2246 codd.
1140 2213 1394 2257 discrepantiae
1413 2217 1511 2246 recte

113 2275 354 2310 consideratae
381 2274 477 2309 aliud
503 2284 625 2307 rernm
649 2284 724 2306 csse
747 2273 942 2306 ostendunt.
987 2274 1041 2307 Ex
1068 2274 1246 2308 Numidae
1270 2273 1384 2315 enim,
1417 2274 1509 2317 quod

113 2335 273 2371 Sallustii
297 2335 384 2376 fuit,
425 2335 613 2368 Numidiae
638 2334 769 2367 tactum
798 2333 1066 2377 interpolatione
1097 2335 1313 2376 scribarum,
1346 2334 1406 2378 qui
1442 2335 1511 2368 hoc

113 2409 237 2431 nomen
260 2396 316 2429 vel
335 2396 379 2428 ob
402 2394 676 2439 grammaticas,
704 2396 761 2428 vel
782 2395 826 2428 ob
849 2395 1107 2440 geographicas
1123 2395 1274 2429 rationes
1294 2406 1315 2429 a
1336 2406 1421 2439 pars
1442 2405 1509 2428 vo-

114 2457 240 2492 cabulo
255 2456 402 2500 pendere
422 2455 550 2488 debere
566 2459 808 2497 autumarent3
848 2456 1039 2489 Numidiae
1059 2460 1176 2490 utitem
1203 2455 1318 2489 scriba
1338 2455 1412 2488 cod.
1431 2454 1509 2488 Vin.

113 2520 150 2554 2.
175 2518 325 2553 secunda
350 2515 619 2559 interpolatione
643 2516 795 2550 mutavit
818 2516 853 2549 in
883 2515 1064 2556 Numidia,
1092 2516 1186 2549 haud
1211 2515 1316 2549 dubie
1339 2515 1423 2559 quia
1446 2525 1510 2558 pro

116 2578 263 2625 pluralia
292 2576 505 2611 nominativo
539 2577 684 2620 habuit,
719 2589 822 2620 quem
855 2581 888 2611 ct
919 2588 940 2610 a
973 2577 1136 2621 loquendi
1170 2588 1234 2611 usu
1268 2581 1302 2611 et
1335 2577 1380 2610 ab
1405 2575 1510 2609 huius

117 2638 186 2674 loci
211 2649 311 2672 sensu
333 2637 486 2671 alienum
512 2649 585 2670 csse
609 2637 761 2671 sentiret.
792 2656 837 2661 —-
873 2637 1038 2671 Mulucha
1072 2638 1219 2678 flumen,
1254 2636 1352 2670 cuius
1383 2636 1510 2669 iterum

120 2699 251 2733 mentio
287 2698 326 2731 nt
370 2709 399 2730 c.
431 2698 545 2739 XCH,
584 2697 639 2739 5.‚
673 2698 764 2741 npnd
796 2697 1006 2731 Strabonem
1041 2699 1155 2736 xvn.
1188 2697 1224 2731 3.
1263 2709 1295 2741 p.
1332 2695 1411 2731 484.
1456 2696 1507 2729 ed.

121 2759 283 2802 Tauclm..
316 2770 348 2801 p.
386 2756 486 2792 1185.
516 2758 686 2793 Almelov.
714 2757 899 2802 ΙῑΙολοχάθ
926 2762 1083 2792 meatur.
1108 2768 1140 2790 v,
1168 2757 1293 2791 cellar.
1319 2756 1396 2792 Not.
1424 2755 1508 2790 Orb.
