1630 3034
483 160 1041 204 PRAEFATIO.
1380 165 1446 202 xxi

51 276 233 322 vetustis
266 275 426 331 titulis,
462 276 506 320 in
540 277 701 335 quibus
738 276 1022 330 Sallustius,
1067 292 1157 320 non
1192 274 1446 331 Salustius,

49 357 265 417 scriptum
303 363 393 412 est,
438 357 666 417 potiorem
701 357 867 413 habet,
913 357 1064 401 videat
1110 372 1165 401 ne
1208 373 1304 401 rem
1341 357 1443 405 satis

47 444 218 482 certam
253 436 501 482 admodum
536 438 734 483 incertae
768 437 1054 497 posthabeat.
1112 439 1174 482 At
1208 438 1443 497 reperiun-

47 524 121 562 tur
154 519 283 577 ipsae
316 517 623 576 inscriptiones
658 518 889 576 antiquae,
933 533 1052 576 quae
1087 517 1300 562 codicum
1331 519 1443 562 scri-

37 604 229 658 pturam
272 598 564 653 confirment,
608 614 756 657 neque
791 598 916 643 aliud
963 597 1122 642 suadet
1158 598 1441 643 Graecorum

45 679 188 734 ratio,
225 679 397 736 ubique
430 678 526 722 fere
562 674 865 730 Σαλούστιος
900 679 1202 724 scribentium.
1273 679 1439 722 Audio.

45 760 140 804 Sed
177 759 380 804 Graecos
427 759 525 816 quis
560 758 700 803 nescit
743 759 787 802 in
831 759 1142 803 Romanorum
1186 759 1438 802 nominibus

44 838 290 884 scribendis
336 839 564 884 liberrime
620 838 753 883 fuisse
812 845 1035 894 versatos,
1081 854 1224 896 eaque
1270 838 1329 881 ad
1374 839 1438 881 sui

44 920 132 963 oris
179 904 550 966 consuetudinem
600 919 877 974 immutasse,
931 935 1022 964 non
1067 920 1212 964 solum
1274 933 1437 963 accenu

42 1005 93 1043 tu
133 999 179 1043 in
213 999 348 1043 aliam
393 997 549 1042 sedem
590 1000 829 1053 translato,
874 1014 1029 1044 verum
1066 1000 1201 1043 etiam
1249 999 1435 1057 singulis

41 1079 200 1123 litteris
233 1079 308 1122 vel
341 1079 544 1133 mutatis,
588 1080 660 1124 vel
696 1080 884 1136 additis,
921 1080 993 1122 vel
1028 1079 1240 1132 abiectis,
1275 1079 1336 1122 ita
1371 1086 1434 1131 ut,

43 1158 125 1202 nisi
168 1163 292 1202 certa
334 1158 562 1216 quaedam
608 1159 818 1218 analogia
864 1158 1080 1212 accedat,
1125 1159 1250 1202 nullo
1295 1165 1432 1216 pacto

45 1253 101 1282 ex
135 1238 314 1282 Graeca
349 1238 498 1282 forma
541 1238 602 1282 de
644 1239 830 1298 singulis
863 1239 1014 1283 Latini
1056 1239 1244 1282 nominis
1278 1239 1433 1281 litteris

43 1317 300 1361 coniectura
334 1317 432 1362 fieri
465 1319 630 1376 possit,
676 1333 868 1376 eamque
903 1319 960 1362 ab
997 1333 1213 1372 caussam,
1251 1319 1430 1376 opinor,

44 1395 338 1451 GerlachiuS,
372 1402 422 1440 ut
456 1396 550 1442 ho‘c
585 1404 708 1452 utar,
743 1413 892 1456 neque
927 1397 1128 1442 ,Mallius
1163 1413 1248 1457 pro
1284 1397 1432 1442 ,Μανι-

40 1476 118 1531 le'o,
153 1491 301 1535 neque
334 1475 530 1521 Lentlus
564 1492 650 1536 pro
687 1479 886 1523 Lentulo
922 1478 1210 1523 scribendum
1246 1479 1432 1536 putavit,

39 1556 146 1601 licet
190 1555 315 1616 apud
360 1555 555 1601 Dionem
601 1554 826 1610 Μάλλιος
872 1563 917 1602 et
958 1558 1172 1610 Λέντλος
1215 1560 1431 1617 scriptum

40 1636 300 1696 reperiatur.
370 1635 716 1696 Inscriptionum
752 1639 1033 1697 antiquarum
1068 1638 1313 1683 dissensum
1350 1654 1432 1682 au-

40 1723 132 1760 tem
168 1716 302 1762 facile
338 1724 517 1777 poterat
563 1719 625 1762 ita
667 1719 853 1774 tollere,
901 1724 950 1764 ut
985 1725 1228 1777 appareret
1265 1717 1432 1763 Sallu-

39 1796 154 1840 stius
196 1796 449 1856 legitimam
501 1815 597 1843 esse
643 1799 832 1843 nominis
885 1799 1179 1858 scripturam,
1243 1800 1431 1843 alteram

40 1876 342 1936 negligentiae
387 1879 566 1923 cuidam
603 1879 827 1923 scribendi
873 1893 929 1924 ex
963 1879 1222 1937 antiquitate
1258 1895 1429 1939 propa-

39 1963 173 2016 gatae
209 1956 391 2013 deberi,
435 1959 514 2002 sed
552 1959 717 2003 eodem
752 1974 934 2020 prorsus
970 1960 1110 2003 modo
1148 1959 1282 2004 fuisse
1317 1976 1431 2019 pro-

39 2036 314 2091 nunciatam,
350 2039 385 2082 si
421 2039 681 2094 Quintiliani
714 2041 854 2084 verba
888 2040 1041 2083 Institt.
1078 2055 1165 2084 orr.
1201 2039 1239 2094 l,
1277 2039 1322 2094 7,
1350 2039 1428 2083 14.

38 2117 343 2162 semivocales
376 2133 468 2163 mm
501 2121 755 2179 geminare
790 2120 875 2164 diu
905 2121 1008 2181 jecit
1053 2120 1428 2171 usitatissimmu,

41 2196 202 2241 rectius
237 2198 540 2247 intellexisset:
588 2201 700 2255 Quis
736 2201 854 2246 enim
887 2216 980 2244 non
1019 2200 1155 2255 videt,
1190 2199 1308 2244 haec
1337 2215 1428 2253 nou

40 2275 98 2319 de
129 2278 511 2335 pronunciatione,
534 2280 614 2325 sed
634 2281 692 2326 de
711 2280 937 2325 scribendi
968 2281 1140 2325 ratione
1162 2281 1283 2326 dicta
1305 2280 1427 2325 hunc

39 2371 215 2401 sensum
250 2357 447 2416 habere,
491 2361 602 2404 olim
649 2376 723 2404 eas
758 2362 1084 2406 vocabulorum
1120 2362 1341 2420 syllabas,
1385 2361 1428 2403 in

39 2434 200 2491 quibus
243 2439 499 2495 geminatae
544 2441 836 2486 semivocales
881 2441 1062 2485 auditae
1097 2442 1202 2495 sint,
1238 2440 1428 2499 simplici

41 2521 212 2558 tantum
253 2516 406 2561 littera
457 2519 594 2564 fuisse
628 2521 825 2580 scriptas.
907 2522 1041 2565 Patet
1076 2522 1237 2581 igitur,
1273 2521 1428 2566 Sallu-

40 2595 111 2638 stii
144 2596 333 2650 nomen,
368 2598 493 2655 quod
530 2599 705 2659 duplici
747 2601 788 2645 L
824 2601 972 2645 littera
1017 2609 1062 2645 et
1095 2600 1428 2660 pronunciaba—

41 2684 110 2718 tur
149 2681 194 2718 et
227 2676 519 2734 scribebatur,
555 2695 582 2722 a
617 2681 839 2725 nonnullis
874 2681 1124 2739 antiquiore
1156 2695 1296 2735 more,
1319 2695 1431 2723 non-
