1630 3034
178 143 274 223 hoo
551 164 599 207 c.
634 163 964 206 SALLUSTI
1002 162 1228 207 calsrl

192 285 263 327 lae
298 288 342 326 et
377 281 606 342 plerisque
644 278 901 341 placuere}
923 281 1056 341 pauci
1091 281 1284 325 ferocius
1320 280 1579 337 decernunt,
1598 286 1607 294 ”

193 380 360 424 scilicet
388 379 534 438 ignari
562 377 857 423 humanarum
886 394 1052 436 rerum,
1087 394 1203 437 quae
1234 379 1378 422 fluxae
1407 382 1453 421 et
1479 390 1580 420 mo-

162 477 308 523 3biles
343 491 523 537 semper
558 476 602 519 in
638 475 828 520 advorsa
862 482 1100 520 mutantur.
1174 475 1387 519 Ceterum
1421 473 1585 529 Mauri,

197 573 446 633 impetratis
483 573 705 631 omnibus,
744 578 833 616 tres
869 574 1066 617 Romam
1100 573 1293 634 profecti
1329 577 1449 625 sunt,
1486 584 1588 614 cum

202 669 285 716 Cn.
325 648 516 714 Oetafio
552 669 693 728 Rufo,
728 670 806 731 ,qui
843 676 1053 729 quaestor
1089 670 1362 731 stipendium
1395 669 1440 712 in
1464 667 1586 713 Afri-

203 783 303 812 cam
349 772 631 827 portaverat3
684 766 775 811 duo
821 767 881 811 ad
924 784 1083 829 regem
1125 768 1329 812 redeunt.
1410 765 1484 810 Ex
1523 764 1592 808 his

203 947 358 991 peiorem
389 947 496 982 etiam
527 946 651 981 fecisse
686 946 917 992 Sellingium‚
950 952 984 982 et
1011 948 1150 993 copula,
1175 958 1267 991 quae
1290 947 1325 981 in
1350 946 1471 991 paucis
1494 945 1596 981 codd.

204 1020 248 1042 ex
270 1007 539 1052 interpolatione
562 1009 608 1042 ub
633 1008 726 1042 male
748 1007 963 1043 intellectam
991 1013 1203 1044 structuram
1230 1012 1307 1052 post
1322 1010 1368 1051 fit
1391 1007 1535 1052 legitur,
1562 1006 1600 1040 in

205 1069 358 1104 auctoris
390 1070 498 1103 verba
530 1069 642 1105 illata.
690 1069 770 1104 Alio
801 1072 906 1104 modo
931 1072 1125 1105 Muellerus
1148 1070 1323 1113 peccavit,
1347 1069 1407 1113 qui
1429 1069 1537 1102 verbo
1549 1069 1599 1112 fit

207 1130 333 1171 deleto,
356 1130 392 1163 in
417 1142 486 1174 quo
511 1130 716 1174 Bipontinos
739 1136 877 1166 secutus
901 1136 972 1174 est,
1009 1133 1111 1166 colon
1139 1125 1217 1176 p‘ost
1241 1131 1389 1165 Romam
1412 1130 1538 1175 posuit,
1563 1135 1601 1163 ut

207 1201 310 1224 voces
335 1192 378 1224 ab
404 1193 540 1226 consule
567 1204 609 1225 ex
631 1193 919 1236 postulabantur,
953 1194 1045 1237 quod
1078 1205 1198 1227 rursus
1221 1193 1256 1226 in
1279 1194 1500 1237 postulantur
1523 1202 1602 1225 mu-

208 1251 320 1295 tavit,
358 1251 535 1296 pendeant.
585 1254 653 1287 Sed
688 1254 756 1288 hoc
779 1265 847 1287 non
875 1258 928 1287 est
951 1253 1112 1289 criticam
1136 1260 1246 1289 artem
1271 1253 1520 1299 perpendendis
1544 1264 1602 1286 ve-

210 1317 322 1347 terum
346 1314 518 1348 librorum
543 1315 748 1349 testimoniis
771 1326 952 1357 exercere,
986 1316 1046 1350 sed
1071 1328 1112 1350 ex
1135 1317 1279 1350 libidine
1303 1317 1422 1350 omnia
1445 1315 1604 1349 miscere.

211 1374 315 1417 Quod
339 1386 458 1410 omnes
481 1380 598 1409 autem
623 1376 665 1410 de
689 1377 820 1420 duplici
847 1377 1014 1411 mandato
1039 1382 1100 1412 aut
1122 1379 1296 1422 postulato
1324 1378 1522 1422 legatorum
1545 1375 1605 1410 hic

212 1434 273 1479 agi
297 1440 440 1479 putant,
485 1437 636 1470 multum
668 1437 859 1480 falluntur,
889 1438 1048 1472 Sallustii
1079 1439 1261 1485 ingenium
1291 1437 1606 1483 ignorantes‚=qui

213 1506 276 1538 pro
308 1495 438 1542 insigni
471 1498 656 1532 brevitatis
686 1504 763 1533 arte
794 1499 913 1532 verbis
944 1499 1106 1534 inanibus
1137 1500 1274 1535 omissis
1305 1499 1422 1534 statim
1455 1498 1607 1543 exponit,

216 1556 300 1599 quid
325 1557 360 1591 in
384 1559 445 1592 illo
470 1559 619 1593 militari
642 1560 807 1603 consilio,
844 1572 866 1594 a
889 1562 1030 1595 consule
1052 1561 1196 1603 habito,
1230 1566 1345 1594 actum
1379 1572 1420 1594 ac
1443 1561 1610 1596 constitu-

217 1622 289 1651 tum
314 1619 370 1652 sit.
418 1621 537 1663 Quare
555 1621 601 1663 fit
631 1622 740 1654 verbo
773 1622 886 1655 deletu
915 1634 982 1655 non
1007 1623 1120 1655 solum
1146 1622 1258 1655 omnis
1282 1622 1471 1656 verborum
1494 1619 1610 1666 gratia

217 1678 319 1722 perit,
343 1680 401 1713 sed
426 1680 617 1714 sententiae
640 1681 694 1715 vis
717 1683 949 1725 narrandique
973 1695 1030 1717 ars
1055 1683 1212 1717 funditus
1236 1683 1381 1717 tollitur.
1404 1701 1450 1708 -—
1474 1682 1612 1716 Interea

219 1742 287 1773 est:
312 1739 420 1774 donec
443 1742 554 1786 legati
578 1743 732 1776 Romam
756 1743 846 1777 irent
870 1754 912 1777 ac
935 1745 1098 1777 redirent.
1122 1762 1169 1769 ·—
1205 1746 1261 1779 Ea
1286 1756 1353 1778 non
1377 1747 1439 1784 est,
1464 1746 1503 1776 ut
1525 1743 1612 1777 Cor-

219 1799 288 1834 tius
319 1802 416 1844 vult,
447 1808 596 1848 utraque
627 1806 900 1848 postulata,
929 1806 988 1839 sed
1024 1810 1227 1850 utrumque,
1260 1817 1306 1841 sc.
1342 1808 1376 1838 et
1407 1808 1613 1848 potestatem

221 1861 324 1895 eundi
348 1863 501 1897 Romam
519 1867 659 1906 factam
684 1877 767 1905 esse,
798 1870 833 1899 et
857 1865 1011 1899 inducias
1035 1868 1226 1909 postulatas
1250 1866 1397 1900 concedi.
1445 1867 1523 1899 noc
1546 1877 1613 1899 non

223 1926 400 1956 assecutus
425 1924 580 1969 bangius
605 1938 649 1960 ea
673 1926 805 1960 mutari
828 1928 904 1961 vult
927 1927 962 1961 in
987 1939 1061 1969 eae,
1086 1932 1126 1961 ut
1149 1929 1351 1971 pronomine
1377 1927 1615 1961 tantummodo

223 1982 266 2016 ad
299 1984 459 2027 inducias
490 1987 720 2030 respiciatur,
753 1988 836 2032 quia
858 1990 1021 2033 placuere
1046 1989 1088 2022 de
1111 1990 1193 2023 data
1217 1991 1370 2023 Romam
1394 1987 1496 2020 eundi
1518 1992 1615 2032 pote-

223 2047 313 2078 state
343 2050 493 2088 nequeat
525 2047 688 2094 intelligi.
737 2050 805 2084 Sed
837 2049 1023 2093 quominus
1051 2050 1086 2083 id
1116 2049 1326 2095 intelligeret
1349 2049 1523 2094 bangius,
1547 2060 1616 2082 non

224 2105 296 2139 alia
330 2118 385 2147 re,
419 2107 486 2141 nisi
520 2121 684 2152 perverso
716 2111 868 2155 quodam
899 2123 998 2145 sensu
1032 2112 1219 2155 impeditus
1251 2113 1398 2146 videtur.
1420 2130 1466 2136 —
1493 2111 1617 2144 Decer-

226 2172 311 2200 nunt
336 2167 497 2202 absolute
521 2171 673 2213 positum
698 2171 875 2216 significat
904 2174 1107 2207 sententiam
1134 2174 1266 2213 dicunt,
1291 2179 1449 2213 censent5
1472 2173 1517 2206 cf.
1547 2173 1616 2206 Ca-

227 2227 279 2262 til.
302 2239 330 2261 c.
358 2229 397 2271 L,
423 2229 455 2263 4.
505 2230 643 2264 silanus
667 2231 710 2265 de
734 2233 809 2274 his,
834 2234 893 2277 qui
916 2234 952 2267 in
977 2235 1139 2268 custodiis
1163 2237 1386 2274 tenebantur,
1410 2233 1618 2277 supplicium

228 2290 431 2323 sumendum
464 2291 758 2326 decreverat.
816 2295 1025 2332 Accusativo
1058 2295 1184 2329 obiecti
1217 2295 1336 2329 addito
1371 2295 1465 2328 valet
1493 2295 1619 2328 consti-

229 2351 395 2385 tuendum
428 2363 638 2395 proponere,
676 2355 843 2397 suadere3
878 2357 950 2390 Cic.
978 2357 1066 2400 Epp.
1092 2357 1135 2389 nd
1164 2357 1300 2390 Fanum.
1325 2357 1352 2397 Ι,
1376 2355 1412 2399 3,
1435 2355 1469 2388 3.
1519 2357 1619 2389 Com-

231 2412 353 2445 mendo
375 2413 437 2447 tibi
462 2414 534 2448 eius
559 2416 676 2448 omnia
701 2417 866 2461 negotia,
891 2417 1131 2462 inprimisque,
1156 2423 1212 2457 ut,
1236 2430 1325 2462 quae
1353 2418 1393 2450 T.
1421 2417 1553 2450 Annius
1576 2417 1619 2450 dc

233 2472 306 2505 eius
340 2476 377 2507 re
411 2474 639 2518 decrevit,
673 2488 716 2510 ea
746 2479 949 2522 comprobes.
1000 2479 1087 2513 Sall.
1122 2479 1198 2512 Cat.
1232 2480 1287 2519 Ll,
1322 2478 1377 2512 18.
1427 2478 1562 2512 Iniuria
1584 2484 1619 2512 te

232 2534 389 2577 subegit,
433 2545 544 2579 genus
583 2549 715 2581 poenae
747 2550 872 2572 novum
905 2540 1163 2573 decernere.
1221 2541 1366 2584 Fragm.
1404 2522 1554 2573 Historia
1591 2539 1619 2582 l,

234 2593 289 2634 19,
321 2593 354 2627 5-
408 2596 475 2636 Qui
508 2598 662 2641 legatos.
696 2610 840 2643 pacem,
876 2601 1092 2634 concordiam
1129 2607 1161 2635 ct
1187 2602 1259 2635 alia
1285 2601 1518 2635 huiuscemodi
1542 2601 1620 2634 de-

235 2662 494 2690 creverunt.
523 2678 564 2682 —
590 2660 728 2694 Scilicet
753 2672 819 2694 non
844 2661 1049 2705 simpliciter
1073 2662 1224 2706 explieat
1247 2668 1327 2696 ante
1353 2662 1468 2699 dicta,
1493 2662 1552 2695 scd
1575 2659 1622 2695 si-

236 2717 308 2749 mul
334 2716 476 2750 inu-ervit
500 2718 632 2753 ironiae
655 2726 688 2754 ct
713 2721 943 2766 indignationi
970 2730 1040 2757 tam
1066 2725 1167 2757 rudos
1193 2728 1227 2757 et
1252 2723 1478 2757 humanitatis
1501 2734 1621 2767 exper-

235 2781 286 2811 tcs
311 2777 403 2812 viros
427 2777 460 2811 in
485 2780 630 2813 comino
656 2781 781 2824 ΐιιὶυεος
806 2784 851 2816 rt.
877 2788 1044 2818 annotato
1069 2785 1110 2817 ud
1136 2796 1164 2818 c.
1192 2785 1318 2827 xxm,
1346 2784 1398 2818 19.
1424 2797 1455 2829 p.
1482 2783 1559 2820 189.
1578 2803 1620 2810 --
