<?xml version="1.0" encoding="UTF-8"?>
<!DOCTYPE html PUBLIC "-//W3C//DTD XHTML 1.0 Transitional//EN"
    "http://www.w3.org/TR/xhtml1/DTD/xhtml1-transitional.dtd">
<html xmlns="http://www.w3.org/1999/xhtml" xml:lang="en" lang="en">
 <head>
  <title>
</title>
<meta http-equiv="Content-Type" content="text/html;charset=utf-8" />
  <meta name='ocr-system' content='tesseract 3.04.00' />
  <meta name='ocr-capabilities' content='ocr_page ocr_carea ocr_par ocr_line ocrx_word'/>
</head>
<body>
  <div class='ocr_page' id='page_1' title='image "./operaquaesupeappx01salluoft_0168.png"; bbox 0 0 1630 3034; ppageno 0'>
   <div class='ocr_carea' id='block_1_1' title="bbox 180 179 1214 251">
    <p class='ocr_par' dir='ltr' id='par_1_1' title="bbox 180 179 1214 251">
     <span class='ocr_line' id='line_1_1' title="bbox 180 179 1214 251; baseline -0.005 0"><span class='ocrx_word' id='word_1_1' title='bbox 180 211 265 251; x_wconf 80' lang='lat'><strong>138</strong></span> <span class='ocrx_word' id='word_1_2' title='bbox 533 206 579 246; x_wconf 88' lang='lat' dir='ltr'><strong>e.</strong></span> <span class='ocrx_word' id='word_1_3' title='bbox 619 179 1214 247; x_wconf 53' lang='lat' dir='ltr'><strong>sALLUs&#39;rl&#39;emsm</strong></span> 
     </span>
    </p>
   </div>
   <div class='ocr_carea' id='block_1_2' title="bbox 178 319 1630 387">
    <p class='ocr_par' dir='ltr' id='par_1_2' title="bbox 178 319 1630 387">
     <span class='ocr_line' id='line_1_2' title="bbox 178 319 1630 387; baseline 0 -21"><span class='ocrx_word' id='word_1_4' title='bbox 178 323 480 380; x_wconf 83' lang='lat' dir='ltr'><strong>Imperatores</strong></span> <span class='ocrx_word' id='word_1_5' title='bbox 525 327 648 365; x_wconf 86' lang='lat' dir='ltr'><strong>erant</strong></span> <span class='ocrx_word' id='word_1_6' title='bbox 691 320 896 379; x_wconf 85' lang='lat' dir='ltr'><strong>impediti</strong></span> <span class='ocrx_word' id='word_1_7' title='bbox 949 337 1006 365; x_wconf 87' lang='lat' dir='ltr'><strong>ne</strong></span> <span class='ocrx_word' id='word_1_8' title='bbox 1051 319 1380 380; x_wconf 80' lang='lat' dir='ltr'><strong>triumpharent</strong></span> <span class='ocrx_word' id='word_1_9' title='bbox 1435 323 1561 367; x_wconf 86' lang='lat' dir='ltr'><strong>calu-</strong></span> <span class='ocrx_word' id='word_1_10' title='bbox 1626 383 1630 387; x_wconf 18' lang='grc' dir='ltr'>ι</span> 
     </span>
    </p>
   </div>
   <div class='ocr_carea' id='block_1_3' title="bbox 179 411 1626 471">
    <p class='ocr_par' dir='ltr' id='par_1_3' title="bbox 179 411 1626 471">
     <span class='ocr_line' id='line_1_3' title="bbox 179 411 1626 471; baseline 0 -15"><span class='ocrx_word' id='word_1_11' title='bbox 179 413 300 456; x_wconf 83' lang='lat' dir='ltr'><strong>mnia</strong></span> <span class='ocrx_word' id='word_1_12' title='bbox 334 427 613 471; x_wconf 81' lang='lat' dir='ltr'><strong>paucorum,</strong></span> <span class='ocrx_word' id='word_1_13' title='bbox 659 411 818 469; x_wconf 88' lang='lat' dir='ltr'><strong>quibus</strong></span> <span class='ocrx_word' id='word_1_14' title='bbox 865 414 1037 471; x_wconf 79' lang='lat' dir='ltr'><strong>omnia,</strong></span> <span class='ocrx_word' id='word_1_15' title='bbox 1080 412 1269 457; x_wconf 86' lang='lat' dir='ltr'><strong>honesta</strong></span> <span class='ocrx_word' id='word_1_16' title='bbox 1313 419 1448 470; x_wconf 78' lang='lat' dir='ltr'><strong>atque</strong></span> <span class='ocrx_word' id='word_1_17' title='bbox 1491 413 1561 456; x_wconf 86' lang='lat' dir='ltr'><strong>in-</strong></span> <span class='ocrx_word' id='word_1_18' title='bbox 1619 438 1626 442; x_wconf 88' lang='lat'><em>-</em></span> 
     </span>
    </p>
   </div>
   <div class='ocr_carea' id='block_1_4' title="bbox 131 501 1560 558">
    <p class='ocr_par' dir='ltr' id='par_1_4' title="bbox 131 501 1560 558">
     <span class='ocr_line' id='line_1_4' title="bbox 131 501 1560 558; baseline -0.001 -11"><span class='ocrx_word' id='word_1_19' title='bbox 131 504 388 557; x_wconf 86' lang='lat' dir='ltr'><strong>5honesta,</strong></span> <span class='ocrx_word' id='word_1_20' title='bbox 423 501 619 545; x_wconf 87' lang='lat' dir='ltr'><strong>vendere</strong></span> <span class='ocrx_word' id='word_1_21' title='bbox 653 517 751 547; x_wconf 81' lang='lat' dir='ltr'><strong>mos</strong></span> <span class='ocrx_word' id='word_1_22' title='bbox 788 509 903 552; x_wconf 78' lang='lat' dir='ltr'><strong>erat:</strong></span> <span class='ocrx_word' id='word_1_23' title='bbox 939 502 1018 547; x_wconf 83' lang='lat' dir='ltr'><strong>sed</strong></span> <span class='ocrx_word' id='word_1_24' title='bbox 1053 505 1288 548; x_wconf 76' lang='lat' dir='ltr'><strong>Praetores</strong></span> <span class='ocrx_word' id='word_1_25' title='bbox 1323 504 1382 558; x_wconf 77' lang='lat' dir='ltr'><strong>Q.</strong></span> <span class='ocrx_word' id='word_1_26' title='bbox 1419 503 1560 547; x_wconf 86' lang='lat' dir='ltr'>Pom-</span> 
     </span>
    </p>
   </div>
   <div class='ocr_carea' id='block_1_5' title="bbox 175 591 1630 654">
    <p class='ocr_par' dir='ltr' id='par_1_5' title="bbox 175 591 1630 654">
     <span class='ocr_line' id='line_1_5' title="bbox 175 591 1630 654; baseline 0.001 -17"><span class='ocrx_word' id='word_1_27' title='bbox 175 594 303 653; x_wconf 87' lang='lat' dir='ltr'><strong>peius</strong></span> <span class='ocrx_word' id='word_1_28' title='bbox 337 593 483 638; x_wconf 84' lang='lat' dir='ltr'><strong>Rufus</strong></span> <span class='ocrx_word' id='word_1_29' title='bbox 519 591 751 652; x_wconf 82' lang='lat' dir='ltr'>Capuam,</span> <span class='ocrx_word' id='word_1_30' title='bbox 797 594 854 648; x_wconf 78' lang='lat' dir='ltr'><strong>Q.</strong></span> <span class='ocrx_word' id='word_1_31' title='bbox 891 594 1103 647; x_wconf 78' lang='lat' dir='ltr'><strong>Metellus</strong></span> <span class='ocrx_word' id='word_1_32' title='bbox 1140 595 1275 640; x_wconf 87' lang='lat' dir='ltr'><strong>Celer</strong></span> <span class='ocrx_word' id='word_1_33' title='bbox 1317 595 1361 638; x_wconf 90' lang='lat' dir='ltr'><strong>in</strong></span> <span class='ocrx_word' id='word_1_34' title='bbox 1397 609 1559 654; x_wconf 80' lang='lat' dir='ltr'><strong>agrum</strong></span> <span class='ocrx_word' id='word_1_35' title='bbox 1628 630 1630 634; x_wconf 94' lang='lat'><strong>.</strong></span> 
     </span>
    </p>
   </div>
   <div class='ocr_carea' id='block_1_6' title="bbox 160 757 1560 2347">
    <p class='ocr_par' dir='ltr' id='par_1_6' title="bbox 160 757 1560 2347">
     <span class='ocr_line' id='line_1_6' title="bbox 172 757 1558 806; baseline 0.001 -12"><span class='ocrx_word' id='word_1_36' title='bbox 172 772 243 804; x_wconf 85' lang='lat' dir='ltr'><strong>quo</strong></span> <span class='ocrx_word' id='word_1_37' title='bbox 267 771 395 805; x_wconf 84' lang='lat' dir='ltr'><strong>genere</strong></span> <span class='ocrx_word' id='word_1_38' title='bbox 423 760 514 793; x_wconf 79' lang='lat' dir='ltr'><strong>haec</strong></span> <span class='ocrx_word' id='word_1_39' title='bbox 544 762 624 792; x_wconf 79' lang='lat' dir='ltr'><strong>sunt</strong></span> <span class='ocrx_word' id='word_1_40' title='bbox 647 757 774 793; x_wconf 70' lang='lat' dir='ltr'><strong>Cor-tii:</strong></span> <span class='ocrx_word' id='word_1_41' title='bbox 808 759 882 793; x_wconf 90' lang='lat' dir='ltr'><strong>Cat.</strong></span> <span class='ocrx_word' id='word_1_42' title='bbox 905 760 999 802; x_wconf 79' lang='lat' dir='ltr'><strong>v‚7.</strong></span> <span class='ocrx_word' id='word_1_43' title='bbox 1035 771 1124 804; x_wconf 84' lang='lat' dir='ltr'><strong>quac</strong></span> <span class='ocrx_word' id='word_1_44' title='bbox 1156 765 1304 806; x_wconf 79' lang='lat' dir='ltr'><strong>utraque</strong></span> <span class='ocrx_word' id='word_1_45' title='bbox 1340 761 1394 795; x_wconf 68' lang='lat' dir='ltr'><strong>his</strong></span> <span class='ocrx_word' id='word_1_46' title='bbox 1426 761 1558 795; x_wconf 77' lang='lat' dir='ltr'><strong>artibus</strong></span> 
     </span>
     <span class='ocr_line' id='line_1_7' title="bbox 173 815 1559 862; baseline 0 -11"><span class='ocrx_word' id='word_1_47' title='bbox 173 823 332 853; x_wconf 66' lang='lat' dir='ltr'><strong>auxerat.</strong></span> <span class='ocrx_word' id='word_1_48' title='bbox 380 817 579 857; x_wconf 75' lang='lat' dir='ltr'><strong>Liv.xL11‚</strong></span> <span class='ocrx_word' id='word_1_49' title='bbox 600 815 658 859; x_wconf 76' lang='lat'><strong>54,</strong></span> <span class='ocrx_word' id='word_1_50' title='bbox 683 816 718 851; x_wconf 78' lang='grc' dir='ltr'><strong>Ί.</strong></span> <span class='ocrx_word' id='word_1_51' title='bbox 754 817 910 851; x_wconf 82' lang='lat' dir='ltr'><strong>Elatiam</strong></span> <span class='ocrx_word' id='word_1_52' title='bbox 941 823 975 852; x_wconf 86' lang='lat' dir='ltr'><strong>et</strong></span> <span class='ocrx_word' id='word_1_53' title='bbox 1008 818 1165 851; x_wconf 82' lang='lat' dir='ltr'><em>Gonnum</em></span> <span class='ocrx_word' id='word_1_54' title='bbox 1199 819 1340 862; x_wconf 75' lang='lat' dir='ltr'><strong>recepit.</strong></span> <span class='ocrx_word' id='word_1_55' title='bbox 1408 818 1559 862; x_wconf 79' lang='lat' dir='ltr'><strong>Utraque</strong></span> 
     </span>
     <span class='ocr_line' id='line_1_8' title="bbox 172 872 1560 919; baseline -0.001 -10"><span class='ocrx_word' id='word_1_56' title='bbox 172 876 302 919; x_wconf 85' lang='lat' dir='ltr'><strong>oppida</strong></span> <span class='ocrx_word' id='word_1_57' title='bbox 325 876 362 908; x_wconf 82' lang='lat' dir='ltr'><strong>in</strong></span> <span class='ocrx_word' id='word_1_58' title='bbox 384 875 548 918; x_wconf 81' lang='lat' dir='ltr'><strong>faucibus</strong></span> <span class='ocrx_word' id='word_1_59' title='bbox 571 879 660 908; x_wconf 83' lang='lat' dir='ltr'><strong>sunt.</strong></span> <span class='ocrx_word' id='word_1_60' title='bbox 709 872 827 909; x_wconf 79' lang='lat' dir='ltr'><strong>Tacit.</strong></span> <span class='ocrx_word' id='word_1_61' title='bbox 850 873 938 908; x_wconf 85' lang='lat' dir='ltr'><strong>Ann.</strong></span> <span class='ocrx_word' id='word_1_62' title='bbox 968 875 1060 915; x_wconf 78' lang='lat' dir='ltr'><strong>xvl,</strong></span> <span class='ocrx_word' id='word_1_63' title='bbox 1089 875 1145 907; x_wconf 86' lang='grc'><strong>11.</strong></span> <span class='ocrx_word' id='word_1_64' title='bbox 1174 880 1279 918; x_wconf 80' lang='lat' dir='ltr'><strong>pater</strong></span> <span class='ocrx_word' id='word_1_65' title='bbox 1300 875 1438 918; x_wconf 86' lang='lat' dir='ltr'><strong>filiam,</strong></span> <span class='ocrx_word' id='word_1_66' title='bbox 1476 875 1560 908; x_wconf 82' lang='lat' dir='ltr'><strong>avia</strong></span> 
     </span>
     <span class='ocr_line' id='line_1_9' title="bbox 172 930 1560 977; baseline 0 -11"><span class='ocrx_word' id='word_1_67' title='bbox 172 939 321 977; x_wconf 78' lang='lat' dir='ltr'><strong>neptem,</strong></span> <span class='ocrx_word' id='word_1_68' title='bbox 345 933 407 965; x_wconf 86' lang='lat' dir='ltr'><strong>illa</strong></span> <span class='ocrx_word' id='word_1_69' title='bbox 432 937 592 976; x_wconf 80' lang='lat' dir='ltr'><strong>utrosque</strong></span> <span class='ocrx_word' id='word_1_70' title='bbox 622 933 768 965; x_wconf 85' lang='lat' dir='ltr'><strong>intuens.</strong></span> <span class='ocrx_word' id='word_1_71' title='bbox 793 930 840 964; x_wconf 83' lang='lat' dir='ltr'><strong>id.</strong></span> <span class='ocrx_word' id='word_1_72' title='bbox 865 930 900 963; x_wconf 86' lang='lat' dir='ltr'><strong>in</strong></span> <span class='ocrx_word' id='word_1_73' title='bbox 923 931 1006 965; x_wconf 78' lang='lat' dir='ltr'><strong>dial.</strong></span> <span class='ocrx_word' id='word_1_74' title='bbox 1032 931 1074 964; x_wconf 86' lang='lat' dir='ltr'><strong>do</strong></span> <span class='ocrx_word' id='word_1_75' title='bbox 1098 936 1246 966; x_wconf 87' lang='lat' dir='ltr'><strong>oratorr.</strong></span> <span class='ocrx_word' id='word_1_76' title='bbox 1272 944 1301 965; x_wconf 91' lang='lat' dir='ltr'><strong>c.</strong></span> <span class='ocrx_word' id='word_1_77' title='bbox 1322 933 1356 973; x_wconf 85' lang='grc'><strong>2,</strong></span> <span class='ocrx_word' id='word_1_78' title='bbox 1378 933 1426 966; x_wconf 89' lang='lat' dir='ltr'><strong>in.</strong></span> <span class='ocrx_word' id='word_1_79' title='bbox 1454 944 1560 966; x_wconf 86' lang='lat' dir='ltr'><strong>vene-</strong></span> 
     </span>
     <span class='ocr_line' id='line_1_10' title="bbox 171 988 1559 1034; baseline 0 -10"><span class='ocrx_word' id='word_1_80' title='bbox 171 996 253 1024; x_wconf 81' lang='lat' dir='ltr'><strong>runt</strong></span> <span class='ocrx_word' id='word_1_81' title='bbox 277 991 325 1023; x_wconf 81' lang='lat' dir='ltr'><strong>ad</strong></span> <span class='ocrx_word' id='word_1_82' title='bbox 350 1001 427 1024; x_wconf 85' lang='lat' dir='ltr'><strong>eum</strong></span> <span class='ocrx_word' id='word_1_83' title='bbox 459 989 508 1022; x_wconf 86' lang='lat' dir='ltr'><strong>M.</strong></span> <span class='ocrx_word' id='word_1_84' title='bbox 535 989 629 1032; x_wconf 76' lang='lat' dir='ltr'><strong>Aper</strong></span> <span class='ocrx_word' id='word_1_85' title='bbox 653 993 686 1020; x_wconf 81' lang='lat' dir='ltr'><strong>ct</strong></span> <span class='ocrx_word' id='word_1_86' title='bbox 714 988 778 1020; x_wconf 80' lang='lat' dir='ltr'><strong>lul.</strong></span> <span class='ocrx_word' id='word_1_87' title='bbox 805 989 1001 1029; x_wconf 80' lang='lat' dir='ltr'><strong>Secundus,</strong></span> <span class='ocrx_word' id='word_1_88' title='bbox 1026 1001 1107 1033; x_wconf 80' lang='lat' dir='ltr'><strong>quos</strong></span> <span class='ocrx_word' id='word_1_89' title='bbox 1131 1001 1196 1034; x_wconf 85' lang='lat' dir='ltr'><strong>ego</strong></span> <span class='ocrx_word' id='word_1_90' title='bbox 1222 995 1380 1034; x_wconf 79' lang='lat' dir='ltr'><strong>utrosque</strong></span> <span class='ocrx_word' id='word_1_91' title='bbox 1409 991 1559 1024; x_wconf 76' lang='lat' dir='ltr'><strong>studiose</strong></span> 
     </span>
     <span class='ocr_line' id='line_1_11' title="bbox 172 1040 1558 1091; baseline 0 -11"><span class='ocrx_word' id='word_1_92' title='bbox 172 1048 370 1081; x_wconf 80' lang='lat' dir='ltr'><em>audiebam.</em></span> <span class='ocrx_word' id='word_1_93' title='bbox 419 1045 505 1089; x_wconf 78' lang='lat' dir='ltr'><strong>Nep.</strong></span> <span class='ocrx_word' id='word_1_94' title='bbox 530 1045 725 1085; x_wconf 82' lang='lat' dir='ltr'><strong>Timol.11‚</strong></span> <span class='ocrx_word' id='word_1_95' title='bbox 745 1044 778 1079; x_wconf 82' lang='lat'><strong>2.</strong></span> <span class='ocrx_word' id='word_1_96' title='bbox 812 1046 902 1089; x_wconf 79' lang='lat' dir='ltr'><strong>quod</strong></span> <span class='ocrx_word' id='word_1_97' title='bbox 924 1050 1147 1090; x_wconf 79' lang='lat' dir='ltr'><strong>utrorumque</strong></span> <span class='ocrx_word' id='word_1_98' title='bbox 1173 1040 1409 1090; x_wconf 77' lang='lat' dir='ltr'><strong>Dionysiorum</strong></span> <span class='ocrx_word' id='word_1_99' title='bbox 1440 1047 1558 1091; x_wconf 80' lang='lat' dir='ltr'><strong>opibus</strong></span> 
     </span>
     <span class='ocr_line' id='line_1_12' title="bbox 172 1102 1558 1146; baseline 0 -10"><span class='ocrx_word' id='word_1_100' title='bbox 172 1104 342 1137; x_wconf 82' lang='lat' dir='ltr'><strong>Corinthii</strong></span> <span class='ocrx_word' id='word_1_101' title='bbox 365 1114 468 1146; x_wconf 82' lang='lat' dir='ltr'><strong>saepe</strong></span> <span class='ocrx_word' id='word_1_102' title='bbox 492 1102 607 1135; x_wconf 83' lang='lat' dir='ltr'><strong>adiuti</strong></span> <span class='ocrx_word' id='word_1_103' title='bbox 623 1104 782 1145; x_wconf 81' lang='lat' dir='ltr'><strong>fuerant,</strong></span> <span class='ocrx_word' id='word_1_104' title='bbox 808 1102 868 1135; x_wconf 84' lang='lat' dir='ltr'><strong>ubi</strong></span> <span class='ocrx_word' id='word_1_105' title='bbox 892 1113 925 1136; x_wconf 86' lang='lat' dir='ltr'><strong>v.</strong></span> <span class='ocrx_word' id='word_1_106' title='bbox 951 1102 1135 1144; x_wconf 80' lang='lat' dir='ltr'><strong>Bremius,</strong></span> <span class='ocrx_word' id='word_1_107' title='bbox 1160 1108 1194 1137; x_wconf 84' lang='lat' dir='ltr'><strong>et</strong></span> <span class='ocrx_word' id='word_1_108' title='bbox 1216 1103 1274 1138; x_wconf 81' lang='lat' dir='ltr'><strong>Fr.</strong></span> <span class='ocrx_word' id='word_1_109' title='bbox 1296 1105 1487 1140; x_wconf 87' lang='lat' dir='ltr'><strong>Guenther.</strong></span> <span class='ocrx_word' id='word_1_110' title='bbox 1512 1103 1558 1137; x_wconf 75' lang='lat' dir='ltr'><strong>ad</strong></span> 
     </span>
     <span class='ocr_line' id='line_1_13' title="bbox 169 1158 1556 1205; baseline -0.001 -10"><span class='ocrx_word' id='word_1_111' title='bbox 169 1163 251 1195; x_wconf 83' lang='lat' dir='ltr'><strong>Dat.</strong></span> <span class='ocrx_word' id='word_1_112' title='bbox 284 1173 314 1196; x_wconf 93' lang='lat' dir='ltr'><strong>c.</strong></span> <span class='ocrx_word' id='word_1_113' title='bbox 341 1162 402 1199; x_wconf 70' lang='lat' dir='ltr'><strong>xl,</strong></span> <span class='ocrx_word' id='word_1_114' title='bbox 431 1160 465 1193; x_wconf 83' lang='lat'><strong>2.</strong></span> <span class='ocrx_word' id='word_1_115' title='bbox 525 1159 738 1193; x_wconf 84' lang='lat' dir='ltr'><strong>Ramshorn.</strong></span> <span class='ocrx_word' id='word_1_116' title='bbox 778 1158 815 1192; x_wconf 87' lang='lat' dir='ltr'><strong>in</strong></span> <span class='ocrx_word' id='word_1_117' title='bbox 848 1159 964 1193; x_wconf 83' lang='lat' dir='ltr'><strong>Iahnii</strong></span> <span class='ocrx_word' id='word_1_118' title='bbox 998 1159 1136 1194; x_wconf 81' lang='lat' dir='ltr'><strong>Annall.</strong></span> <span class='ocrx_word' id='word_1_119' title='bbox 1168 1160 1308 1194; x_wconf 64' lang='lat' dir='ltr'><strong>Philot:</strong></span> <span class='ocrx_word' id='word_1_120' title='bbox 1338 1165 1373 1195; x_wconf 89' lang='lat' dir='ltr'><strong>et</strong></span> <span class='ocrx_word' id='word_1_121' title='bbox 1401 1161 1556 1205; x_wconf 79' lang='lat' dir='ltr'><strong>Paedag.</strong></span> 
     </span>
     <span class='ocr_line' id='line_1_14' title="bbox 170 1214 1556 1263; baseline -0.001 -11"><span class='ocrx_word' id='word_1_122' title='bbox 170 1218 275 1253; x_wconf 78' lang='lat'><strong>1826.</strong></span> <span class='ocrx_word' id='word_1_123' title='bbox 303 1219 331 1260; x_wconf 90' lang='grc' dir='ltr'><strong>Ι,</strong></span> <span class='ocrx_word' id='word_1_124' title='bbox 355 1219 389 1252; x_wconf 83' lang='grc'><strong>2.</strong></span> <span class='ocrx_word' id='word_1_125' title='bbox 412 1229 448 1263; x_wconf 80' lang='lat' dir='ltr'><strong>p.</strong></span> <span class='ocrx_word' id='word_1_126' title='bbox 475 1216 555 1252; x_wconf 79' lang='lat'><strong>369.</strong></span> <span class='ocrx_word' id='word_1_127' title='bbox 588 1216 648 1260; x_wconf 82' lang='lat' dir='ltr'><strong>qui</strong></span> <span class='ocrx_word' id='word_1_128' title='bbox 672 1217 791 1250; x_wconf 84' lang='lat' dir='ltr'><strong>laudat</strong></span> <span class='ocrx_word' id='word_1_129' title='bbox 815 1215 887 1248; x_wconf 89' lang='lat' dir='ltr'><strong>Cic.</strong></span> <span class='ocrx_word' id='word_1_130' title='bbox 922 1214 957 1248; x_wconf 91' lang='lat' dir='ltr'><strong>in</strong></span> <span class='ocrx_word' id='word_1_131' title='bbox 981 1216 1078 1251; x_wconf 66' lang='lat' dir='ltr'><strong>Verr.</strong></span> <span class='ocrx_word' id='word_1_132' title='bbox 1107 1217 1164 1258; x_wconf 79' lang='lat' dir='ltr'><strong>lv,</strong></span> <span class='ocrx_word' id='word_1_133' title='bbox 1194 1216 1252 1258; x_wconf 72' lang='lat'><strong>14,</strong></span> <span class='ocrx_word' id='word_1_134' title='bbox 1285 1217 1354 1252; x_wconf 48' lang='lat'><strong>34.</strong></span> <span class='ocrx_word' id='word_1_135' title='bbox 1375 1230 1412 1262; x_wconf 85' lang='lat' dir='ltr'><strong>p.</strong></span> <span class='ocrx_word' id='word_1_136' title='bbox 1435 1218 1556 1263; x_wconf 73' lang='lat' dir='ltr'><strong>Ligar-</strong></span> 
     </span>
     <span class='ocr_line' id='line_1_15' title="bbox 168 1273 1556 1318; baseline -0.001 -8"><span class='ocrx_word' id='word_1_137' title='bbox 168 1276 227 1318; x_wconf 81' lang='lat'><strong>12,</strong></span> <span class='ocrx_word' id='word_1_138' title='bbox 249 1276 306 1311; x_wconf 83' lang='lat'><strong>36.</strong></span> <span class='ocrx_word' id='word_1_139' title='bbox 330 1275 446 1310; x_wconf 86' lang='lat' dir='ltr'><strong>Tacit.</strong></span> <span class='ocrx_word' id='word_1_140' title='bbox 469 1276 558 1308; x_wconf 80' lang='lat' dir='ltr'><strong>Ann.</strong></span> <span class='ocrx_word' id='word_1_141' title='bbox 576 1274 650 1315; x_wconf 74' lang='lat' dir='ltr'><strong>XV,</strong></span> <span class='ocrx_word' id='word_1_142' title='bbox 668 1273 724 1316; x_wconf 88' lang='lat'><strong>55,</strong></span> <span class='ocrx_word' id='word_1_143' title='bbox 747 1277 835 1308; x_wconf 81' lang='lat' dir='ltr'><strong>extr.</strong></span> <span class='ocrx_word' id='word_1_144' title='bbox 860 1274 952 1313; x_wconf 63' lang='lat' dir='ltr'><strong>XVI,</strong></span> <span class='ocrx_word' id='word_1_145' title='bbox 971 1274 1005 1316; x_wconf 78' lang='lat'><strong>7,</strong></span> <span class='ocrx_word' id='word_1_146' title='bbox 1030 1275 1120 1310; x_wconf 83' lang='lat' dir='ltr'><strong>med.</strong></span> <span class='ocrx_word' id='word_1_147' title='bbox 1167 1275 1277 1309; x_wconf 68' lang='lat' dir='ltr'><strong>Plura</strong></span> <span class='ocrx_word' id='word_1_148' title='bbox 1301 1275 1399 1309; x_wconf 84' lang='lat' dir='ltr'><strong>dabit</strong></span> <span class='ocrx_word' id='word_1_149' title='bbox 1416 1275 1556 1310; x_wconf 81' lang='lat' dir='ltr'><strong>Ouden-</strong></span> 
     </span>
     <span class='ocr_line' id='line_1_16' title="bbox 169 1330 1556 1379; baseline 0 -13"><span class='ocrx_word' id='word_1_150' title='bbox 169 1334 267 1377; x_wconf 83' lang='lat' dir='ltr'><strong>dorp.</strong></span> <span class='ocrx_word' id='word_1_151' title='bbox 299 1334 344 1367; x_wconf 85' lang='lat' dir='ltr'><strong>ad</strong></span> <span class='ocrx_word' id='word_1_152' title='bbox 378 1334 476 1369; x_wconf 70' lang='lat' dir='ltr'><strong>Caes.</strong></span> <span class='ocrx_word' id='word_1_153' title='bbox 509 1333 551 1365; x_wconf 82' lang='lat' dir='ltr'><strong>B.</strong></span> <span class='ocrx_word' id='word_1_154' title='bbox 578 1331 619 1365; x_wconf 91' lang='lat' dir='ltr'><strong>G.</strong></span> <span class='ocrx_word' id='word_1_155' title='bbox 650 1332 677 1372; x_wconf 90' lang='grc' dir='ltr'><strong>Ι,</strong></span> <span class='ocrx_word' id='word_1_156' title='bbox 705 1331 762 1371; x_wconf 84' lang='lat'><strong>53,</strong></span> <span class='ocrx_word' id='word_1_157' title='bbox 790 1330 824 1364; x_wconf 78' lang='lat'><strong>4.</strong></span> <span class='ocrx_word' id='word_1_158' title='bbox 857 1335 1024 1375; x_wconf 79' lang='lat' dir='ltr'><strong>utraeque</strong></span> <span class='ocrx_word' id='word_1_159' title='bbox 1057 1331 1242 1375; x_wconf 81' lang='lat' dir='ltr'><strong>(Ariouisti</strong></span> <span class='ocrx_word' id='word_1_160' title='bbox 1268 1334 1410 1379; x_wconf 72' lang='lat' dir='ltr'><strong>uxores)</strong></span> <span class='ocrx_word' id='word_1_161' title='bbox 1443 1334 1480 1366; x_wconf 85' lang='lat' dir='ltr'><strong>in</strong></span> <span class='ocrx_word' id='word_1_162' title='bbox 1511 1343 1556 1366; x_wconf 79' lang='lat' dir='ltr'><strong>ea</strong></span> 
     </span>
     <span class='ocr_line' id='line_1_17' title="bbox 162 1387 1556 1435; baseline 0.001 -11"><span class='ocrx_word' id='word_1_163' title='bbox 162 1393 261 1435; x_wconf 74' lang='lat' dir='ltr'><strong>suga</strong></span> <span class='ocrx_word' id='word_1_164' title='bbox 298 1391 485 1434; x_wconf 79' lang='lat' dir='ltr'><strong>perierunt.</strong></span> <span class='ocrx_word' id='word_1_165' title='bbox 558 1388 647 1421; x_wconf 84' lang='lat' dir='ltr'><strong>Sunt</strong></span> <span class='ocrx_word' id='word_1_166' title='bbox 681 1393 798 1422; x_wconf 85' lang='lat' dir='ltr'><strong>tamen</strong></span> <span class='ocrx_word' id='word_1_167' title='bbox 835 1387 872 1421; x_wconf 88' lang='lat' dir='ltr'><strong>in</strong></span> <span class='ocrx_word' id='word_1_168' title='bbox 903 1388 1068 1431; x_wconf 82' lang='lat' dir='ltr'><strong>exemplis</strong></span> <span class='ocrx_word' id='word_1_169' title='bbox 1109 1390 1154 1422; x_wconf 86' lang='lat' dir='ltr'><strong>ab</strong></span> <span class='ocrx_word' id='word_1_170' title='bbox 1187 1400 1228 1422; x_wconf 90' lang='lat' dir='ltr'><strong>eo</strong></span> <span class='ocrx_word' id='word_1_171' title='bbox 1259 1390 1434 1432; x_wconf 79' lang='lat' dir='ltr'><strong>laudatis,</strong></span> <span class='ocrx_word' id='word_1_172' title='bbox 1467 1401 1556 1434; x_wconf 84' lang='lat' dir='ltr'><strong>quae</strong></span> 
     </span>
     <span class='ocr_line' id='line_1_18' title="bbox 168 1444 1556 1492; baseline 0.001 -11"><span class='ocrx_word' id='word_1_173' title='bbox 168 1447 328 1492; x_wconf 83' lang='lat' dir='ltr'><strong>legitimo</strong></span> <span class='ocrx_word' id='word_1_174' title='bbox 351 1458 450 1481; x_wconf 87' lang='lat' dir='ltr'><strong>more</strong></span> <span class='ocrx_word' id='word_1_175' title='bbox 473 1444 641 1489; x_wconf 81' lang='lat' dir='ltr'><strong>explicari</strong></span> <span class='ocrx_word' id='word_1_176' title='bbox 665 1445 822 1479; x_wconf 87' lang='lat' dir='ltr'><strong>debeant.</strong></span> <span class='ocrx_word' id='word_1_177' title='bbox 847 1464 893 1469; x_wconf 92' lang='lat'><strong>—-—</strong></span> <span class='ocrx_word' id='word_1_178' title='bbox 927 1446 978 1478; x_wconf 75' lang='lat'><strong>112·</strong></span> <span class='ocrx_word' id='word_1_179' title='bbox 1000 1445 1136 1489; x_wconf 86' lang='lat' dir='ltr'><strong>utrique</strong></span> <span class='ocrx_word' id='word_1_180' title='bbox 1170 1457 1250 1479; x_wconf 85' lang='lat' dir='ltr'><strong>cum</strong></span> <span class='ocrx_word' id='word_1_181' title='bbox 1284 1448 1472 1482; x_wconf 83' lang='lat' dir='ltr'><strong>Gerlachio</strong></span> <span class='ocrx_word' id='word_1_182' title='bbox 1495 1460 1556 1482; x_wconf 88' lang='lat' dir='ltr'><strong>ex-</strong></span> 
     </span>
     <span class='ocr_line' id='line_1_19' title="bbox 165 1501 1554 1547; baseline 0.001 -10"><span class='ocrx_word' id='word_1_183' title='bbox 165 1504 348 1538; x_wconf 81' lang='lat' dir='ltr'><strong>hibuimus</strong></span> <span class='ocrx_word' id='word_1_184' title='bbox 388 1515 431 1537; x_wconf 82' lang='lat' dir='ltr'><strong>ex</strong></span> <span class='ocrx_word' id='word_1_185' title='bbox 462 1503 552 1547; x_wconf 81' lang='lat' dir='ltr'><strong>Teg.</strong></span> <span class='ocrx_word' id='word_1_186' title='bbox 588 1501 684 1536; x_wconf 83' lang='lat' dir='ltr'><strong>Leid.</strong></span> <span class='ocrx_word' id='word_1_187' title='bbox 717 1502 758 1537; x_wconf 89' lang='lat' dir='ltr'><strong>L.</strong></span> <span class='ocrx_word' id='word_1_188' title='bbox 799 1505 833 1535; x_wconf 87' lang='lat' dir='ltr'><strong>et</strong></span> <span class='ocrx_word' id='word_1_189' title='bbox 868 1502 967 1536; x_wconf 75' lang='lat' dir='ltr'><strong>SerV.</strong></span> <span class='ocrx_word' id='word_1_190' title='bbox 1005 1503 1050 1536; x_wconf 80' lang='lat' dir='ltr'><strong>ad</strong></span> <span class='ocrx_word' id='word_1_191' title='bbox 1082 1502 1180 1545; x_wconf 65' lang='lat' dir='ltr'><strong>Virg.</strong></span> <span class='ocrx_word' id='word_1_192' title='bbox 1216 1503 1300 1537; x_wconf 89' lang='lat' dir='ltr'><strong>Aen.</strong></span> <span class='ocrx_word' id='word_1_193' title='bbox 1328 1505 1367 1544; x_wconf 91' lang='lat'><strong>1,</strong></span> <span class='ocrx_word' id='word_1_194' title='bbox 1397 1505 1453 1539; x_wconf 72' lang='lat'><strong>9⁴.</strong></span> <span class='ocrx_word' id='word_1_195' title='bbox 1514 1506 1554 1539; x_wconf 88' lang='lat' dir='ltr'><strong>Iu</strong></span> 
     </span>
     <span class='ocr_line' id='line_1_20' title="bbox 167 1558 1554 1605; baseline 0.001 -10"><span class='ocrx_word' id='word_1_196' title='bbox 167 1562 249 1595; x_wconf 87' lang='lat' dir='ltr'><strong>aliis</strong></span> <span class='ocrx_word' id='word_1_197' title='bbox 290 1566 342 1597; x_wconf 83' lang='lat' dir='ltr'><strong>est</strong></span> <span class='ocrx_word' id='word_1_198' title='bbox 383 1562 410 1595; x_wconf 81' lang='lat' dir='ltr'><strong>ii</strong></span> <span class='ocrx_word' id='word_1_199' title='bbox 445 1561 549 1604; x_wconf 80' lang='lat' dir='ltr'><strong>utriq.</strong></span> <span class='ocrx_word' id='word_1_200' title='bbox 591 1559 649 1593; x_wconf 79' lang='lat' dir='ltr'><strong>vel</strong></span> <span class='ocrx_word' id='word_1_201' title='bbox 691 1558 901 1601; x_wconf 80' lang='lat' dir='ltr'><strong>simpliciter</strong></span> <span class='ocrx_word' id='word_1_202' title='bbox 932 1559 1090 1603; x_wconf 82' lang='lat' dir='ltr'><strong>utrique,</strong></span> <span class='ocrx_word' id='word_1_203' title='bbox 1135 1571 1204 1602; x_wconf 88' lang='lat' dir='ltr'><strong>quo</strong></span> <span class='ocrx_word' id='word_1_204' title='bbox 1247 1572 1303 1594; x_wconf 91' lang='lat' dir='ltr'><strong>res</strong></span> <span class='ocrx_word' id='word_1_205' title='bbox 1339 1572 1408 1594; x_wconf 90' lang='lat' dir='ltr'><strong>non</strong></span> <span class='ocrx_word' id='word_1_206' title='bbox 1443 1572 1554 1605; x_wconf 80' lang='lat' dir='ltr'><strong>aeque</strong></span> 
     </span>
     <span class='ocr_line' id='line_1_21' title="bbox 165 1615 1550 1661; baseline 0.001 -9"><span class='ocrx_word' id='word_1_207' title='bbox 165 1617 285 1653; x_wconf 80' lang='lat' dir='ltr'><strong>vivida</strong></span> <span class='ocrx_word' id='word_1_208' title='bbox 325 1622 360 1652; x_wconf 87' lang='lat' dir='ltr'><strong>et</strong></span> <span class='ocrx_word' id='word_1_209' title='bbox 399 1619 500 1661; x_wconf 83' lang='lat' dir='ltr'><strong>quasi</strong></span> <span class='ocrx_word' id='word_1_210' title='bbox 541 1627 703 1660; x_wconf 82' lang='lat' dir='ltr'><strong>praesens</strong></span> <span class='ocrx_word' id='word_1_211' title='bbox 745 1615 946 1649; x_wconf 84' lang='lat' dir='ltr'><strong>decribitur.</strong></span> <span class='ocrx_word' id='word_1_212' title='bbox 1002 1616 1107 1650; x_wconf 83' lang='lat' dir='ltr'><strong>Multi</strong></span> <span class='ocrx_word' id='word_1_213' title='bbox 1141 1617 1247 1650; x_wconf 79' lang='lat' dir='ltr'><strong>etiam</strong></span> <span class='ocrx_word' id='word_1_214' title='bbox 1285 1618 1416 1652; x_wconf 84' lang='lat' dir='ltr'><strong>addunt</strong></span> <span class='ocrx_word' id='word_1_215' title='bbox 1455 1630 1550 1661; x_wconf 71' lang='lat' dir='ltr'><strong>nam,</strong></span> 
     </span>
     <span class='ocr_line' id='line_1_22' title="bbox 163 1672 1553 1719; baseline 0 -10"><span class='ocrx_word' id='word_1_216' title='bbox 163 1675 300 1710; x_wconf 81' lang='lat' dir='ltr'><strong>scilicet</strong></span> <span class='ocrx_word' id='word_1_217' title='bbox 347 1675 408 1719; x_wconf 88' lang='lat' dir='ltr'><strong>qui</strong></span> <span class='ocrx_word' id='word_1_218' title='bbox 455 1678 620 1719; x_wconf 82' lang='lat' dir='ltr'><strong>putarunt</strong></span> <span class='ocrx_word' id='word_1_219' title='bbox 673 1672 824 1707; x_wconf 61' lang='lat' dir='ltr'><strong>cause-ali</strong></span> <span class='ocrx_word' id='word_1_220' title='bbox 874 1684 964 1707; x_wconf 79' lang='lat' dir='ltr'><strong>nexu</strong></span> <span class='ocrx_word' id='word_1_221' title='bbox 1012 1673 1104 1707; x_wconf 85' lang='lat' dir='ltr'><strong>hanc</strong></span> <span class='ocrx_word' id='word_1_222' title='bbox 1154 1674 1433 1708; x_wconf 79' lang='lat' dir='ltr'><strong>enunciationem</strong></span> <span class='ocrx_word' id='word_1_223' title='bbox 1472 1686 1553 1710; x_wconf 88' lang='lat' dir='ltr'><strong>cum</strong></span> 
     </span>
     <span class='ocr_line' id='line_1_23' title="bbox 164 1728 1552 1776; baseline 0 -10"><span class='ocrx_word' id='word_1_224' title='bbox 164 1731 374 1776; x_wconf 76' lang='lat' dir='ltr'><strong>antegressis</strong></span> <span class='ocrx_word' id='word_1_225' title='bbox 411 1732 602 1772; x_wconf 81' lang='lat' dir='ltr'><strong>contineri,</strong></span> <span class='ocrx_word' id='word_1_226' title='bbox 652 1741 742 1774; x_wconf 80' lang='lat' dir='ltr'><strong>quae</strong></span> <span class='ocrx_word' id='word_1_227' title='bbox 785 1728 898 1773; x_wconf 88' lang='lat' dir='ltr'><strong>potius</strong></span> <span class='ocrx_word' id='word_1_228' title='bbox 945 1730 1162 1773; x_wconf 74' lang='lat' dir='ltr'><strong>parenthesis</strong></span> <span class='ocrx_word' id='word_1_229' title='bbox 1209 1731 1282 1764; x_wconf 81' lang='lat' dir='ltr'><strong>vim</strong></span> <span class='ocrx_word' id='word_1_230' title='bbox 1327 1732 1469 1766; x_wconf 87' lang='lat' dir='ltr'><strong>obtinet.</strong></span> <span class='ocrx_word' id='word_1_231' title='bbox 1507 1750 1552 1757; x_wconf 89' lang='lat'><strong>—</strong></span> 
     </span>
     <span class='ocr_line' id='line_1_24' title="bbox 163 1786 1552 1833; baseline 0 -10"><span class='ocrx_word' id='word_1_232' title='bbox 163 1790 220 1823; x_wconf 80' lang='lat' dir='ltr'><strong>Ad</strong></span> <span class='ocrx_word' id='word_1_233' title='bbox 254 1790 372 1822; x_wconf 86' lang='lat' dir='ltr'><strong>urbem</strong></span> <span class='ocrx_word' id='word_1_234' title='bbox 412 1801 486 1824; x_wconf 83' lang='lat' dir='ltr'><strong>esse</strong></span> <span class='ocrx_word' id='word_1_235' title='bbox 525 1788 707 1831; x_wconf 81' lang='lat' dir='ltr'><strong>dicuntur,</strong></span> <span class='ocrx_word' id='word_1_236' title='bbox 751 1787 834 1830; x_wconf 89' lang='lat' dir='ltr'><strong>qui,</strong></span> <span class='ocrx_word' id='word_1_237' title='bbox 869 1788 974 1821; x_wconf 81' lang='lat' dir='ltr'><strong>rebus</strong></span> <span class='ocrx_word' id='word_1_238' title='bbox 1005 1786 1040 1820; x_wconf 89' lang='lat' dir='ltr'><strong>in</strong></span> <span class='ocrx_word' id='word_1_239' title='bbox 1071 1787 1254 1830; x_wconf 73' lang='lat' dir='ltr'><strong>provincia</strong></span> <span class='ocrx_word' id='word_1_240' title='bbox 1291 1788 1399 1833; x_wconf 80' lang='lat' dir='ltr'><strong>gestis</strong></span> <span class='ocrx_word' id='word_1_241' title='bbox 1440 1788 1552 1832; x_wconf 74' lang='lat' dir='ltr'><strong>impe-</strong></span> 
     </span>
     <span class='ocr_line' id='line_1_25' title="bbox 163 1845 1551 1891; baseline 0.001 -11"><span class='ocrx_word' id='word_1_242' title='bbox 163 1847 286 1890; x_wconf 88' lang='lat' dir='ltr'><strong>rioque</strong></span> <span class='ocrx_word' id='word_1_243' title='bbox 319 1847 499 1891; x_wconf 76' lang='lat' dir='ltr'><strong>deposito,</strong></span> <span class='ocrx_word' id='word_1_244' title='bbox 533 1847 656 1879; x_wconf 80' lang='lat' dir='ltr'><strong>urbem</strong></span> <span class='ocrx_word' id='word_1_245' title='bbox 701 1845 854 1878; x_wconf 84' lang='lat' dir='ltr'><strong>nondum</strong></span> <span class='ocrx_word' id='word_1_246' title='bbox 895 1845 1129 1886; x_wconf 73' lang='lat' dir='ltr'><strong>intraverant,</strong></span> <span class='ocrx_word' id='word_1_247' title='bbox 1166 1851 1402 1888; x_wconf 77' lang='lat' dir='ltr'><strong>exspectantes</strong></span> <span class='ocrx_word' id='word_1_248' title='bbox 1443 1847 1551 1881; x_wconf 82' lang='lat' dir='ltr'><strong>donec</strong></span> 
     </span>
     <span class='ocr_line' id='line_1_26' title="bbox 163 1901 1552 1949; baseline 0 -11"><span class='ocrx_word' id='word_1_249' title='bbox 163 1903 361 1946; x_wconf 84' lang='lat' dir='ltr'><strong>triumphus</strong></span> <span class='ocrx_word' id='word_1_250' title='bbox 392 1903 476 1947; x_wconf 86' lang='lat' dir='ltr'><strong>ipsis</strong></span> <span class='ocrx_word' id='word_1_251' title='bbox 508 1903 761 1936; x_wconf 86' lang='lat' dir='ltr'><strong>decerneretur.</strong></span> <span class='ocrx_word' id='word_1_252' title='bbox 808 1901 930 1938; x_wconf 87' lang='lat' dir='ltr'><strong>Senec.</strong></span> <span class='ocrx_word' id='word_1_253' title='bbox 964 1902 1007 1935; x_wconf 90' lang='lat' dir='ltr'><strong>de</strong></span> <span class='ocrx_word' id='word_1_254' title='bbox 1039 1902 1177 1936; x_wconf 73' lang='lat' dir='ltr'><strong>Benefs.</strong></span> <span class='ocrx_word' id='word_1_255' title='bbox 1204 1903 1253 1944; x_wconf 70' lang='lat' dir='ltr'><strong>Y,</strong></span> <span class='ocrx_word' id='word_1_256' title='bbox 1279 1903 1336 1945; x_wconf 86' lang='lat'><strong>15,</strong></span> <span class='ocrx_word' id='word_1_257' title='bbox 1360 1907 1447 1938; x_wconf 85' lang='lat' dir='ltr'><strong>extr.</strong></span> <span class='ocrx_word' id='word_1_258' title='bbox 1492 1905 1552 1949; x_wconf 77' lang='lat' dir='ltr'><strong>qui</strong></span> 
     </span>
     <span class='ocr_line' id='line_1_27' title="bbox 161 1960 1549 2005; baseline 0 -10"><span class='ocrx_word' id='word_1_259' title='bbox 161 1973 206 1995; x_wconf 84' lang='lat' dir='ltr'><strong>ne</strong></span> <span class='ocrx_word' id='word_1_260' title='bbox 236 1961 485 2005; x_wconf 74' lang='lat' dir='ltr'><strong>triumphaturi</strong></span> <span class='ocrx_word' id='word_1_261' title='bbox 523 1961 660 2005; x_wconf 82' lang='lat' dir='ltr'><strong>quidem</strong></span> <span class='ocrx_word' id='word_1_262' title='bbox 702 1961 836 1994; x_wconf 84' lang='lat' dir='ltr'><strong>intrare</strong></span> <span class='ocrx_word' id='word_1_263' title='bbox 868 1960 986 1993; x_wconf 80' lang='lat' dir='ltr'><strong>urbem</strong></span> <span class='ocrx_word' id='word_1_264' title='bbox 1020 1960 1149 1992; x_wconf 79' lang='lat' dir='ltr'><strong>iniussu</strong></span> <span class='ocrx_word' id='word_1_265' title='bbox 1182 1961 1331 1994; x_wconf 81' lang='lat' dir='ltr'><strong>Senatus</strong></span> <span class='ocrx_word' id='word_1_266' title='bbox 1366 1962 1549 2004; x_wconf 80' lang='lat' dir='ltr'><strong>deberetis,</strong></span> 
     </span>
     <span class='ocr_line' id='line_1_28' title="bbox 163 2017 1550 2063; baseline 0.002 -13"><span class='ocrx_word' id='word_1_267' title='bbox 163 2019 350 2063; x_wconf 76' lang='lat' dir='ltr'><strong>quibusque</strong></span> <span class='ocrx_word' id='word_1_268' title='bbox 374 2018 559 2052; x_wconf 78' lang='lat' dir='ltr'><strong>exercitum</strong></span> <span class='ocrx_word' id='word_1_269' title='bbox 590 2019 755 2051; x_wconf 85' lang='lat' dir='ltr'><strong>victorem</strong></span> <span class='ocrx_word' id='word_1_270' title='bbox 778 2017 1017 2051; x_wconf 72' lang='lat' dir='ltr'><strong>reducentibus</strong></span> <span class='ocrx_word' id='word_1_271' title='bbox 1041 2018 1138 2049; x_wconf 79' lang='lat' dir='ltr'><strong>curia</strong></span> <span class='ocrx_word' id='word_1_272' title='bbox 1171 2023 1270 2052; x_wconf 68' lang='lat' dir='ltr'><strong>extra</strong></span> <span class='ocrx_word' id='word_1_273' title='bbox 1305 2030 1417 2052; x_wconf 82' lang='lat' dir='ltr'><strong>muros</strong></span> <span class='ocrx_word' id='word_1_274' title='bbox 1445 2030 1550 2063; x_wconf 82' lang='lat' dir='ltr'><strong>prae-</strong></span> 
     </span>
     <span class='ocr_line' id='line_1_29' title="bbox 163 2074 1549 2121; baseline 0.002 -14"><span class='ocrx_word' id='word_1_275' title='bbox 163 2076 313 2117; x_wconf 83' lang='lat' dir='ltr'><strong>beretur,</strong></span> <span class='ocrx_word' id='word_1_276' title='bbox 350 2076 402 2117; x_wconf 73' lang='lat' dir='ltr'><strong>(v,</strong></span> <span class='ocrx_word' id='word_1_277' title='bbox 427 2075 563 2110; x_wconf 83' lang='lat' dir='ltr'><strong>Manut.</strong></span> <span class='ocrx_word' id='word_1_278' title='bbox 595 2076 639 2109; x_wconf 76' lang='lat' dir='ltr'><strong>ad</strong></span> <span class='ocrx_word' id='word_1_279' title='bbox 664 2074 736 2108; x_wconf 88' lang='lat' dir='ltr'><strong>Cic.</strong></span> <span class='ocrx_word' id='word_1_280' title='bbox 762 2074 850 2118; x_wconf 81' lang='lat' dir='ltr'><strong>Epp.</strong></span> <span class='ocrx_word' id='word_1_281' title='bbox 876 2074 920 2108; x_wconf 82' lang='lat' dir='ltr'><strong>ad</strong></span> <span class='ocrx_word' id='word_1_282' title='bbox 953 2074 1088 2111; x_wconf 77' lang='lat' dir='ltr'><strong>Fanni».</strong></span> <span class='ocrx_word' id='word_1_283' title='bbox 1110 2075 1170 2115; x_wconf 87' lang='grc' dir='ltr'><strong>ΙΙΙ,</strong></span> <span class='ocrx_word' id='word_1_284' title='bbox 1188 2074 1222 2108; x_wconf 82' lang='grc' dir='ltr'><strong>ὃ.</strong></span> <span class='ocrx_word' id='word_1_285' title='bbox 1252 2081 1286 2110; x_wconf 90' lang='lat' dir='ltr'><strong>et</strong></span> <span class='ocrx_word' id='word_1_286' title='bbox 1318 2077 1472 2121; x_wconf 80' lang='lat' dir='ltr'><strong>Herzog.</strong></span> <span class='ocrx_word' id='word_1_287' title='bbox 1504 2077 1549 2110; x_wconf 77' lang='lat' dir='ltr'><strong>ad</strong></span> 
     </span>
     <span class='ocr_line' id='line_1_30' title="bbox 162 2132 1549 2176; baseline 0.001 -10"><span class='ocrx_word' id='word_1_288' title='bbox 162 2133 260 2166; x_wconf 76' lang='lat' dir='ltr'><strong>Caes.</strong></span> <span class='ocrx_word' id='word_1_289' title='bbox 287 2132 328 2166; x_wconf 90' lang='lat' dir='ltr'><strong>B.</strong></span> <span class='ocrx_word' id='word_1_290' title='bbox 355 2133 396 2166; x_wconf 88' lang='lat' dir='ltr'><strong>G.</strong></span> <span class='ocrx_word' id='word_1_291' title='bbox 421 2133 479 2175; x_wconf 85' lang='lat' dir='ltr'><strong>vl,</strong></span> <span class='ocrx_word' id='word_1_292' title='bbox 511 2133 544 2168; x_wconf 91' lang='lat' dir='ltr'><strong>l.</strong></span> <span class='ocrx_word' id='word_1_293' title='bbox 576 2133 658 2167; x_wconf 88' lang='lat' dir='ltr'><strong>coll.</strong></span> <span class='ocrx_word' id='word_1_294' title='bbox 689 2132 809 2176; x_wconf 84' lang='lat' dir='ltr'><strong>Lipsio</strong></span> <span class='ocrx_word' id='word_1_295' title='bbox 842 2132 885 2166; x_wconf 84' lang='lat' dir='ltr'><strong>ad</strong></span> <span class='ocrx_word' id='word_1_296' title='bbox 909 2132 994 2165; x_wconf 77' lang='lat' dir='ltr'><strong>Tac.</strong></span> <span class='ocrx_word' id='word_1_297' title='bbox 1029 2133 1167 2166; x_wconf 78' lang='lat' dir='ltr'><strong>Annali.</strong></span> <span class='ocrx_word' id='word_1_298' title='bbox 1195 2134 1256 2174; x_wconf 85' lang='grc' dir='ltr'>ΙΙΙ,</span> <span class='ocrx_word' id='word_1_299' title='bbox 1281 2133 1357 2175; x_wconf 80' lang='grc'><strong>19.)</strong></span> <span class='ocrx_word' id='word_1_300' title='bbox 1401 2133 1549 2167; x_wconf 74' lang='lat' dir='ltr'><strong>senatun</strong></span> 
     </span>
     <span class='ocr_line' id='line_1_31' title="bbox 160 2188 1545 2234; baseline 0.001 -11"><span class='ocrx_word' id='word_1_301' title='bbox 160 2193 277 2224; x_wconf 82' lang='lat' dir='ltr'><strong>autem</strong></span> <span class='ocrx_word' id='word_1_302' title='bbox 302 2191 453 2224; x_wconf 82' lang='lat' dir='ltr'><strong>dabatur</strong></span> <span class='ocrx_word' id='word_1_303' title='bbox 476 2191 532 2224; x_wconf 88' lang='lat' dir='ltr'><strong>vel</strong></span> <span class='ocrx_word' id='word_1_304' title='bbox 556 2191 601 2224; x_wconf 81' lang='lat' dir='ltr'><strong>ml</strong></span> <span class='ocrx_word' id='word_1_305' title='bbox 623 2189 807 2234; x_wconf 77' lang='lat' dir='ltr'><strong>Apollinis,</strong></span> <span class='ocrx_word' id='word_1_306' title='bbox 831 2200 864 2223; x_wconf 72' lang='lat' dir='ltr'><strong>v,</strong></span> <span class='ocrx_word' id='word_1_307' title='bbox 890 2188 1264 2230; x_wconf 66' lang='lat' dir='ltr'><strong>Liv.xxxx&#39;1{,55,3.</strong></span> <span class='ocrx_word' id='word_1_308' title='bbox 1292 2189 1501 2232; x_wconf 73' lang='lat' dir='ltr'><strong>xxxlx,4,</strong></span> <span class='ocrx_word' id='word_1_309' title='bbox 1516 2190 1545 2224; x_wconf 88' lang='lat' dir='ltr'><strong>l.</strong></span> 
     </span>
     <span class='ocr_line' id='line_1_32' title="bbox 162 2245 1549 2289; baseline 0.001 -10"><span class='ocrx_word' id='word_1_310' title='bbox 162 2248 220 2279; x_wconf 76' lang='lat' dir='ltr'><strong>vel</strong></span> <span class='ocrx_word' id='word_1_311' title='bbox 253 2248 295 2280; x_wconf 80' lang='lat' dir='ltr'><strong>ad</strong></span> <span class='ocrx_word' id='word_1_312' title='bbox 329 2248 508 2289; x_wconf 74' lang='lat' dir='ltr'><strong>Bellonae,</strong></span> <span class='ocrx_word' id='word_1_313' title='bbox 542 2248 620 2283; x_wconf 86' lang='lat' dir='ltr'><strong>Liv.</strong></span> <span class='ocrx_word' id='word_1_314' title='bbox 651 2247 850 2285; x_wconf 70' lang='lat' dir='ltr'><strong>xxxviii,</strong></span> <span class='ocrx_word' id='word_1_315' title='bbox 879 2245 936 2287; x_wconf 70' lang='lat'><strong>4⁴,</strong></span> <span class='ocrx_word' id='word_1_316' title='bbox 964 2245 999 2281; x_wconf 81' lang='grc'><strong>9.</strong></span> <span class='ocrx_word' id='word_1_317' title='bbox 1045 2246 1174 2287; x_wconf 60' lang='lat' dir='ltr'><strong>xxxi,</strong></span> <span class='ocrx_word' id='word_1_318' title='bbox 1198 2248 1256 2287; x_wconf 78' lang='lat'><strong>21,</strong></span> <span class='ocrx_word' id='word_1_319' title='bbox 1287 2248 1318 2280; x_wconf 92' lang='lat'><strong>1.</strong></span> <span class='ocrx_word' id='word_1_320' title='bbox 1361 2248 1549 2282; x_wconf 75' lang='lat' dir='ltr'><strong>Praeterea</strong></span> 
     </span>
     <span class='ocr_line' id='line_1_33' title="bbox 160 2302 1547 2347; baseline 0.001 -11"><span class='ocrx_word' id='word_1_321' title='bbox 160 2303 267 2337; x_wconf 75' lang='lat' dir='ltr'><strong>etiam</strong></span> <span class='ocrx_word' id='word_1_322' title='bbox 292 2304 497 2340; x_wconf 79' lang='lat' dir='ltr'><strong>dicebantur</strong></span> <span class='ocrx_word' id='word_1_323' title='bbox 521 2307 569 2340; x_wconf 76' lang='lat' dir='ltr'><strong>acl</strong></span> <span class='ocrx_word' id='word_1_324' title='bbox 593 2306 710 2339; x_wconf 87' lang='lat' dir='ltr'><strong>urbem</strong></span> <span class='ocrx_word' id='word_1_325' title='bbox 725 2315 810 2344; x_wconf 81' lang='lat' dir='ltr'><strong>esse,</strong></span> <span class='ocrx_word' id='word_1_326' title='bbox 835 2302 895 2346; x_wconf 84' lang='lat' dir='ltr'><strong>qui</strong></span> <span class='ocrx_word' id='word_1_327' title='bbox 919 2306 978 2336; x_wconf 76' lang='lat' dir='ltr'><strong>aut</strong></span> <span class='ocrx_word' id='word_1_328' title='bbox 1002 2313 1043 2336; x_wconf 87' lang='lat' dir='ltr'><strong>ex</strong></span> <span class='ocrx_word' id='word_1_329' title='bbox 1067 2304 1249 2347; x_wconf 75' lang='lat' dir='ltr'><strong>provincia</strong></span> <span class='ocrx_word' id='word_1_330' title='bbox 1273 2315 1354 2337; x_wconf 83' lang='lat' dir='ltr'><strong>curn</strong></span> <span class='ocrx_word' id='word_1_331' title='bbox 1377 2308 1547 2347; x_wconf 72' lang='lat' dir='ltr'><strong>potestate</strong></span> 
     </span>
    </p>
   </div>
   <div class='ocr_carea' id='block_1_7' title="bbox 160 2359 1630 2407">
    <p class='ocr_par' dir='ltr' id='par_1_7' title="bbox 160 2359 1630 2407">
     <span class='ocr_line' id='line_1_34' title="bbox 160 2359 1630 2407; baseline 0.002 -14"><span class='ocrx_word' id='word_1_332' title='bbox 160 2361 333 2402; x_wconf 84' lang='lat' dir='ltr'><strong>redirent,</strong></span> <span class='ocrx_word' id='word_1_333' title='bbox 364 2367 424 2396; x_wconf 78' lang='lat' dir='ltr'><strong>aut</strong></span> <span class='ocrx_word' id='word_1_334' title='bbox 456 2363 490 2396; x_wconf 89' lang='lat' dir='ltr'><strong>in</strong></span> <span class='ocrx_word' id='word_1_335' title='bbox 528 2361 748 2407; x_wconf 72' lang='lat' dir='ltr'><strong>provinciam</strong></span> <span class='ocrx_word' id='word_1_336' title='bbox 787 2359 978 2403; x_wconf 75' lang='lat' dir='ltr'><strong>profecturi</strong></span> <span class='ocrx_word' id='word_1_337' title='bbox 1019 2366 1140 2396; x_wconf 79' lang='lat' dir='ltr'><strong>essent.</strong></span> <span class='ocrx_word' id='word_1_338' title='bbox 1196 2362 1249 2396; x_wconf 76' lang='lat' dir='ltr'><strong>Ct&#39;.</strong></span> <span class='ocrx_word' id='word_1_339' title='bbox 1282 2360 1344 2394; x_wconf 81' lang='lat' dir='ltr'><strong>Cic</strong></span> <span class='ocrx_word' id='word_1_340' title='bbox 1377 2361 1413 2395; x_wconf 86' lang='lat' dir='ltr'><strong>in</strong></span> <span class='ocrx_word' id='word_1_341' title='bbox 1448 2361 1544 2395; x_wconf 75' lang='lat' dir='ltr'><strong>Vei-r.</strong></span> <span class='ocrx_word' id='word_1_342' title='bbox 1585 2392 1589 2397; x_wconf 82' lang='grc'>.</span> <span class='ocrx_word' id='word_1_343' title='bbox 1626 2375 1630 2402; x_wconf 63' lang='grc' dir='ltr'>ς</span> 
     </span>
    </p>
   </div>
   <div class='ocr_carea' id='block_1_8' title="bbox 158 2417 1545 2755">
    <p class='ocr_par' dir='ltr' id='par_1_8' title="bbox 158 2417 1545 2631">
     <span class='ocr_line' id='line_1_35' title="bbox 161 2417 1545 2463; baseline 0.003 -13"><span class='ocrx_word' id='word_1_344' title='bbox 161 2417 204 2454; x_wconf 91' lang='grc' dir='ltr'><strong>ΙΙ,</strong></span> <span class='ocrx_word' id='word_1_345' title='bbox 226 2418 261 2460; x_wconf 80' lang='grc'><strong>6,</strong></span> <span class='ocrx_word' id='word_1_346' title='bbox 283 2419 336 2451; x_wconf 78' lang='grc'><strong>17.</strong></span> <span class='ocrx_word' id='word_1_347' title='bbox 362 2421 569 2463; x_wconf 79' lang='lat' dir='ltr'><strong>simulatque</strong></span> <span class='ocrx_word' id='word_1_348' title='bbox 595 2420 626 2453; x_wconf 79' lang='lat' dir='ltr'><strong>ci</strong></span> <span class='ocrx_word' id='word_1_349' title='bbox 659 2424 749 2452; x_wconf 78' lang='lat' dir='ltr'><strong>sorte</strong></span> <span class='ocrx_word' id='word_1_350' title='bbox 783 2417 962 2461; x_wconf 77' lang='lat' dir='ltr'><strong>pruvincia</strong></span> <span class='ocrx_word' id='word_1_351' title='bbox 987 2418 1106 2452; x_wconf 81' lang='lat' dir='ltr'><strong>Sicilia</strong></span> <span class='ocrx_word' id='word_1_352' title='bbox 1139 2419 1299 2460; x_wconf 76' lang='lat' dir='ltr'><strong>obvenit,</strong></span> <span class='ocrx_word' id='word_1_353' title='bbox 1332 2420 1449 2454; x_wconf 77' lang='lat' dir='ltr'><strong>statim</strong></span> <span class='ocrx_word' id='word_1_354' title='bbox 1474 2420 1545 2454; x_wconf 82' lang='lat' dir='ltr'><strong>Ro-</strong></span> 
     </span>
     <span class='ocr_line' id='line_1_36' title="bbox 161 2476 1545 2522; baseline 0.002 -13"><span class='ocrx_word' id='word_1_355' title='bbox 161 2486 249 2514; x_wconf 86' lang='lat' dir='ltr'><strong>mae,</strong></span> <span class='ocrx_word' id='word_1_356' title='bbox 275 2480 307 2508; x_wconf 88' lang='lat' dir='ltr'><strong>ct</strong></span> <span class='ocrx_word' id='word_1_357' title='bbox 333 2476 389 2508; x_wconf 76' lang='lat' dir='ltr'><strong>ad</strong></span> <span class='ocrx_word' id='word_1_358' title='bbox 425 2477 596 2517; x_wconf 84' lang='lat' dir='ltr'><strong>urbem,</strong></span> <span class='ocrx_word' id='word_1_359' title='bbox 632 2481 876 2520; x_wconf 80' lang='lat' dir='ltr'><strong>antequam</strong></span> <span class='ocrx_word' id='word_1_360' title='bbox 908 2477 1344 2519; x_wconf 79' lang='lat' dir='ltr'><strong>proficisceretur,</strong></span> <span class='ocrx_word' id='word_1_361' title='bbox 1379 2489 1545 2522; x_wconf 78' lang='lat' dir='ltr'><strong>quaerere</strong></span> 
     </span>
     <span class='ocr_line' id='line_1_37' title="bbox 159 2533 1542 2578; baseline 0.003 -13"><span class='ocrx_word' id='word_1_362' title='bbox 159 2533 230 2576; x_wconf 78' lang='lat' dir='ltr'><strong>ipsc</strong></span> <span class='ocrx_word' id='word_1_363' title='bbox 254 2544 367 2566; x_wconf 77' lang='lat' dir='ltr'><strong>secum</strong></span> <span class='ocrx_word' id='word_1_364' title='bbox 400 2533 533 2576; x_wconf 81' lang='lat' dir='ltr'><strong>cocpit;</strong></span> <span class='ocrx_word' id='word_1_365' title='bbox 567 2533 610 2566; x_wconf 66' lang='lat' dir='ltr'><strong>aa!</strong></span> <span class='ocrx_word' id='word_1_366' title='bbox 646 2544 752 2577; x_wconf 83' lang='lat' dir='ltr'><strong>quem</strong></span> <span class='ocrx_word' id='word_1_367' title='bbox 775 2533 892 2567; x_wconf 83' lang='lat' dir='ltr'><strong>locum</strong></span> <span class='ocrx_word' id='word_1_368' title='bbox 925 2543 957 2564; x_wconf 69' lang='lat' dir='ltr'><strong>v·</strong></span> <span class='ocrx_word' id='word_1_369' title='bbox 988 2533 1179 2577; x_wconf 75' lang='lat' dir='ltr'><strong>Asconius,</strong></span> <span class='ocrx_word' id='word_1_370' title='bbox 1212 2534 1364 2578; x_wconf 79' lang='lat' dir='ltr'><strong>itemque</strong></span> <span class='ocrx_word' id='word_1_371' title='bbox 1393 2535 1440 2570; x_wconf 73' lang='lat' dir='ltr'><strong>nd</strong></span> <span class='ocrx_word' id='word_1_372' title='bbox 1468 2534 1542 2569; x_wconf 87' lang='lat' dir='ltr'><strong>Cic.</strong></span> 
     </span>
     <span class='ocr_line' id='line_1_38' title="bbox 158 2590 617 2631; baseline 0.002 -8"><span class='ocrx_word' id='word_1_373' title='bbox 158 2591 234 2623; x_wconf 78' lang='lat' dir='ltr'><strong>Act.</strong></span> <span class='ocrx_word' id='word_1_374' title='bbox 255 2591 279 2625; x_wconf 91' lang='grc' dir='ltr'><strong>Ι.</strong></span> <span class='ocrx_word' id='word_1_375' title='bbox 304 2591 338 2623; x_wconf 85' lang='grc' dir='ltr'><strong>ἰη</strong></span> <span class='ocrx_word' id='word_1_376' title='bbox 365 2591 458 2624; x_wconf 71' lang='lat' dir='ltr'><strong>Verr.</strong></span> <span class='ocrx_word' id='word_1_377' title='bbox 483 2590 537 2631; x_wconf 82' lang='lat'><strong>15,</strong></span> <span class='ocrx_word' id='word_1_378' title='bbox 561 2590 617 2625; x_wconf 72' lang='lat'><strong>⁴5.</strong></span> 
     </span>
    </p>

    <p class='ocr_par' dir='ltr' id='par_1_9' title="bbox 158 2646 1542 2755">
     <span class='ocr_line' id='line_1_39' title="bbox 250 2646 1542 2694; baseline 0.002 -14"><span class='ocrx_word' id='word_1_379' title='bbox 250 2649 385 2690; x_wconf 82' lang='lat' dir='ltr'><strong>omnia,</strong></span> <span class='ocrx_word' id='word_1_380' title='bbox 426 2649 570 2682; x_wconf 73' lang='lat' dir='ltr'><strong>honesta</strong></span> <span class='ocrx_word' id='word_1_381' title='bbox 607 2655 711 2692; x_wconf 80' lang='lat' dir='ltr'><strong>atquc</strong></span> <span class='ocrx_word' id='word_1_382' title='bbox 752 2646 957 2691; x_wconf 78' lang='lat' dir='ltr'><strong>inhonesta]</strong></span> <span class='ocrx_word' id='word_1_383' title='bbox 1003 2646 1129 2679; x_wconf 78' lang='lat' dir='ltr'><strong>Omnia</strong></span> <span class='ocrx_word' id='word_1_384' title='bbox 1162 2658 1229 2680; x_wconf 88' lang='lat' dir='ltr'><strong>non</strong></span> <span class='ocrx_word' id='word_1_385' title='bbox 1263 2647 1542 2694; x_wconf 73' lang='lat' dir='ltr'><strong>coniungendam</strong></span> 
     </span>
     <span class='ocr_line' id='line_1_40' title="bbox 158 2703 1542 2755; baseline 0.003 -17"><span class='ocrx_word' id='word_1_386' title='bbox 158 2716 238 2739; x_wconf 81' lang='lat' dir='ltr'><strong>cum</strong></span> <span class='ocrx_word' id='word_1_387' title='bbox 262 2706 492 2750; x_wconf 75' lang='lat' dir='ltr'><strong>sequentibus,</strong></span> <span class='ocrx_word' id='word_1_388' title='bbox 517 2711 554 2743; x_wconf 90' lang='lat' dir='ltr'><strong>ut</strong></span> <span class='ocrx_word' id='word_1_389' title='bbox 575 2706 688 2752; x_wconf 85' lang='lat' dir='ltr'><strong>intpp.</strong></span> <span class='ocrx_word' id='word_1_390' title='bbox 722 2706 888 2750; x_wconf 77' lang='lat' dir='ltr'><strong>fecerunt,</strong></span> <span class='ocrx_word' id='word_1_391' title='bbox 912 2703 971 2741; x_wconf 74' lang='lat' dir='ltr'><strong>uod</strong></span> <span class='ocrx_word' id='word_1_392' title='bbox 999 2704 1213 2741; x_wconf 69' lang='lat' dir='ltr'><strong>substantive</strong></span> <span class='ocrx_word' id='word_1_393' title='bbox 1243 2706 1475 2755; x_wconf 73' lang='lat' dir='ltr'><strong>capiendum,</strong></span> <span class='ocrx_word' id='word_1_394' title='bbox 1503 2710 1542 2742; x_wconf 73' lang='lat' dir='ltr'><strong>ut</strong></span> 
     </span>
    </p>
   </div>
  </div>
 </body>
</html>
