1630 3034
497 146 853 190 IUGURTHA.
915 148 1042 191 CAP.
1073 148 1182 190 LXI.
1431 152 1516 193 327

140 280 190 309 co
234 270 308 309 aut
351 263 580 309 moenibus
615 270 763 322 erant,
809 265 1032 324 praesidia
1067 265 1276 325 imponit,
1318 272 1553 317 ceterum2

138 362 378 407 exercitum
421 361 468 404 in
503 361 804 422 provinciam,
848 376 963 419 quae
1000 376 1220 422 proxuma
1256 368 1324 407 est
1355 363 1517 407 Numi—

134 495 194 518 rue
215 487 394 518 auctorem
427 482 604 524 referunt,
635 483 730 517 haud
765 483 870 517 dubie
903 486 1031 518 errant.
1078 483 1421 526 Priscianus'onim,
1458 485 1519 529 qui

133 543 184 578 ibi
204 555 246 578 ex
271 543 360 578 Sall.
385 544 462 588 Ing.
492 540 637 581 laudat:
668 545 739 587 „ab
774 555 860 590 rege
892 544 1110 587 defecerant,
1143 544 1169 579 i.
1202 556 1232 579 o.
1267 544 1469 580 destiterant
1481 547 1519 588 ‚“

131 604 274 638 non-ad
304 606 460 637 nostrum
493 603 632 646 locum,
664 605 724 638 sed
759 604 871 649 potius
895 606 940 640 ad
973 617 1002 642 c.
1027 605 1114 646 LVI,
1138 605 1172 639 3.
1194 604 1365 649 respexit,
1391 605 1442 640 ita
1463 610 1518 641 ta-

131 675 233 707 men,
256 667 295 700 ut
319 663 512 701 memoriae
534 665 635 708 lapsu
664 665 850 709 defecerat,
874 666 966 710 quod
989 665 1038 699 ibi
1062 669 1131 709 est,
1155 664 1190 698 in
1214 666 1416 709 defecerant
1438 677 1517 700 mu-

130 726 268 760 taverit.
315 725 513 760 Inconsulto
537 723 647 770 igitur
672 726 880 760 Gerlacliius
904 726 980 761 vol.
1005 727 1048 761 11.
1073 739 1106 771 p.
1131 725 1234 761 301.=
1259 726 1342 769 „vel
1364 726 1424 760 hic
1446 727 1517 772 igi-

129 791 185 821 tur
213 788 329 827 locus,
352 785 485 829 inquit,
509 785 707 821 testimonio
730 791 799 829 est,
834 787 906 822 iam
938 798 960 823 a
983 786 1107 833 priscis
1130 786 1381 821 Grammaticis
1404 789 1517 822 multa

126 858 202 882 esse
225 849 394 881 mutata.“
441 847 494 880 De
517 846 707 882 indicativo
730 860 811 883 cum
835 860 991 893 pronom.
1015 847 1181 882 rcflexivo
1205 847 1390 883 coniuncto
1413 860 1446 883 v.
1471 848 1516 883 ad

125 920 157 943 c.
181 908 271 950 cm,
293 908 328 941 2.
354 925 398 933 --
432 908 593 942 Munitae
625 909 721 943 loco
745 908 838 944 idem
871 913 922 944 est
945 914 1048 954 atque
1080 921 1111 944 c.
1134 909 1237 949 LVII,
1261 908 1294 943 1.
1343 910 1516 954 Oppidum

126 973 298 1004 natura
320 968 513 1011 munitum,
541 970 621 1011 vel,
650 974 689 1004 ut
713 971 836 1005 Livius
869 971 1025 1015 loquitur
1056 971 1099 1013 V,
1124 970 1158 1011 2,
1183 970 1232 1012 6.,
1254 970 1412 1004 naturali
1434 971 1515 1012 situ,

126 1032 188 1066 ubi
211 1042 246 1067 v,
274 1031 404 1066 Duker.
428 1034 463 1064 et
486 1031 752 1067 Drakenborch.
776 1033 824 1068 cf.
847 1043 955 1077 supra
971 1044 1001 1066 c.
1018 1032 1194 1073 xxxm,
1214 1030 1248 1066 4.
1296 1031 1423 1066 Suthul
1444 1043 1516 1077 op-

123 1091 421 1137 perennitate
453 1092 556 1126 loci.
574 1093 652 1136 capi
684 1105 754 1127 non
777 1098 928 1137 poterat.
967 1105 998 1126 c.
1022 1093 1177 1134 LXXVI,
1200 1091 1234 1126 2.
1284 1093 1456 1137 Oppidum
1480 1097 1515 1127 et

125 1153 283 1197 operibus
317 1156 351 1186 et
382 1152 481 1186 loco
512 1154 694 1190 munitum.
728 1154 829 1188 Caes.
864 1154 909 1189 B.
934 1155 980 1188 G.
1006 1154 1079 1196 111,
1103 1152 1168 1195 23,
1198 1152 1234 1186 1.
1284 1153 1456 1197 Oppidum
1481 1157 1514 1187 et

124 1219 297 1249 natura
330 1213 420 1246 loci
444 1218 478 1248 et
502 1225 608 1248 manu
631 1215 821 1259 munitum,
847 1219 881 1249 et
904 1225 939 1248 v.
966 1215 1122 1259 Herzog.
1150 1214 1193 1248 ad
1218 1213 1292 1254 vn,
1315 1213 1373 1247 20.
1398 1232 1445 1238 —
1471 1214 1514 1247 Iu

123 1279 204 1310 ante
227 1275 281 1308 his
305 1274 443 1308 urbibus
466 1274 599 1319 aliquot
622 1275 722 1310 codd.
746 1287 814 1309 non
839 1276 990 1317 habent,
1015 1267 1138 1310 sci-iliis
1162 1276 1336 1319 imponere
1360 1278 1513 1309 tantum—

123 1336 229 1370 modo
252 1346 333 1368 cum
360 1335 480 1369 dativo
504 1340 598 1371 recte
621 1335 786 1380 coniungi
811 1336 1041 1379 opinantibus.
1089 1336 1156 1370 Sed
1182 1335 1320 1369 collatis
1344 1335 1400 1376 iis,
1424 1347 1514 1380 quae

122 1397 166 1431 de
190 1395 299 1430 huius
325 1396 423 1429 verbi
447 1400 621 1441 potestate
642 1397 688 1431 ud
712 1397 788 1430 Cat.
815 1396 871 1437 LI,
893 1396 950 1430 28.
975 1402 1010 1431 et
1033 1398 1078 1432 ad
1102 1397 1180 1441 lug.
1203 1396 1342 1438 XLVII,
1363 1397 1397 1430 2.
1421 1397 1511 1431 dixi-

123 1468 221 1500 mus,
258 1457 363 1491 facilc
394 1456 544 1499 senties,
578 1468 684 1500 quam
715 1457 804 1491 bene
837 1457 875 1490 in
905 1468 1065 1500 praepos.
1097 1469 1177 1491 cum
1201 1457 1272 1492 abl.
1295 1456 1381 1490 huic
1404 1458 1512 1491 verbo

122 1517 328 1562 conveniat,
353 1517 389 1550 in
412 1529 482 1561 quo
507 1518 633 1561 quietis
655 1522 691 1553 et
713 1517 880 1551 immotae
903 1518 993 1552 sedis
1017 1518 1113 1553 notio
1137 1518 1336 1562 praevalet3
1366 1520 1413 1553 cf.
1437 1519 1511 1552 Du-

122 1579 195 1614 ker.
219 1579 264 1612 ad
288 1579 365 1613 Liv.
390 1579 416 1622 l,
444 1578 499 1620 18,
523 1579 557 1613 8.
583 1583 617 1614 et
639 1580 761 1616 Davis.
789 1580 834 1614 ad
859 1579 931 1614 Cic.
956 1579 999 1613 de
1022 1579 1064 1614 N.
1089 1580 1131 1614 D.
1159 1580 1187 1620 1,
1210 1579 1269 1621 20,
1292 1576 1350 1613 54.

212 1640 248 1684 ἓ.
272 1639 307 1680 2.
353 1643 504 1674 ceterum
527 1641 738 1687 exercitum]
769 1641 871 1686 Quod
907 1639 1117 1675 Gerlachius
1148 1645 1299 1675 ceterum
1324 1652 1433 1674 exerc.
1457 1639 1510 1673 in-

119 1705 330 1746 terpretatur
353 1701 584 1745 reliquam
606 1708 747 1746 partem
779 1703 968 1741 exercitus,
1008 1700 1226 1744 quidcunque
1257 1701 1401 1735 interest
1421 1701 1510 1737 iuter

119 1768 270 1798 ceterum
293 1765 328 1796 et
350 1762 536 1802 relicuum,
559 1763 658 1797 nullo
682 1763 787 1798 modo
811 1766 921 1808 potest
945 1761 1042 1804 ferri,
1066 1761 1133 1795 nisi
1158 1762 1248 1796 forte
1268 1763 1400 1797 sufficit
1423 1763 1510 1796 alte-

117 1836 198 1859 rum
221 1835 284 1868 per
312 1823 463 1858 alterum
492 1823 670 1868 explicare
700 1828 740 1860 ut
768 1830 918 1860 ceterum
950 1823 994 1858 sit
1015 1823 1203 1865 relicuum,
1237 1823 1403 1856 relicuum
1427 1832 1511 1855 vero

119 1886 237 1920 valeat
270 1888 432 1919 ceterum.
478 1884 600 1929 Neque
631 1889 748 1920 tamen
774 1884 926 1929 amplius
953 1883 1127 1919 satisfacit
1155 1884 1284 1917 horum
1320 1882 1507 1917 vocabulo-

119 1959 198 1982 rum
220 1945 406 1980 discrimen
423 1955 445 1979 τι
464 1946 595 1980 Beiero
617 1946 653 1980 in
676 1946 842 1981 Secbodii
865 1944 968 1979 Misc.
994 1944 1080 1980 erit.
1104 1944 1180 1978 Vol.
1204 1944 1231 1977 1.
1255 1943 1294 1976 P.
1320 1943 1347 1976 1.
1370 1954 1407 1986 p.
1426 1941 1507 1976 183.

118 2006 364 2047 constitutum,
395 2006 565 2049 nobisque
596 2006 640 2040 ad
667 2007 742 2040 cat.
766 2006 840 2047 111,
862 2003 897 2040 5.
935 2015 968 2048 p.
1001 2003 1058 2037 20.
1096 2012 1141 2036 ao
1169 2002 1329 2038 Daehnio
1352 2004 1399 2038 ad
1422 2003 1506 2046 Nep,

119 2067 213 2102 Milt.
236 2078 266 2100 c.
291 2066 354 2108 111,
373 2064 407 2103 5·
430 2077 465 2110 p.
488 2066 543 2100 19.
568 2067 752 2110 probatum
766 2091 776 2107 ‚
800 2068 986 2108 postquam
1010 2063 1170 2097 Handius
1193 2063 1236 2097 de
1258 2063 1408 2098 Particc.
1430 2064 1506 2097 Lat·

119 2128 195 2163 Vol.
220 2126 264 2161 11.
289 2139 323 2170 p.
348 2125 406 2160 33.
432 2126 570 2161 veriora
592 2125 720 2160 docuit.
767 2116 944 2160 Nimirum
968 2123 1081 2158 omnis
1111 2123 1224 2165 ratio,
1260 2134 1330 2168 qua
1352 2134 1414 2166 per
1437 2135 1505 2158 vo-

118 2200 176 2223 ces
207 2193 323 2223 cetera
356 2190 390 2220 et
419 2187 549 2220 relicua
583 2187 702 2230 aliqua
735 2196 817 2229 pars
851 2185 894 2219 ad
926 2184 1020 2219 idem
1054 2196 1165 2229 genus
1193 2188 1253 2219 aut
1283 2184 1328 2218 nd
1351 2184 1504 2218 eiusdem

118 2247 268 2283 notionis
298 2247 420 2280 orbem
451 2247 656 2291 explendum
688 2247 862 2288 refertur,
903 2248 959 2280 vel
989 2247 1150 2281 addenda
1183 2247 1317 2279 constat
1351 2245 1407 2279 vel
1443 2246 1504 2280 de-

118 2310 249 2344 mendo.
297 2307 390 2343 Nam
414 2307 444 2341 sl
468 2307 522 2349 id,
555 2308 648 2352 quod
679 2307 788 2342 alicui
819 2308 870 2341 rei
907 2312 1075 2352 tanquam
1105 2318 1186 2351 pars
1215 2305 1421 2349 opponitur,
1453 2306 1504 2340 ita

119 2370 315 2415 cogitatur,
346 2372 387 2402 ut
409 2369 498 2403 haec
520 2369 600 2413 ipsa
623 2380 705 2414 pars
728 2369 784 2403 illi
809 2367 912 2402 alteri
936 2368 1091 2402 eiusdem
1114 2366 1252 2412 generis
1275 2367 1327 2402 rei
1349 2367 1503 2402 addatur
1528 2359 1541 2369 ⁹

116 2432 173 2465 vel
195 2430 384 2465 adiicietur
408 2434 469 2464 aut
492 2430 661 2473 accedat,
694 2430 730 2464 id
762 2435 915 2476 ceterum
953 2428 1099 2470 dicitur;
1133 2427 1187 2461 sin
1218 2438 1303 2462 vero
1334 2427 1400 2462 ista
1422 2438 1504 2471 pars

116 2491 269 2526 efficitur
291 2501 352 2532 eo,
385 2490 478 2535 quod
511 2492 718 2535 relinquitur
749 2491 805 2525 vei
837 2491 1017 2534 superest,
1059 2487 1090 2521 si
1113 2487 1233 2522 demas
1256 2477 1322 2522 vel⁴
1335 2489 1503 2522 subducas

118 2553 290 2594 alterum,
320 2551 364 2585 de
397 2562 467 2595 quo
499 2551 571 2586 iam
603 2556 656 2587 est
685 2552 845 2593 dictum,
879 2551 915 2585 id
938 2550 1104 2584 relicuum
1136 2554 1199 2584 est.
1246 2549 1373 2584 Nostro
1395 2548 1504 2594 igitur

118 2615 196 2648 loco
226 2617 428 2648 ceterum
468 2608 654 2648 exercitum
680 2613 783 2650 Jlixit
814 2611 1022 2651 Sallustius,
1059 2609 1142 2654 quia
1171 2609 1393 2656 intelligebat
1424 2619 1503 2644 eam

118 2673 290 2708 exercitus
314 2676 449 2718 partem
463 2698 474 2718 ‚
498 2684 589 2718 quae
611 2673 796 2718 praesidiis
819 2674 906 2708 addi
930 2671 1080 2706 debehat
1096 2697 1109 2714 ‚
1139 2674 1179 2705 ut
1200 2672 1381 2705 universus
1404 2681 1502 2704 exer-

119 2734 210 2770 citus
241 2735 451 2779 expleretur.
509 2734 554 2770 At
584 2736 722 2779 poterat
751 2733 858 2768 etiam
891 2733 1058 2767 relicuum
1088 2731 1224 2775 dicere,
1253 2731 1284 2766 si
1317 2729 1503 2775 cogitasset
