1630 3034
431 180 790 224 IUGURTHA.
824 178 953 221 CAP.
984 177 1161 220 XCVII.
1384 181 1470 221 515

83 309 177 346 ctus
213 298 424 344 Bocchus
461 313 563 341 eum
597 311 766 357 magua
792 293 1069 339 multitudine
1091 292 1354 353 Iugurtham
1390 309 1469 337 ac-

83 398 214 444 cedit.
274 397 342 440 lta
378 396 613 439 amborum
648 393 840 437 exercitu
876 392 1113 435 coniuncto
1149 389 1360 449 Marium,
1381 390 1468 434 iam

81 496 128 538 in
157 494 350 538 hiberna
384 492 766 551 proficiscentem,
804 489 874 532 vix
899 488 965 532 L„
998 489 1011 533 1
1055 534 1058 535 ⁷
1121 493 1248 550 ‘5⁹23
1287 486 1359 531 die
1394 503 1469 531 re-

81 589 218 646 licua,
261 589 500 643 invadunt,
543 588 626 631 rati
670 592 875 641 noctem,
923 599 1039 643 quae
1083 585 1172 627 iam
1208 583 1387 640 aderat,
1426 591 1471 628 et

79 685 206 729 victis
245 686 328 729 sibi
364 685 639 728 munimento
677 683 800 740 fore,
838 688 882 725 et
920 682 956 725 si
991 682 1195 725 vicissent
1229 681 1352 724 nullo
1388 681 1468 724 im-

22 780 23 783 *
80 782 366 842 pedimento‚
399 782 502 840 quia
536 782 739 824 locorum
775 779 961 822 scientes
994 785 1141 831 erant3
1179 783 1333 820 contra
1367 778 1467 821 Ro-

80 879 221 923 manis
255 886 494 936 utrumque
524 892 674 921 casum
709 878 752 920 in
788 875 982 920 tenebris
1019 874 1320 919 difficiliorem
1354 873 1467 920 fore.

78 1017 138 1060 11,
162 1017 219 1052 16.
271 1018 511 1063 Cognitionem
547 1016 837 1061 amphiboliarum
872 1015 1086 1048 arbitramur
1117 1025 1185 1047 non
1211 1013 1311 1046 modo
1333 1013 1468 1047 nullo

79 1079 356 1113 adiumento
389 1091 481 1119 esse,
525 1079 586 1113 sed
618 1078 733 1122 potius
766 1077 959 1110 maximo
992 1075 1337 1119 impedimento.
1398 1073 1468 1107 Sed

77 1139 155 1182 quis
188 1150 256 1172 non
287 1139 381 1174 videt
412 1140 447 1174 in
471 1140 526 1174 his
550 1139 706 1173 obtinere
729 1135 947 1176 ablativum,
980 1147 1083 1179 quem
1107 1135 1247 1178 dicunt,
1273 1136 1469 1180 qualitatis,

77 1199 138 1243 qui
168 1198 205 1233 in
240 1199 430 1235 tritissimis
460 1201 640 1235 structuris
673 1199 833 1233 hahetur.
882 1197 950 1232 Sed
982 1196 1012 1230 is
1046 1207 1145 1230 casus
1177 1208 1246 1231 non
1274 1201 1387 1240 potest
1409 1208 1469 1240 per

78 1272 151 1295 esse
186 1261 333 1294 verbum
371 1273 451 1296 cum
486 1263 605 1296 dativo
639 1259 839 1299 conciliari,
872 1264 909 1293 ut
940 1257 1156 1302 significetur
1181 1257 1236 1299 id,
1263 1269 1327 1301 quo
1351 1257 1471 1300 aliqua

75 1332 142 1362 res,
166 1321 211 1355 ad
231 1321 338 1355 aliam
364 1334 437 1356 rem
464 1323 521 1357 vel
539 1332 723 1366 personam
746 1322 870 1362 relata,
894 1320 1079 1364 pertineat.
1126 1319 1214 1362 Quis
1231 1319 1324 1353 enim
1349 1320 1472 1353 Latine

78 1382 184 1417 dixit:
208 1382 299 1416 haec
323 1394 378 1416 res
402 1383 489 1416 mihi
506 1387 557 1415 est
581 1385 712 1428 magna
736 1380 905 1415 laetitia?
927 1380 1047 1423 Quare
1070 1391 1177 1423 quum
1200 1392 1242 1414 ex
1260 1383 1339 1424 sore
1363 1381 1469 1414 verbo

77 1447 115 1477 et
151 1444 218 1477 siba·
248 1443 453 1487 pronomine
486 1442 618 1486 pariter
654 1442 864 1475 munimento
899 1441 1047 1484 pendeat
1079 1445 1183 1483 atque
1205 1441 1300 1474 nullo
1324 1441 1471 1485 impedi-

76 1509 210 1546 mento,
244 1503 476 1537 certissimum
501 1508 552 1536 est
574 1503 663 1536 haec
687 1501 787 1536 tertio
811 1512 893 1534 casu
918 1512 989 1534 esse
1012 1500 1147 1544 posita,
1172 1501 1228 1534 cui
1253 1502 1302 1534 rei
1325 1502 1472 1535 minime

77 1565 195 1599 obstat
227 1566 344 1606 nullo,
377 1575 447 1606 qua
481 1562 674 1606 antiquiore
712 1561 927 1606 pronominis
964 1562 1079 1595 forma
1114 1574 1178 1595 cur
1210 1562 1397 1596 Sallustius
1419 1563 1471 1597 uti

75 1637 145 1660 nou
168 1625 338 1669 potuerit,
370 1625 495 1658 idonea
518 1634 642 1657 caussa
665 1634 733 1656 non
756 1622 986 1667 intelligitur3
1012 1623 1056 1657 cf.
1081 1623 1251 1660 Priscian.
1275 1624 1332 1667 Vl,
1357 1623 1392 1662 7,
1411 1624 1469 1659 36.

76 1698 112 1730 p.
129 1686 212 1720 243.
249 1686 313 1719 Kr.
369 1683 599 1718 Vetustissimi
636 1684 746 1719 solent
777 1684 929 1718 omnium
964 1684 1000 1717 in
1026 1685 1170 1718 —ius
1210 1686 1472 1719 terminantium

75 1748 268 1792 genitivum
283 1772 293 1789 ‚
320 1746 427 1781 etiam
452 1746 489 1779 in
512 1746 525 1779 i
549 1744 744 1790 genitivum
769 1748 804 1778 et
828 1745 864 1777 in
892 1756 911 1778 ο
936 1745 1094 1779 dativum
1125 1746 1163 1779 iu
1184 1756 1314 1791 genere
1337 1759 1470 1781 mascu-

75 1809 145 1842 lino
176 1813 211 1842 et
242 1812 363 1842 neutro
392 1810 557 1852 proferre.
597 1805 671 1839 Cic.
695 1817 729 1849 p.
753 1805 848 1839 Mur.
871 1816 900 1838 c.
925 1805 982 1848 12,
1000 1805 1059 1839 26.
1109 1806 1156 1839 Εἰ
1179 1818 1309 1851 quoque
1333 1819 1473 1841 carmen

76 1869 299 1913 compositum
344 1874 395 1902 est
425 1878 529 1912 quum
569 1866 691 1900 ceteris
734 1865 836 1899 rebus
878 1866 1085 1905 absurdum,
1128 1872 1201 1900 tum
1235 1879 1315 1901 vero
1346 1869 1472 1902 nullo

74 1930 178 1963 usui
204 1930 370 1973 utrisque.
418 1929 603 1961 Praeterea
627 1937 693 1958 non
715 1925 952 1968 improbabile
971 1925 1109 1960 videtur
1133 1932 1312 1961 auctorem
1337 1929 1381 1962 ad
1398 1929 1474 1962 evi-

76 1990 218 2023 tandam
242 1988 493 2032 cacophoniam
508 2012 518 2028 ‚
542 1998 648 2030 quam
674 1988 686 2020 ἱ
710 1988 848 2020 litterae
873 1998 1060 2020 concursus
1084 1987 1191 2021 habet
1207 2012 1217 2028 ‚
1248 1989 1342 2021 nullo
1366 2000 1472 2032 quam

75 2051 163 2083 nulli
185 2049 337 2083 scribere
359 2047 538 2082 maluisse.
560 2066 604 2073 —
629 2049 668 2081 Si
693 2049 872 2085 vicissent,
898 2057 987 2091 quae
1011 2047 1120 2081 verba
1143 2049 1352 2091 respondent
1375 2050 1474 2084 victis

80 2110 290 2154 participio,
319 2109 507 2144 Sallustius
526 2119 596 2141 nou
617 2108 703 2142 dixit
727 2108 894 2142 orationis
919 2107 1111 2146 variandae
1135 2119 1260 2142 caussa
1275 2135 1284 2150 ,
1308 2110 1368 2142 sed
1392 2111 1474 2154 quia

76 2173 171 2206 deest
203 2170 427 2215 participium
463 2168 549 2213 perf.
588 2168 709 2202 activi.
740 2186 787 2192 —-
835 2170 944 2202 Casus
974 2168 1012 2203 h.
1046 2170 1068 2202 l.
1104 2180 1215 2212 neque
1245 2169 1473 2211 infortunium

81 2233 280 2279 significat,
304 2237 342 2267 ut
363 2243 392 2264 c.
410 2230 542 2269 xxm,
566 2229 613 2270 2.,
637 2240 749 2273 neque
774 2230 989 2262 commodam
1007 2231 1230 2272 occasionem,
1256 2236 1294 2264 ut
1309 2243 1338 2265 c.
1364 2232 1473 2273 XXV,

76 2295 209 2335 9.,‘sed
232 2294 324 2338 quod
348 2293 487 2326 fortuna
511 2291 613 2325 dante
637 2290 735 2334 quasi
760 2290 795 2322 in
818 2295 1028 2323 tesserarum
1051 2291 1133 2324 ludo
1157 2291 1338 2335 ceciderit,
1365 2303 1473 2336 quam

24 2382 30 2385 e
78 2358 287 2398 potestatem
316 2352 417 2387 verbi
449 2352 574 2385 cadere
606 2350 863 2385 illustravimus
896 2351 939 2384 ad
973 2350 1080 2384 Catil.
1113 2363 1142 2385 c.
1175 2352 1260 2390 XX,
1295 2351 1328 2385 2.
1357 2364 1389 2396 p.
1414 2353 1472 2388 96.

76 2413 204 2448 Sensus
226 2419 278 2448 est
300 2413 430 2458 igitur:
455 2417 709 2455 utrumcunque
732 2411 909 2445 cecidisset
934 2430 976 2437 —
1004 2411 1181 2446 difficilius
1206 2412 1291 2446 fore.
1315 2432 1360 2438 —
1387 2414 1476 2448 Fore

77 2479 154 2518 pust
177 2475 407 2517 difficiliorem
430 2473 466 2507 iu
490 2477 654 2517 quattuor
677 2472 776 2506 codd.
801 2475 852 2504 est
876 2475 956 2505 ante
978 2473 1278 2515 comparativum3
1307 2466 1386 2507 octo
1413 2473 1477 2508 alii

79 2535 154 2568 eius
178 2535 258 2569 loco
283 2535 413 2568 habent
440 2545 532 2575 esse,
557 2534 592 2567 in
617 2532 731 2568 tribus
754 2542 838 2565 vero
862 2531 1008 2564 verbum
1032 2532 1134 2575 plane
1157 2533 1262 2575 deest,
1297 2535 1386 2567 unde
1415 2547 1476 2568 su-

79 2594 189 2637 spicio
213 2594 277 2634 fit,
313 2593 476 2628 librarios
508 2594 543 2627 id
574 2591 750 2633 intulisse,
782 2590 986 2635 pracsertim
1018 2602 1126 2634 quum
1150 2592 1265 2627 oratio
1290 2605 1332 2627 eo
1355 2595 1476 2627 addito

80 2656 236 2699 paullum
260 2656 405 2700 langere
428 2655 608 2696 videatur,
630 2652 755 2687 eodem
778 2651 838 2684 vix
861 2661 1078 2697 praegresso.
1126 2652 1196 2687 Sed
1219 2665 1327 2697 quum
1351 2655 1476 2698 optimi

81 2715 179 2748 codd.
211 2725 330 2749 omnes
363 2720 398 2750 et
430 2721 609 2759 praeterea
642 2723 685 2747 ex
703 2711 826 2747 ceteris
850 2711 1009 2756 plerique
1039 2711 1076 2746 in
1101 2714 1246 2758 vulgata
1269 2715 1474 2759 conspirent,

82 2774 257 2811 noluimus
277 2776 439 2811 Curtium
464 2775 616 2819 imitari,
642 2773 704 2819 qui
725 2772 850 2818 cupide
874 2771 999 2808 omisit.

1079 2844 1190 2890 33*
