1630 3034
383 180 724 222 CATILINA.
791 181 927 233 cAP.
958 183 1147 231 XLVllL
1356 188 1441 228 219

66 294 271 354 Namque
313 298 400 342 alia
445 299 555 344 belli
610 297 809 340 facinora
853 298 1051 356 praedae
1102 299 1246 359 magis
1300 308 1482 359 quam2

24 445 25 449 Ἰ
65 385 330 432 detrimento
367 390 492 446 fore,
539 389 794 433 incendium
829 404 936 434 vero
972 390 1179 445 crudele,
1214 392 1441 436 immode-

63 484 222 533 ratum,
259 495 312 524 ac
334 481 415 524 sibi
450 496 655 524 maxume
679 481 988 525 calamitosum
1024 482 1235 538 putabat3
1271 483 1444 541 quippe

64 569 136 612 cui
171 583 324 614 omnes
360 571 519 631 copiae
554 573 599 617 in
634 587 715 616 usu
745 572 970 616 cotidiano
1007 578 1052 615 et
1086 573 1208 616 cultu
1244 575 1446 632 corporis

64 666 199 708 erant.
277 662 386 707 Post
430 679 532 707 eum
575 664 695 708 diem
753 663 936 721 quidam
981 663 1035 709 L.
1069 664 1338 721 Tarquinius
1387 664 1445 708 ad
1469 670 1495 709 3

7 829 11 836 ι
62 791 128 825 nisi
151 792 244 827 enim
266 805 329 838 per
350 795 502 839 synesin,
526 797 569 829 dc
592 806 661 838 qua
685 795 833 829 diximus
858 795 901 828 ad
925 807 955 830 c.
975 796 1137 836 xxxix,
1157 796 1203 837 3.,
1229 797 1338 840 erepti
1360 796 1447 830 scri-

2 855 10 866 Χ
61 848 185 892 batur,
209 863 277 885 non
299 856 393 886 recte
416 852 561 896 pluralis
585 853 626 886 ad
652 864 894 898 praegressum
917 855 1032 897 plebes
1056 854 1181 887 referri
1204 853 1343 897 poterit.
1378 853 1446 887 Ac-

61 907 153 940 cedit
184 910 275 952 quod
300 909 412 944 oratio
437 911 557 943 eodem
591 921 735 943 numero
760 909 998 952 continuatur3
1021 912 1171 955 putabat
1195 911 1287 944 enim
1312 910 1357 944 ab
1381 921 1445 943 eo-

61 963 140 997 dem
174 965 332 999 subiecto
364 968 509 1010 pendet,
544 971 578 1000 et
610 971 772 1011 sequente
795 968 943 1002 relativo
975 969 1029 1001 cui
1053 967 1137 1001 satis
1160 968 1341 1009 firmatur,
1365 967 1446 1001 licet

61 1019 98 1053 in
121 1021 273 1056 Fahr.2.
298 1027 332 1058 et
354 1025 435 1058 Bas.
455 1025 488 1059 4.
510 1026 685 1069 putabant
708 1031 889 1059 exaratum
913 1026 966 1060 sit.
993 1026 1182 1060 Praeterea
1205 1025 1287 1058 Bas.
1309 1023 1342 1056 3.
1361 1024 1444 1068 agi-

62 1082 139 1111 tare
178 1080 338 1124 exhibet,
369 1082 485 1117 scriba
526 1094 608 1118 eum
641 1094 745 1117 usum
784 1084 915 1126 oblito,
956 1094 1060 1127 quem
1109 1082 1361 1117 illustravimus
1400 1081 1445 1115 ad

62 1146 92 1170 c.
115 1136 206 1179 XVI,
234 1137 266 1172 2.

153 1196 186 1236 ἓ.
210 1195 244 1234 2.
285 1197 390 1240 sore]
422 1197 601 1230 Immerito
633 1198 702 1231 hoc
732 1197 900 1239 verbum,
934 1196 1027 1240 quod
1058 1207 1177 1230 ornnes
1208 1195 1308 1229 codd.
1334 1205 1442 1239 agno-

62 1256 179 1291 scunt,
204 1253 343 1287 eortius
366 1255 511 1295 dclevit3
548 1255 766 1289 incommode
797 1266 881 1288 vero
916 1253 1022 1287 etiam
1046 1253 1255 1288 Gerlachius
1277 1251 1445 1285 semicolo

62 1313 142 1352 post
170 1309 206 1342 id
240 1310 473 1354 interpunxit,
511 1324 580 1355 quo
613 1316 752 1355 praeter
784 1311 1024 1345 necessitatem
1053 1316 1181 1354 putare
1215 1309 1377 1354 cogimur
1409 1308 1446 1341 iu

63 1366 173 1409 priori
206 1369 365 1402 membro
399 1370 575 1413 supplere,
608 1371 702 1413 quod
733 1373 852 1403 tamen
876 1369 973 1402 adest
1004 1367 1041 1401 in
1073 1367 1275 1411 posteriore.
1331 1366 1446 1401 Multo

64 1427 156 1457 certe
184 1425 377 1469 simplicior
406 1431 523 1460 nostra
547 1427 766 1460 construendi
795 1425 908 1466 ratio,
943 1435 1012 1468 qua
1035 1428 1182 1468 utraque
1205 1421 1398 1456 enunciatio
1424 1433 1448 1456 a

63 1480 172 1514 verbo
192 1483 343 1526 putabat
365 1483 401 1517 in
427 1485 495 1518 fine
518 1483 633 1527 posito
655 1484 791 1527 pendet.
817 1500 861 1507 —-
894 1482 1022 1516 Statim
1045 1486 1122 1526 post
1145 1493 1213 1515 non
1236 1481 1319 1530 satis
1344 1491 1448 1514 accu-

63 1541 140 1571 rate
172 1537 208 1571 in
234 1539 316 1583 Bip.
348 1541 606 1585 interpunctum
629 1545 703 1582 est,
729 1544 901 1574 commate
924 1543 1003 1584 post
1023 1541 1174 1584 putabat
1198 1539 1331 1583 posit03
1364 1549 1447 1572 nam

62 1595 124 1628 ubi
158 1596 284 1640 quippe
317 1610 398 1632 cum
427 1600 573 1633 relativo
607 1598 835 1632 indicativum
867 1598 982 1642 regit,
1024 1596 1195 1630 sententia
1226 1601 1450 1640 antegressae

62 1653 295 1687 enunciationi
317 1666 385 1689 non
410 1660 577 1700 tanquam
603 1667 683 1700 pars
706 1654 900 1688 necessaria
925 1654 1164 1695 adhaerescit,
1190 1654 1249 1687 sed
1273 1653 1449 1697 integram

62 1708 142 1753 ipsa
178 1711 456 1747 enunciationem
501 1713 701 1754 constitnit,
751 1724 831 1745 cum
872 1712 982 1756 priori
1021 1724 1089 1746 non
1132 1711 1267 1745 interno
1309 1721 1449 1744 caussa-

61 1778 142 1800 rum
165 1779 254 1802 nexu
278 1771 490 1814 copulatam.
544 1771 661 1814 Quum
685 1769 797 1814 igitur
819 1770 1010 1803 sententiae
1032 1769 1099 1803 isto
1126 1769 1230 1803 modo
1254 1779 1321 1801 non
1346 1767 1451 1801 aliter

63 1830 290 1860 annectantur
320 1833 426 1872 atque
455 1840 538 1861 nam
562 1827 756 1872 particula,
780 1838 918 1861 comma
951 1839 1019 1861 non
1042 1826 1174 1861 sufficit
1197 1826 1241 1859 ad
1265 1829 1451 1868 utramque

63 1883 343 1918 enunciationem
376 1885 678 1930 distinguendam,
711 1885 803 1928 quod
826 1896 923 1918 secus
948 1888 1019 1926 est,
1054 1884 1114 1917 ubi
1138 1883 1262 1928 quippe
1286 1883 1345 1927 qui
1369 1893 1452 1915 con-

63 1939 259 1974 iunctivum
289 1941 492 1975 adiunctum
524 1942 649 1985 habet,
681 1941 981 1976 enunciationibus
1015 1940 1183 1974 nimirum
1218 1940 1269 1975 ita
1292 1940 1381 1973 inter
1413 1950 1450 1973 se

66 1997 227 2031 connexis
249 2001 285 2032 et
308 1998 480 2039 confusis,
512 2003 551 2032 ut
573 1999 745 2043 posterior
777 2010 799 2032 a
821 1999 931 2042 priori
961 1998 1082 2032 divelli
1104 2001 1264 2042 nequeat.
1312 1997 1450 2032 Notan-

65 2054 149 2088 dum
174 2058 310 2097 tamou,
333 2056 503 2090 Sallustio
526 2056 630 2090 illum
653 2056 789 2090 dicendi
813 2057 955 2089 modum
980 2056 1093 2100 magis
1116 2055 1286 2099 placuisse
1309 2058 1343 2088 ct
1366 2065 1449 2087 con-

66 2111 221 2146 iunctivo
243 2124 326 2147 eum
347 2114 452 2156 plane
474 2112 702 2155 abstinuisse3
734 2113 779 2146 cf.
805 2113 879 2146 Cat.
904 2114 1000 2155 xm,
1019 2113 1053 2148 2.
1089 2114 1164 2157 lug.
1186 2114 1212 2154 1,
1238 2111 1273 2145 3.
1309 2112 1385 2153 vn,
1413 2110 1448 2144 6.

67 2168 168 2210 xlv,
192 2168 249 2203 lo.
291 2171 379 2212 XX,
406 2170 440 2205 6.
480 2172 646 2213 xxvm,
679 2170 712 2204 1.
760 2170 920 2213 xnvm,
950 2170 983 2203 1.
1028 2170 1115 2211 LIV,
1145 2169 1179 2202 8.
1219 2169 1385 2207 LXXVI,
1414 2168 1449 2201 1.

68 2226 241 2269 LXXXV,
266 2228 323 2262 32.
368 2229 556 2272 LXXXVI,
577 2228 611 2264 3.
646 2228 791 2272 Fragm.
825 2226 932 2259 Histt.
967 2226 1027 2266 111,
1055 2226 1124 2269 11,
1144 2225 1178 2260 4.
1226 2224 1451 2259 Contrarium

69 2295 172 2318 usum
204 2285 361 2329 sequitur
394 2285 536 2326 Cicero,
571 2285 654 2329 qui,
684 2284 715 2318 si
747 2294 832 2318 vera
863 2286 915 2317 est
953 2282 1141 2316 Goerenzii
1175 2281 1372 2315 observatio
1405 2281 1450 2316 ad

70 2341 171 2375 Finn.
191 2342 250 2383 lv,
269 2343 304 2384 3,
320 2342 377 2383 7.,
409 2343 533 2387 quippe
557 2343 615 2386 qui
638 2352 814 2385 nunquam
838 2351 919 2373 cum
950 2339 1139 2374 indicativo
1164 2339 1359 2380 coniunxit,
1383 2338 1453 2372 nisi

71 2399 162 2433 forte
185 2399 317 2444 p.Mi1.
337 2399 395 2441 18,
413 2399 469 2433 47.
503 2400 655 2444 primum
686 2403 778 2432 certe
808 2398 976 2431 liberatur
1009 2397 1115 2438 Milo,
1146 2408 1214 2430 non
1245 2407 1284 2429 eo
1314 2397 1454 2429 consilio

69 2459 243 2501 profectus
275 2468 366 2499 esse,
399 2462 439 2491 ut
467 2457 690 2491 insidiaretur
720 2457 758 2489 in
789 2455 849 2488 via
874 2453 1012 2494 Gladim
1036 2453 1161 2498 quippe
1191 2454 1251 2498 qui
1281 2454 1313 2487 ci
1337 2454 1455 2488 obvius

64 2516 210 2557 futurus
243 2516 379 2548 omnino
412 2527 480 2548 uon
510 2519 608 2556 erat,
639 2525 743 2558 quem
771 2513 889 2549 locum
913 2510 1128 2547 Goerenzius
1157 2510 1209 2545 ita
1232 2511 1390 2556 refinxit,
1416 2515 1456 2546 ut

72 2571 238 2606 scriberet
260 2573 451 2617 quippe‚·
475 2571 514 2606 ei
537 2573 654 2605 obvius
679 2577 746 2607 cet.

162 2631 200 2664 in
223 2642 288 2664 usu
310 2630 482 2664 cotidiano
507 2635 541 2664 et
572 2630 665 2663 cultu
689 2626 860 2673 corporis]
900 2625 1140 2670 Antiquiorem
1165 2625 1372 2669 scripturam
1399 2636 1455 2659 co-

76 2688 230 2731 tidiano,
252 2698 361 2733 quam
381 2687 588 2722 Gerlachius
612 2689 706 2723 recte
727 2684 870 2730 recepit,
894 2687 1076 2719 servarunt
1099 2684 1181 2720 Bas.
1205 2682 1238 2718 1.
1262 2686 1297 2721 ct
1318 2683 1405 2721 Tur.
1420 2682 1454 2717 Β.
