1630 3034
421 193 785 237 IUGURTHA.·
842 193 968 236 GAP.
998 193 1200 236 LXXVI.
1421 200 1504 240 4⁰1

124 324 291 370 magna
325 314 458 368 atque
492 310 667 355 insolita
699 325 748 354 re
776 309 984 370 perculsi,
1017 308 1153 354 nihilo
1189 309 1367 371 segnius
1403 311 1504 356 bel-

123 407 216 450 lum
243 421 429 466 parare;
463 406 585 450 idem
611 407 751 450 nostri
784 407 951 452 facere.

259 502 464 546 LXXVI.
536 503 630 547 Sed
663 517 762 558 rex,
804 502 912 546 nihil
946 503 1034 545 iam
1068 501 1280 545 infectum
1313 501 1502 548 Metello

123 597 332 654 credens,
368 598 538 658 quippe
575 599 649 656 qui
680 598 838 654 omnia,
875 614 1021 653 arma,
1056 598 1166 654 tela,
1203 599 1349 654 locos,
1386 605 1501 643 tem-

120 708 260 753 pora,
297 693 490 751 denique
528 700 729 737 naturam
764 694 932 753 ipsam,
971 695 1126 738 ceteris
1162 694 1500 753 imperitantem,

120 789 332 839 industria
375 790 567 848 vicerat,
613 805 715 836 cum
758 790 906 834 liberis
951 796 995 834 et
1030 805 1193 850 magna
1240 796 1370 849 parte
1414 807 1500 851 pe-

117 971 197 994 rum
221 971 296 994 esse
319 961 540 996 confiderent.
565 982 609 987 —
632 963 702 997 Pro
725 962 833 996 nihilo
857 963 1047 1007 segnius
1081 962 1220 997 Cottius
1243 961 1391 996 coniecit
1414 962 1501 997 scri-

115 1022 268 1055 bendum
291 1033 366 1056 esse
389 1033 423 1055 n.
446 1023 604 1066 sequius,
634 1023 725 1066 quod
749 1023 841 1056 haud
865 1023 1099 1057 necessarium
1122 1027 1184 1057 est.
1233 1023 1385 1067 Vulgata
1406 1023 1500 1057 enim

116 1081 291 1126 significat
321 1082 428 1116 nihilo
461 1084 575 1117 minus
599 1084 743 1124 intenti,
778 1095 885 1127 neque
919 1085 1064 1118 remissa
1095 1094 1203 1123 cura;
1234 1083 1282 1118 cf.
1312 1083 1388 1117 Liv.
1422 1084 1498 1128 vll,

62 1131 64 1133 ‚
115 1142 175 1185 18,
200 1142 258 1176 10.
308 1143 485 1185 Consules,
508 1144 622 1179 relicti
646 1155 668 1177 a
688 1149 793 1187 parte
813 1144 950 1188 populi,
982 1155 1045 1187 per
1067 1144 1335 1187 infrequentiam
1359 1144 1498 1178 comitia

115 1203 262 1237 nihilo
294 1205 487 1248 segnius
520 1205 726 1248 perficiunt;
759 1215 792 1237 V.
829 1205 896 1238 lac.
922 1203 1075 1238 Gronov.
1099 1204 1144 1238 ad
1166 1204 1267 1237 eund.
1291 1204 1416 1245 xxvi,
1440 1204 1497 1249 12,

115 1263 151 1298 3.
172 1285 218 1290 -
243 1264 380 1298 Bellum
404 1264 428 1298 i.
454 1275 484 1297 e.
509 1265 742 1299 defensionem
767 1275 809 1298 ac
829 1275 1006 1310 pugnam,
1039 1265 1086 1298 cf.
1110 1265 1155 1298 ad
1178 1265 1281 1298 Catil.
1305 1265 1366 1306 lx,
1391 1265 1425 1300 4.

205 1325 360 1359 LXXVI.
385 1327 416 1367 ἓ.
441 1326 475 1359 l.
522 1326 609 1359 nihil
642 1326 807 1368 infectum
844 1326 894 1358 M.
930 1324 1093 1368 credens]
1123 1325 1203 1358 Hoc
1235 1325 1356 1359 ordine
1388 1327 1497 1361 verba

114 1386 250 1418 exstant
271 1384 307 1418 in
330 1385 468 1419 Fabric.
494 1385 527 1419 1.
555 1385 589 1419 2.
613 1386 696 1419 Bas.
721 1386 753 1418 1.
779 1385 814 1418 4.
838 1388 971 1428 septem
994 1384 1073 1418 aliis
1093 1384 1222 1428 Cortii,
1248 1386 1335 1419 Tur.
1361 1386 1395 1420 1.
1419 1387 1496 1422 Erl.

114 1444 206 1488 Teg.
228 1444 333 1478 Beru.
360 1445 393 1478 1.
417 1445 450 1479 3.
475 1444 588 1480 Paris.
613 1446 647 1478 b.
672 1458 701 1479 c.
719 1458 752 1479 x.
778 1458 808 1479 z.
831 1446 948 1479 Berol.
972 1444 1006 1481 1.
1031 1445 1065 1478 2.
1092 1445 1195 1479 Misn.
1222 1445 1341 1481 Goerl.
1377 1446 1416 1479 In
1437 1456 1494 1478 ce-

113 1506 198 1539 teris
225 1509 259 1539 et
289 1506 325 1539 in
357 1506 503 1549 vulgata
528 1509 578 1539 est
611 1506 699 1539 nihil
722 1507 816 1540 Med.
852 1506 916 1549 inf.
950 1504 1079 1539 Sensus
1108 1506 1204 1539 vocis
1238 1506 1401 1548 infectum
1429 1510 1494 1548 ost,

114 1565 204 1598 nihil
236 1576 332 1606 esse,
360 1566 450 1608 quod
474 1565 636 1599 Metellus
657 1567 824 1609 perficere
848 1578 914 1599 non
935 1571 1061 1609 posset.
1109 1567 1209 1609 Quae
1231 1565 1324 1599 enim
1349 1565 1494 1609 partici-

113 1625 175 1669 pia
208 1626 350 1669 perfecti
382 1637 471 1669 pass.
506 1625 542 1659 in
581 1625 830 1659 adiectivomm
863 1631 1026 1660 naturam
1061 1626 1240 1667 abierunt,
1273 1637 1316 1659 ac
1338 1626 1495 1670 deposita

110 1686 293 1730 praeteriti
315 1686 480 1730 temporis
501 1686 754 1730 significatione
773 1686 825 1720 rei
848 1691 976 1721 statum
1000 1685 1152 1730 aliquem
1174 1690 1235 1720 aut
1259 1686 1494 1721 condicionem

110 1751 313 1790 perpetuam
337 1759 377 1780 ac
402 1752 614 1781 constantem
638 1747 829 1791 designaut,
854 1758 896 1781 ea
919 1748 1078 1792 proxime
1100 1748 1266 1782 accedunt
1288 1747 1333 1780 ad
1355 1758 1492 1781 sensum

111 1806 362 1841 adiectivorum
384 1807 420 1841 in
443 1825 488 1832 -—-
513 1807 590 1841 bilis
613 1807 829 1849 exeuntium,
863 1809 1050 1842 secundum
1077 1819 1155 1842 eam
1179 1808 1372 1852 rationem,
1403 1819 1493 1851 quae

111 1866 201 1901 inter
231 1878 390 1902 caussam
422 1871 456 1902 et
486 1868 650 1902 effectum
686 1868 826 1902 obtinet.
873 1868 965 1902 Nam
990 1868 1040 1902 uti
1062 1879 1137 1911 res,
1171 1878 1260 1910 quae
1283 1879 1354 1901 non
1377 1870 1490 1912 potest

111 1928 256 1972 perfici,
289 1940 331 1963 eo
353 1928 431 1973 ipso
453 1918 584 1971 insecta
608 1931 660 1962 est
682 1932 786 1971 atque
807 1933 942 1969 manet,
972 1928 1021 1962 ita
1045 1939 1163 1961 rursus
1186 1939 1275 1970 quae
1298 1932 1493 1962 constanter

112 1988 245 2030 infecta
268 1992 341 2030 est,
376 1999 441 2032 pro
464 1989 527 2022 tali
549 1989 710 2022 habenda
733 1992 806 2029 est,
842 1999 932 2031 quae
964 1987 1086 2030 perfici
1118 1992 1273 2029 nequeat.
1321 1987 1397 2021 Non
1421 1987 1492 2021 alia

112 2053 239 2081 natura
272 2052 324 2083 cst
355 2059 476 2082 earum
503 2060 646 2089 vocum,
682 2059 829 2091 quarum
857 2050 1016 2092 exempla
1041 2049 1238 2082 afferemus.
1262 2047 1309 2080 cf.
1333 2058 1438 2090 supra
1461 2058 1493 2081 c.

112 2108 236 2149 XLlll,
261 2107 295 2142 5.
346 2108 506 2141 Metellus
529 2109 712 2143 advorsum
737 2109 879 2141 divitias
911 2109 1132 2142 invictum
1156 2109 1309 2141 animum
1332 2107 1490 2151 gerebat,

112 2168 136 2202 i.
164 2180 194 2202 e.
221 2168 312 2202 vinci
342 2169 518 2212 nescium,
555 2169 611 2202 vel
642 2168 699 2211 qui
733 2168 828 2202 vinci
859 2181 927 2202 non
951 2172 1076 2212 posset.
1150 2167 1292 2201 Hei-tel.
1309 2167 1353 2200 ad
1377 2166 1492 2201 Tacit.

111 2230 230 2274 Agric.
255 2241 284 2262 c.
309 2230 433 2269 xvul,
458 2241 492 2272 p.
513 2228 603 2261 med.
652 2229 868 2262 Lectissimos
891 2229 1113 2263 auxiliarium
1137 2229 1190 2263 ita
1216 2232 1354 2271 repente
1377 2227 1492 2261 immi-

113 2289 181 2330 sit,
216 2293 254 2322 ut
278 2288 390 2322 hostes
413 2289 501 2322 nihil
526 2289 672 2322 arduum
706 2294 769 2322 aut
802 2290 1023 2323 invictum
1047 2286 1254 2322 credideiint
1277 2288 1324 2321 sic
1350 2288 1397 2322 ad
1421 2288 1491 2322 bel-

113 2349 183 2382 lum
206 2349 431 2383 venientibus.
454 2348 537 2381 ibid.
563 2360 593 2381 c.
618 2349 779 2392 xxxin,
804 2344 856 2383 ins
897 2350 1063 2394 Agricola
1089 2350 1217 2382 laetum
1242 2352 1275 2381 et
1298 2348 1356 2381 viz·
1378 2347 1492 2383 muni-

111 2409 235 2441 mentis
267 2409 520 2442 coercitum
558 2409 701 2443 militem
736 2411 992 2444 accendendum
1019 2410 1131 2443 adhuc
1155 2413 1266 2442 ratus.
1300 2407 1388 2443 Sall.
1411 2408 1487 2453 lug.

112 2469 208 2510 XCI,
239 2468 274 2503 ⁷.
325 2470 439 2503 Genus
469 2470 644 2504 hominum
677 2471 821 2509 mobile,
852 2471 1012 2513 infidum,
1047 2481 1155 2513 neque
1188 2469 1348 2512 beneficio
1378 2479 1489 2512 neque

112 2533 205 2563 metu
228 2530 488 2564 coercitum.
517 2542 546 2564 c.
570 2531 614 2573 11,
635 2530 669 2565 3.
708 2531 852 2564 Animus
874 2532 1182 2573 incorruptus,
1207 2534 1384 2571 aeternus,
1410 2529 1490 2574 agit

113 2593 218 2632 atque
251 2589 354 2624 habet
386 2595 522 2624 cuncta.
554 2591 645 2625 Plin.
668 2592 715 2624 H.
749 2591 791 2627 Ν.
822 2592 908 2633 ΧΠ,
934 2591 1000 2632 Η,
1023 2590 1080 2623 30.
1132 2589 1234 2623 Mare
1256 2590 1403 2633 scopulis
1426 2588 1489 2621 in-

115 2659 190 2696 aec
205 2660 358 2683 essum.
392 2651 438 2683 cf.
470 2650 682 2685 Boetticheri
714 2652 796 2686 Lex.
824 2652 940 2687 Tacit.
970 2662 1003 2684 v.
1036 2650 1198 2694 particip.
1221 2661 1257 2684 n.
1282 2649 1378 2694 3.-p.
1403 2648 1487 2683 310.

114 2707 328 2743 Ruddiman.
350 2710 473 2744 Institt.
510 2711 667 2746 Gramm.
698 2713 776 2746 Vol.
799 2714 845 2746 11.
868 2725 901 2756 p.
925 2711 1005 2746 374.
1028 2711 1089 2750 IV,
1111 2709 1145 2744 l.
1167 2710 1282 2744 Per-iz.
1304 2713 1338 2744 et
1359 2710 1489 2743 Bauer.

115 2767 161 2802 ud
183 2768 300 2804 Sanct.
322 2770 472 2806 Minerv.
495 2771 524 2813 1,
542 2770 598 2808 15.
622 2784 656 2817 p.
673 2772 753 2809 164.
778 2772 920 2807 Weberi
941 2769 1128 2807 Exercitat.
1148 2769 1243 2814 Styli
1265 2769 1340 2805 Lat.
1363 2768 1440 2803 Vol.
1457 2767 1487 2802 1.

182 2839 238 2884 ΙΙ.
1146 2839 1212 2885 26
