1630 3034
159 224 251 265 386
535 219 580 262 G.
610 218 926 263 SALLUSTI
958 218 1176 264 CRISPI

120 336 497 397 6tisarcessere,
532 336 651 381 Mari
682 337 890 381 virtutem
921 336 966 381 in
986 337 1127 382 maius
1157 336 1402 383 celebrare.
1453 337 1551 383 De-
1617 350 1619 352 ·

163 434 297 494 nique
344 435 504 496 plebes
551 435 615 479 sic
660 450 846 479 accensa
869 466 882 489 ‚
927 433 991 479 uti
1029 434 1215 496 opifices
1261 440 1553 497 agrestesque

164 623 231 658 fert
255 622 327 659 Cic.
352 623 483 658 Acadd.
508 624 560 664 11,
583 622 653 667 37,
676 622 758 658 119.
789 634 886 657 mens
921 623 1069 658 omnia
1098 625 1390 666 moderatur,
1426 627 1554 665 movet,

161 685 256 729 regit
272 712 282 727 ‚
315 690 349 719 et
386 686 429 718 de
453 684 553 719 Finn.
580 685 637 727 11,
659 684 718 725 25,
739 684 798 719 81.
833 686 934 719 multi
969 686 1132 730 Epicurei
1148 688 1296 729 fuerunt
1318 695 1468 730 graves,
1490 695 1554 719 nec

163 745 361 789 voluptate,
394 746 456 779 scd
496 746 612 790 officio
655 747 862 780 consilia
907 747 1220 788 moderantes,
1262 756 1353 790 quae
1394 746 1554 789 exempla

161 816 286 839 coecus
308 805 427 841 videat
446 811 563 841 nostro
588 807 665 841 loco
690 807 927 842 dissimillima
951 819 1036 842 esse.
1081 807 1256 845 wenna,
1294 805 1355 850 qui
1391 816 1456 850 pro
1479 817 1553 839 mo·

160 867 287 901 derata
311 866 449 910 scripsit
471 869 670 912 moderari,
698 869 807 903 verba
831 867 881 902 sic
904 869 1074 913 explicat:
1110 867 1172 909 „in
1195 879 1265 911 quo
1288 873 1437 911 utroque
1460 867 1553 902 iudi-

159 920 270 961 cando
282 927 411 972 -magis
433 929 548 964 studia
580 929 736 973 partium
773 941 845 964 sese
868 929 1117 969 ostendebant,
1153 939 1258 971 quam
1283 929 1372 962 vitia
1396 932 1457 963 aut
1479 928 1553 962 vir-

160 993 252 1022 tutes
283 999 400 1022 eorum
432 990 715 1037 respiciebantur.
771 992 874 1035 Quae
904 988 1146 1034 interpretatio
1185 988 1318 1022 cunetis
1362 988 1552 1023 Cortianae

161 1048 279 1091 vitiis,
303 1053 338 1084 et
361 1050 523 1094 pluribus
546 1051 652 1085 etiam
677 1052 826 1086 laborat.
875 1052 945 1086 Sed
969 1062 1032 1085 cur
1063 1049 1165 1084 verbi
1186 1050 1362 1084 moderari
1383 1050 1552 1094 interpre-

160 1110 247 1145 tatio
271 1114 344 1145 tam
367 1122 493 1155 parum
517 1113 654 1147 cederet
678 1113 889 1155 editoribus,
919 1123 1043 1147 caussa
1066 1112 1158 1145 haec
1183 1111 1274 1152 fuit,
1303 1110 1396 1155 quod
1422 1111 1553 1151 studia,

160 1172 258 1206 mala
282 1175 317 1206 et
347 1173 436 1206 bona
469 1185 531 1217 pro
564 1173 718 1208 subiecto
751 1174 971 1216 habuerunt,
1003 1173 1096 1216 quod
1127 1171 1356 1206 falsissimum
1380 1181 1458 1204 esse
1479 1171 1554 1205 iam

160 1243 352 1276 pronomen
372 1245 438 1267 soa
460 1234 620 1278 quemvis
643 1235 768 1269 docere
791 1239 940 1279 poterat.
979 1234 1031 1268 Ex
1055 1233 1168 1268 altera
1188 1237 1286 1277 parte
1308 1233 1405 1266 locus
1427 1233 1553 1267 obscu-

159 1297 256 1327 ratus
281 1293 347 1327 tuit
370 1293 635 1338 interpolatione
666 1296 882 1338 scribarum,
915 1295 975 1341 qui
1000 1299 1034 1330 et
1056 1299 1232 1329 structura
1265 1293 1335 1329 loci
1358 1304 1426 1328 non
1450 1293 1554 1328 intel-

161 1353 274 1396 lecta,
299 1359 333 1389 et
363 1355 525 1389 insolenti
548 1355 646 1390 verbi
670 1357 786 1391 forma
811 1357 936 1391 ostensi
959 1356 1061 1391 varia
1089 1360 1274 1392 tentarunt.
1321 1355 1411 1390 Nam
1435 1356 1554 1390 mode-

159 1415 310 1457 rabant,
340 1416 432 1460 quod
465 1416 658 1459 edidimus,
692 1418 932 1452 tantummodo
964 1421 1076 1452 exstat
1108 1416 1143 1450 in
1179 1416 1258 1452 Vin.
1282 1415 1316 1449 l.
1339 1415 1493 1461 fabric.
1519 1416 1552 1450 l.

160 1477 330 1521 Tegerns.
355 1482 390 1511 et
412 1478 532 1512 Berol.
558 1477 614 1520 2.;
638 1478 696 1512 his
719 1491 828 1524 prope
851 1480 1019 1514 accedunt
1041 1477 1179 1512 Fabric.
1199 1477 1236 1512 2.
1256 1476 1377 1511 Guelf.
1399 1477 1434 1511 2.
1459 1476 1493 1512 3.
1517 1476 1553 1511 9.

160 1537 256 1571 Leid.
282 1538 326 1572 G.
351 1538 455 1572 Bern.
482 1538 516 1572 3.
541 1539 708 1572 Eichhot'.
734 1543 768 1572 et
793 1539 996 1572 Emmeran.
1021 1538 1082 1583 qui
1106 1539 1238 1572 habent
1261 1537 1556 1578 moder-abamita

160 1597 195 1631 in
219 1599 343 1632 ceteris
369 1598 502 1644 legitur
531 1600 590 1633 vel
623 1601 806 1634 moderata
838 1604 940 1643 sunt,
975 1601 1032 1634 vel
1065 1601 1257 1634 moderata.
1306 1600 1494 1634 Praeterea
1517 1597 1553 1633 in

93 1653 100 1664 ⁸
160 1659 238 1694 edd.
265 1659 396 1703 antiqq.
422 1660 489 1694 fuit
511 1661 731 1702 moderatur,
755 1661 1000 1703 moderantur,
1025 1665 1059 1695 et
1086 1661 1279 1701 moderari,
1302 1660 1395 1704 qnod
1419 1665 1553 1704 postro-

160 1731 256 1754 mum
295 1721 449 1755 Weisins
497 1732 539 1754 ex
585 1720 794 1766 Gryphiana
841 1720 924 1754 min.
966 1721 1167 1765 nuperrime
1206 1721 1355 1765 repetiit.
1418 1719 1551 1764 Quodsi

159 1781 298 1826 quaeris
330 1782 421 1815 unde
451 1782 540 1816 haec
574 1782 692 1816 omnia
725 1785 801 1815 orta
832 1781 924 1821 sint,
957 1782 1204 1825 respondemus
1235 1793 1275 1815 ex
1307 1780 1550 1822 moda-abant,

161 1855 229 1877 non
254 1843 368 1877 solum
394 1842 509 1877 activa
532 1843 630 1876 verbi
655 1843 771 1876 forma
794 1840 952 1886 insolita,
991 1843 1048 1876 sed
1074 1842 1181 1876 etiam
1206 1842 1363 1876 subiecto
1386 1842 1551 1876 enuncia-

158 1903 263 1938 tionis
285 1904 334 1938 ita
357 1904 555 1947 recondito,
582 1908 621 1938 ut
643 1903 780 1938 scribae
804 1913 869 1946 pro
895 1906 1000 1946 captu
1021 1914 1085 1937 suo
1110 1902 1358 1947 expeditiorem
1382 1902 1553 1937 rationem

161 1965 349 2000 ineundam
374 1968 562 1999 censerent.
610 1963 816 1998 Subiectum
849 1967 902 1998 est
934 1968 1051 1998 autem
1074 1965 1211 2009 plebes,
1247 1964 1338 2008 quod
1363 1975 1424 2008 per
1446 1975 1551 2009 syne-

159 2026 212 2060 sin
237 2026 328 2061 inest
351 2026 386 2060 in
411 2026 653 2067 moderabant,
677 2029 716 2059 ut
740 2025 861 2069 paullo
885 2027 967 2059 ante
995 2025 1030 2059 in
1057 2030 1274 2070 acceperant,
1295 2029 1329 2059 et
1352 2024 1396 2058 ad
1416 2025 1552 2069 plebe-

159 2086 267 2121 etiam
304 2091 460 2131 spectant
493 2087 603 2121 verba
638 2088 726 2120 bona
758 2091 822 2121 aut
855 2087 951 2120 mala
986 2097 1080 2120 sua.
1134 2086 1317 2120 Moderato
1339 2088 1458 2120 autem
1482 2096 1552 2129 quo

158 2158 259 2180 sensu
283 2147 415 2181 dictum
441 2147 498 2190 sit,
525 2148 629 2182 facile
651 2159 671 2181 e
694 2146 861 2191 primaria
887 2147 987 2181 verbi
1011 2150 1180 2191 potestate
1200 2146 1434 2192 cognoscitur.
1457 2146 1552 2182 Nam

160 2208 342 2242 moderare
370 2208 424 2241 vel
457 2210 634 2243 moderari
664 2208 798 2253 aliquid
828 2208 1004 2254 significat
1041 2207 1175 2251 aliquid
1205 2207 1388 2243 instituere
1418 2219 1462 2243 ac
1494 2219 1551 2242 re-

159 2279 263 2313 gere3
288 2279 378 2312 quae
400 2274 518 2303 autem
543 2270 719 2315 regimus,
755 2269 797 2303 iis
821 2281 940 2303 sumus
968 2268 1113 2310 intenti,
1143 2279 1186 2303 ea
1209 2273 1409 2313 spectamus
1430 2271 1465 2303 et
1487 2280 1550 2303 eu-

161 2340 291 2363 rmnus.
339 2330 459 2373 Quare
490 2331 598 2366 totius
619 2330 686 2366 loci
711 2342 828 2364 sensus
851 2330 911 2364 hic
935 2333 1007 2364 est:
1031 2329 1065 2363 in
1090 2333 1238 2373 utroque
1271 2329 1313 2374 (i.
1339 2340 1370 2363 e.
1393 2335 1550 2374 respectu

160 2390 341 2433 utriusque
365 2390 456 2433 viri,
487 2392 536 2426 cr.
571 2392 615 2426 ad
648 2391 752 2425 Catil.
786 2391 851 2433 LI,
884 2389 940 2425 35.
967 2403 1001 2435 p.
1025 2390 1125 2433 256.)
1162 2390 1277 2436 magis
1300 2390 1425 2425 intenti
1446 2396 1549 2426 erant
1612 2405 1624 2419 x

161 2452 298 2496 (plebs)
324 2452 358 2485 in
383 2452 500 2486 studia
525 2452 698 2497 partium,
728 2464 835 2496 quam
869 2452 903 2486 in
929 2453 1020 2486 bona
1043 2457 1105 2487 eut
1126 2453 1222 2486 mala
1245 2462 1328 2493 sua3
1351 2451 1446 2485 nivea
1469 2461 1547 2485 rna-

161 2512 218 2557 gis
248 2514 486 2556 quaerebant,
520 2514 694 2556 quomodo
727 2514 911 2548 adversam
944 2513 979 2547 in
1011 2512 1156 2547 civitate
1178 2515 1311 2556 partem
1335 2511 1546 2557 affligerent,

160 2584 267 2616 quintu
292 2574 467 2616 quomodo
490 2574 557 2608 sibi
580 2574 664 2618 ipsiu
687 2575 936 2619 prospicerent.
983 2575 1088 2609 videa
1109 2574 1221 2620 igitur
1239 2574 1414 2618 scriptura
1437 2582 1461 2606 ι
1483 2583 1544 2607 no-

162 2634 215 2667 bis
240 2639 377 2677 revepta
405 2647 471 2669 non
503 2636 617 2669 solum
649 2636 876 2670 difficultates
899 2635 1004 2670 totius
1035 2640 1229 2671 structurae
1252 2646 1294 2669 ac
1316 2633 1542 2679 significatio-

161 2695 213 2729 nis
237 2696 332 2729 verbi
364 2697 462 2737 tolli,
490 2697 548 2730 sed
584 2698 804 2740 praeclaram
835 2698 941 2731 etiam
973 2697 1177 2731 sententium
1205 2707 1247 2730 en
1269 2694 1465 2736 contineri,
1496 2694 1546 2729 ei-

159 2756 279 2789 milem
304 2756 376 2798 illi,
402 2768 506 2800 quam
531 2762 654 2792 auctor
675 2769 780 2803 supra
798 2770 828 2795 c.
853 2758 958 2800 xm,
983 2756 1016 2791 4.
1041 2757 1240 2803 proposuit,
1264 2760 1299 2791 et
1321 2755 1404 2790 huic
1427 2760 1544 2792 nostro

158 2817 235 2850 loro
261 2817 362 2850 valde
386 2819 698 2852 accommodatum.
