1630 3034
424 174 704 227 CATILJJN
714 183 765 225 ··A.
822 181 953 228 cAP.
982 182 1066 224 Lu.
1089 183 1191 224 Lm.
1413 187 1497 228 281

113 317 203 362 que
257 300 504 362 paravisse,
556 298 634 344 de.
669 296 909 354 confessis,
964 298 1092 344 sicuti
1148 298 1209 343 de
1258 297 1499 342 manifestis

113 409 263 438 rerum
307 392 589 453 capitalium,
640 404 768 435 more
824 389 1045 434 maiorum
1099 390 1371 449 supplicium
1423 405 1500 434 su-

113 483 342 529 mendum.

247 574 372 620 LIII.
474 575 724 632 Postquam
792 571 908 617 Cato
979 572 1172 628 assedit,
1247 573 1502 619 consulares

116 681 268 710 omnes
302 666 500 722 itemque
535 665 722 709 Senatus
767 679 935 723 magna
968 679 1074 723 pars
1111 665 1374 708 sententiam
1411 665 1502 707 eius

114 757 323 812 laudant,
383 757 593 800 virtutem
648 755 785 799 animi
842 754 902 798 ad
956 756 1135 800 coelum
1191 755 1362 810 ferunt,
1430 754 1506 797 alii

115 848 227 893 alios
261 848 542 906 increpantes
586 846 767 891 timidos
803 851 987 902 vocant,
1034 846 1148 891 Cato
1190 846 1334 891 clarus
1369 851 1505 903 atque

114 969 230 1003 Beier.
264 970 308 1002 ad
342 968 413 1002 Off.
442 969 479 1008 Ι,
507 968 572 1011 10,
605 968 664 1003 33.
690 988 737 993 -
782 968 921 1003 Occulte
955 969 979 1003 i.
1015 980 1044 1003 e.
1077 968 1127 1002 ita
1159 972 1199 1002 ut
1229 967 1402 1002 coniurati
1436 977 1505 1000 non

114 1027 258 1060 audiant
281 1030 343 1060 aut
367 1030 587 1071 cognoscant.
603 1045 649 1050 —-
682 1027 746 1060 Est
769 1027 906 1060 eortius
931 1026 1060 1067 omisit,
1084 1027 1126 1059 de
1149 1026 1220 1059 suis
1241 1025 1342 1058 libris
1366 1031 1504 1064 tacens3

113 1084 174 1118 sed
205 1095 325 1117 omues
349 1084 469 1118 Leidd.
494 1083 595 1116 Bass.
621 1083 752 1116 Bernn.
777 1083 917 1117 Tui-icc.
945 1094 987 1117 ac
1011 1084 1100 1128 Teg.
1125 1086 1321 1116 constanter
1343 1087 1469 1116 tenent.

208 1144 240 1183 ἓ.
265 1141 322 1175 36.
372 1142 424 1174 ita
449 1151 515 1185 ego
539 1141 680 1183 censeo]
727 1141 781 1174 Ita
804 1141 886 1174 Bas.
912 1142 946 1175 1.
983 1140 1064 1173 Scn.
1093 1140 1127 1174 2.
1158 1141 1285 1173 chss.
1321 1139 1440 1172 Gueif.
1470 1137 1504 1171 4.

115 1199 192 1234 Eri.
224 1200 422 1233 Pronomen
447 1198 611 1232 omittunt
645 1202 722 1231 octo
746 1198 865 1231 Leidd.
891 1203 925 1232 et
948 1198 1056 1231 Bern.
1078 1198 1110 1230 1.
1129 1197 1165 1230 2.
1206 1197 1356 1230 Plurimi
1387 1208 1505 1229 censeo

117 1267 207 1300 cgo3
229 1261 418 1299 utrumque
440 1256 547 1288 male.
562 1274 608 1280 —
644 1256 795 1299 Aliaque
818 1267 854 1288 se
870 1256 1004 1298 foeda‚·
1028 1267 1084 1296 se,
1109 1255 1199 1298 quod
1231 1259 1283 1287 est
1305 1254 1340 1287 in
1366 1254 1447 1287 Bas.
1468 1254 1504 1288 1.

117 1313 222 1347 Fabr.
243 1313 278 1346 1.
300 1313 333 1346 2.
368 1314 483 1347 Senat.
515 1313 549 1346 2.
584 1312 672 1346 Tur.
699 1312 733 1346 1.
772 1313 878 1347 Bern.
907 1313 942 1348 3.
969 1313 1003 1346 4.
1040 1314 1164 1346 Heuss.
1190 1312 1310 1345 Guelf.
1341 1311 1374 1344 2.
1405 1310 1439 1344 4.
1469 1311 1504 1345 9.

117 1370 233 1404 Mark-
259 1373 302 1405 Γ.
327 1374 370 1405 Λ.
396 1374 438 1405 Β.
471 1371 561 1403 Pub.
595 1369 774 1410 Nori-icc„
812 1370 1021 1404 Gerlachius
1052 1370 1185 1413 primus
1219 1369 1254 1401 in
1290 1373 1421 1402 textum
1451 1369 1506 1402 in-

117 1427 220 1469 tulit3
254 1431 369 1469 recte,
400 1427 544 1471 opium-3
574 1438 658 1461 nam
681 1426 804 1460 scribis
827 1439 896 1460 non
927 1427 1045 1460 deberi
1069 1427 1230 1467 videtur,
1264 1426 1324 1469 qui
1346 1437 1410 1470 pro
1442 1437 1506 1463 suo

116 1496 217 1518 more
249 1485 296 1519 ad
328 1485 418 1519 talia
449 1484 567 1528 potius
602 1485 746 1518 delenda
778 1486 878 1529 proni
910 1490 1000 1519 sunt.
1061 1486 1244 1519 Structura
1275 1488 1394 1517 autem
1425 1483 1509 1517 talis

117 1546 187 1583 est,
210 1543 350 1586 qualem
372 1541 625 1576 illustravimus
648 1543 693 1574 ad
717 1554 745 1575 c.
763 1543 791 1582 Ι,
819 1543 852 1575 1.
871 1562 918 1567 ——
952 1544 1024 1577 Pro
1048 1545 1187 1587 aliaque
1213 1541 1349 1576 Cortius
1371 1540 1509 1583 scripsit

118 1600 212 1642 alia,
238 1601 331 1647 quod
354 1601 441 1634 ferri
463 1600 572 1644 possit
595 1599 784 1633 seeundum
809 1611 860 1641 ea,
886 1611 976 1643 quae
999 1600 1250 1643 disputavimus
1273 1599 1317 1632 ad
1341 1611 1370 1631 c.
1388 1599 1462 1639 XV,
1473 1599 1505 1631 1.

118 1656 187 1691 Sed
219 1657 384 1700 quoniam
414 1661 485 1691 tres
519 1662 656 1691 tantum
687 1656 820 1690 Vss'assii
863 1656 946 1690 libri
977 1658 1029 1692 ita
1069 1659 1253 1698 exhibent,
1291 1655 1509 1689 rciicuorum

82 1729 87 1738 =
120 1715 278 1750 omnium
318 1715 507 1749 auctoritas
545 1715 660 1758 potior
701 1726 776 1747 esse
817 1714 930 1748 debet.
956 1734 1003 1739 -—
1043 1716 1253 1758 Manifestus
1285 1725 1315 1746 c.
1351 1712 1509 1758 genitivo

123 1773 244 1806 eodem
268 1773 373 1806 modo
398 1772 484 1806 dixit
506 1773 584 1817 Iug.
611 1772 766 1813 XXXV,
792 1771 826 1806 8.
868 1772 1044 1816 Iugurtha
1076 1773 1282 1815 manifestus
1313 1773 1405 1805 tanti
1436 1782 1510 1804 sce-

121 1829 213 1863 leris.
259 1829 374 1863 Plaut.
402 1829 510 1863 Truc.
532 1830 561 1869 1,
578 1829 613 1870 2,
631 1829 688 1863 30.
729 1830 954 1872 manifestam
984 1830 1177 1871 mendacii,
1202 1830 1317 1870 mala,
1341 1834 1375 1862 te
1398 1834 1507 1862 teneo.

119 1886 236 1921 Tacit.
270 1887 359 1920 Aun.
392 1887 495 1926 xm,
527 1886 594 1928 26,
626 1891 710 1920 extr.
750 1888 931 1920 criminum
972 1889 1172 1930 manifestos
1205 1888 1326 1920 merito
1358 1887 1407 1920 ad
1438 1897 1512 1919 ser-

119 1944 265 1978 vitutem
290 1943 433 1978 retrahi.
471 1945 515 1984 11,
534 1944 592 1986 85,
616 1945 708 1979 med.
745 1957 830 1978 uxor
854 1946 971 1978 delicti
995 1947 1193 1988 manifesta.
1217 1945 1329 1978 Con'r.

212 2001 304 2036 LIII.
352 2003 384 2043 §-
410 2001 443 2034 1.
490 2002 662 2047 itemque]
703 2002 808 2035 Bern.
831 2002 864 2036 1.
889 2004 991 2045 item,
1023 2003 1096 2036 sine
1129 2002 1280 2044 copula3
1316 2000 1376 2033 sed
1406 2011 1439 2032 v.
1465 1999 1510 2033 ad

121 2070 153 2093 c.
172 2058 311 2100 XLVII,
331 2058 366 2093 3.
384 2078 431 2083 —-
469 2059 591 2092 Clarus
625 2064 729 2103 atque
760 2071 934 2104 magnus5
965 2061 1073 2104 vulgo
1106 2060 1244 2092 inverso
1279 2058 1400 2090 ordine
1433 2068 1510 2090 ma-

121 2127 216 2161 gnus
247 2121 354 2159 atque
395 2117 528 2158 clarus,
573 2127 676 2159 quem
717 2117 875 2150 ordinem
918 2117 1127 2150 Gerlachius
1169 2115 1338 2156 deseruit,
1374 2119 1512 2148 secutus

123 2173 371 2207 auctoritatem
395 2173 495 2207 codd.
519 2174 612 2217 Teg.
637 2172 758 2207 Leidd.
782 2174 822 2207 Ε.
847 2174 889 2207 F.
914 2174 942 2206 I.
967 2173 1011 2205 K.
1035 2173 1076 2206 L.
1112 2173 1196 2205 Bas.
1216 2173 1252 2205 1.
1282 2173 1384 2206 Bern.
1410 2174 1444 2207 1,
1474 2172 1508 2206 3.

124 2231 352 2273 omniumque
383 2230 589 2264 Italicorum
624 2230 722 2262 codd.
763 2234 905 2273 excepto
944 2230 1028 2262 Ven.
1056 2229 1089 2262 2.
1121 2229 1222 2262 nobis
1261 2241 1399 2273 quoque
1430 2241 1512 2273 pro-

124 2288 266 2328 batam3
292 2298 442 2331 magnus
465 2288 559 2321 enim
582 2287 619 2320 vi
643 2290 677 2319 et
699 2286 892 2330 gravitate,
917 2290 1038 2330 utpote
1060 2287 1260 2331 generalior
1281 2287 1397 2329 notio,
1425 2299 1511 2331 prae

125 2345 238 2379 altero
261 2343 398 2378 videtur
420 2344 596 2386 eminere,
620 2350 654 2377 et
677 2344 727 2376 ita
749 2344 910 2385 demum,
943 2343 973 2377 si
996 2343 1139 2388 gravius
1162 2344 1372 2378 vocabulum
1396 2349 1512 2388 poste-

124 2403 255 2437 riorem
286 2402 402 2436 locum
434 2406 547 2444 tenet,
582 2407 685 2446 atque
717 2401 888 2444 particula
912 2407 1007 2435 recte
1029 2401 1196 2443 habebit3
1228 2412 1262 2436 v.
1287 2402 1332 2435 ad
1354 2403 1422 2444 LI,
1451 2402 1508 2436 10.

125 2460 201 2502 L11,
222 2459 279 2494 26.
327 2459 523 2502 Receptum
565 2459 720 2492 ordinem
759 2464 938 2502 practerea
979 2459 1161 2492 confirmat
1202 2459 1363 2503 geminus
1394 2460 1513 2494 Taciti

125 2518 224 2552 locus
246 2516 366 2561 Agric.
399 2526 428 2548 c.
460 2516 516 2550 18.
557 2527 592 2559 1).
623 2527 671 2549 m.
706 2517 819 2549 clarus
851 2528 892 2550 ac
929 2528 1080 2562 magnus
1110 2517 1232 2550 haberi
1261 2517 1436 2561 Agricola.
1466 2536 1513 2543 —

127 2575 291 2609 Habetur
331 2572 471 2607 eortius
506 2583 689 2617 perperam
724 2574 845 2607 eodem
884 2585 986 2608 sensu
1024 2575 1157 2608 dictum
1197 2574 1292 2616 vult,
1328 2586 1397 2617 quo
1420 2575 1455 2616 1,
1478 2575 1511 2608 4.

126 2633 249 2666 virtus
267 2631 364 2665 clara
396 2635 607 2675 acteniaqnc
638 2631 856 2672 habetur,
895 2631 957 2664 nbi
989 2643 1024 2665 v.
1059 2643 1133 2666 nos.
1191 2632 1270 2664 Hoc
1310 2632 1389 2664 loeo
1422 2631 1513 2664 nihil

128 2689 226 2724 aliud
260 2692 334 2732 est,
368 2699 474 2733 quam
503 2689 714 2733 putabatur,
753 2690 1035 2733 praedicabatur.
1084 2690 1215 2724 Contra
1251 2688 1390 2730 videtur
1423 2691 1514 2725 Get-
