1630 3034
387 167 743 211 IUGURTHA.
808 167 938 211 CAP.
968 168 1100 212 XCV.
1347 173 1432 212 509

50 286 232 332 callidus
269 291 313 330 et
348 286 536 329 amicitia
570 284 734 338 facili53
781 284 840 329 ad
876 283 1121 328 simulanda
1155 285 1335 346 negotia
1361 285 1430 328 al-

47 384 190 428 titudo
225 383 376 444 ingeni
410 381 702 435 incredibilis;
737 382 978 426 multarum
1004 397 1152 426 rerum
1183 396 1236 425 ac
1271 397 1429 425 maxu-

44 509 105 553 qui
129 512 271 553 propter
292 512 431 552 turpem
454 507 622 552 pecuniae
650 507 845 551 cupidinem
869 507 1089 541 detestabiles
1111 507 1316 551 videntur),
1339 506 1428 540 nisi

45 572 119 614 (sc.
149 581 192 603 eo
225 568 411 603 excusandi
442 568 548 611 sunt)
578 569 692 613 quod
723 579 850 601 merces
885 569 928 601 ab
963 579 1024 611 eo,
1061 568 1120 612 qui
1153 568 1268 602 iubere
1301 571 1427 611 potest,

42 631 112 664 vim
135 631 350 664 necessitatis
371 630 486 673 affert.

44 689 48 690 ⁷
134 692 178 725 de
201 694 332 732 uxore]
357 688 525 725 Nonnulli
548 684 601 722 dev
616 689 690 723 sola
713 688 854 722 Valeria
876 688 1094 734 intelligunt,
1120 699 1227 732 quam
1249 687 1351 722 Sulla
1372 700 1427 722 se-

42 763 126 793 nex,
150 750 349 785 meretricio
376 761 475 784 more
497 750 533 783 in
556 750 693 783 theatro
716 747 783 792 ipsi
806 748 1047 790 insidiantem,
1081 761 1225 783 uxorem
1249 749 1367 790 duxit,
1387 754 1426 783 ut

39 823 122 846 sane
154 823 222 846 non
251 811 440 845 admodum
470 811 613 845 honeste
646 810 840 854 quaesitam
873 810 989 854 dicas,
1021 815 1109 844 teste
1132 811 1341 851 Plutarcho,
1364 809 1424 853 qui

41 872 77 906 in
101 873 174 907 vita
198 872 319 906 Sullae
342 883 371 905 c.
398 871 542 905 XXXV.
566 874 652 905 extr.
677 870 746 906 οὐκ
769 869 808 906 ἐκ
833 869 1046 916 σώφρονος,
1072 871 1200 915 inquit,
1224 872 1285 907 καὶ
1310 872 1425 917 καλῆς

42 932 171 979 ἔγημεν
196 931 320 978 ἀρχῆς.
369 930 439 964 Sed
464 942 571 975 quum
596 935 700 966 antea
727 933 845 976 plnres
869 932 1014 966 haberet
1039 944 1162 966 uxores
1186 936 1220 967 et
1244 933 1423 968 nihilomi-

39 1006 104 1029 uus
143 998 310 1038 perpetuo
348 994 499 1028 aliarum
532 991 723 1026 mulierum
763 992 923 1035 turpibus
956 994 1136 1027 amoribus
1167 994 1346 1036 haereret,
1390 995 1425 1028 id

39 1055 133 1099 quod
156 1054 366 1099 intelligitur
389 1067 430 1089 ex
454 1054 573 1089 multis
598 1053 781 1087 Plutarchi
804 1053 915 1096 locis,
941 1053 992 1097 (v.
1016 1065 1047 1087 c.
1073 1054 1131 1096 VI,
1155 1058 1239 1088 extr.
1265 1056 1423 1099 xxxvl,

38 1115 85 1150 in.
120 1116 202 1150 coll.
235 1117 353 1150 verbis
383 1127 489 1160 supra
519 1118 553 1158 §.
577 1114 612 1149 3.
645 1113 781 1157 allatis,
815 1125 906 1157 quae
938 1126 980 1147 ex
1014 1118 1131 1148 nostro
1163 1115 1241 1149 loco
1274 1129 1343 1150 non
1367 1130 1422 1151 ex-

36 1188 154 1222 pressa
187 1181 291 1218 sunt,
330 1177 390 1211 sed
421 1188 503 1210 eum
537 1176 625 1209 bene
665 1174 861 1219 illustrant)
899 1175 1025 1209 melior
1060 1175 1197 1209 videtur
1230 1178 1355 1223 Langii
1387 1183 1423 1214 et

35 1238 146 1272 Fabri
176 1237 363 1278 sententia,
402 1237 462 1281 qui
492 1236 608 1271 uxoris
634 1237 806 1269 vocabulo
837 1239 976 1270 censent
1007 1235 1134 1270 latiore
1157 1249 1257 1272 sensu
1281 1240 1421 1274 omnino

35 1310 108 1333 rem
139 1299 316 1339 uxoriam,
348 1309 438 1342 quae
468 1296 691 1331 matrimonio
722 1297 866 1330 colendo
899 1300 1054 1340 constat,
1080 1297 1257 1343 designari
1281 1319 1325 1324 —
1353 1301 1420 1335 Po·-

35 1360 104 1394 tuit
133 1358 337 1392 Latinorum
369 1369 466 1392 more
497 1362 594 1392 extra
625 1358 863 1391 condicionem
897 1358 1045 1401 positum
1071 1362 1141 1400 est,
1169 1360 1230 1393 ubi
1256 1372 1320 1395 nos
1343 1373 1420 1396 rem

33 1431 75 1453 ex
98 1419 310 1464 cogitatione
330 1431 533 1463 suspensam
558 1419 777 1453 coniunctivo
798 1418 977 1462 praeteriti
994 1420 1159 1463 temporis
1182 1422 1420 1458 enunciamus.

35 1480 210 1515 Nonnulla
239 1480 283 1512 de
316 1480 386 1513 hoc
424 1492 490 1514 usu
525 1479 676 1513 diximus
699 1480 743 1514 ad
778 1481 853 1514 Cat.
885 1480 948 1522 Ll,
974 1479 1006 1512 4.
1035 1491 1067 1523 p.
1092 1479 1172 1514 236.
1221 1481 1420 1527 Diligenter

34 1552 116 1575 eum
147 1539 321 1585 persecuti
357 1543 436 1573 sunt
468 1540 670 1585 Kruegerus
700 1542 859 1584 Quaestt.
894 1540 936 1574 de
969 1541 1046 1574 Lat.
1078 1540 1181 1585 Ling.
1214 1542 1289 1575 vol.
1315 1543 1359 1576 Π.
1382 1555 1415 1586 p.

31 1601 101 1636 363
125 1613 197 1645 sqq.
228 1600 436 1634 Kuehnerus
473 1601 518 1634 ad
544 1601 615 1636 Cic.
645 1602 770 1636 Tusce.
804 1602 833 1645 Ι,
858 1600 916 1642 49,
945 1600 1024 1634 116.
1059 1604 1092 1635 et
1116 1601 1159 1634 ad
1191 1602 1242 1644 Il,
1276 1603 1333 1644 19,
1359 1602 1416 1638 45.

30 1661 121 1707 Aug.
144 1661 312 1695 Matthias
336 1661 380 1694 ad
397 1671 448 1693 or.
472 1660 507 1694 in
532 1661 633 1696 Catil.
659 1664 718 1705 111,
736 1663 769 1704 9,
795 1663 852 1696 22.
874 1666 907 1696 et
927 1662 1155 1695 Frotscherus
1180 1662 1223 1696 ad
1248 1664 1417 1707 Quinctil.

31 1723 77 1765 X,
102 1722 136 1765 1,
167 1721 249 1757 118.
282 1733 315 1765 p.
342 1720 420 1754 102.
442 1721 476 1754 b.
510 1739 556 1745 ——
590 1723 774 1757 Cousulere
805 1734 884 1757 cum
917 1722 1086 1757 adverbio
1120 1725 1340 1758 coniunctum
1365 1729 1417 1760 est

31 1770 174 1817 coasilia
197 1782 271 1816 sive
295 1782 426 1827 agendi
448 1782 619 1817 rationem
642 1784 731 1818 inire
755 1790 788 1819 et
807 1785 902 1829 sequi
911 1798 923 1826 ,-
947 1786 1003 1818 cf.·
1018 1785 1092 1818 Cat.
1112 1784 1167 1826 LI,
1190 1783 1223 1816 4.
1274 1784 1414 1829 Magna

30 1844 117 1878 mihi
139 1844 238 1888 copia
262 1848 313 1878 est
336 1844 572 1885 memorandi,
607 1857 722 1889 quae
755 1856 858 1890 reges
883 1851 988 1888 atque
1008 1840 1128 1889 pop'uli
1163 1845 1283 1879 male
1316 1856 1414 1877 con-

31 1906 286 1940 caluerunt.
324 1903 461 1937 Pseudo
478 1924 491 1929 -
512 1903 600 1938 Sall.
624 1906 667 1938 de
691 1907 778 1949 Rep.
803 1906 877 1939 ord.
900 1906 927 1946 1,
952 1905 985 1946 1,
1009 1903 1043 1938 5.
1094 1905 1136 1938 Id
1160 1905 1293 1944 evenit,
1329 1906 1412 1949 quia

26 1967 181 2010 plerique
203 1975 317 1999 rerum
338 1969 498 2008 potentes
518 1975 739 2008 perverse
763 1966 1024 1999 consulunt.
1049 1964 1125 1998 Liv.
1152 1965 1263 2008 XXX,
1281 1964 1336 2006 43,
1355 1964 1411 1999 13.

33 2027 83 2060 De
112 2026 272 2072 perfugis
305 2026 523 2070 gravius,
560 2037 664 2070 quam
701 2026 744 2059 de
771 2026 940 2070 fugitivis
974 2026 1246 2059 consultum.
1272 2044 1316 2049 —
1341 2026 1413 2058 Fa·-

30 2086 160 2120 ctmdus
183 2085 434 2130 explicavimus
457 2086 502 2120 ad
536 2097 567 2120 c.
592 2086 766 2127 LXXXV,
790 2085 848 2120 26.
865 2105 912 2110 —
936 2086 1099 2120 Amicitia
1116 2087 1240 2129 facilis
1265 2086 1412 2120 Forcel-

29 2147 121 2181 linus
144 2147 180 2181 in
203 2147 286 2181 Lex.
310 2147 350 2181 L.
374 2147 623 2191 interpretatur
646 2147 757 2190 facile
789 2146 855 2179 sibi
888 2147 1015 2181 amicos
1035 2158 1190 2191 parans,
1223 2147 1315 2190 quod
1338 2147 1412 2181 fere

30 2208 195 2253 congruit
216 2219 296 2241 cum
320 2208 431 2242 Cortii
453 2207 640 2250 sententia,
662 2206 722 2251 qui
745 2206 893 2251 explicat
916 2208 1032 2252 quod
1065 2208 1126 2241 ad
1159 2192 1410 2242 amicitiam

23 2270 155 2313 facilis.
202 2268 272 2303 Sed
295 2268 379 2302 huic
411 2269 599 2304 sententiae
622 2269 800 2303 ablativus
823 2279 963 2312 prorsus
985 2267 1121 2300 alienus
1143 2270 1217 2310 est,
1249 2278 1292 2302 ac
1315 2267 1410 2301 dati-

29 2340 94 2363 vus
116 2329 231 2373 potius
249 2329 459 2374 requiritur,
482 2334 523 2364 ut
545 2329 857 2364 demonstravimus
880 2328 924 2362 ad
946 2340 976 2363 c.
1002 2328 1091 2369 XCI,
1115 2327 1148 2363 7.
1195 2328 1271 2363 Non
1295 2328 1410 2374 magis

30 2389 115 2423 ferri
138 2393 268 2433 potest,
292 2390 384 2433 quod
407 2390 563 2435 Langius
583 2392 692 2425 verba
715 2390 962 2433 interpretatur
984 2388 1028 2422 in
1051 2388 1208 2423 amicitia
1236 2390 1408 2424 varius.

29 2450 119 2486 Nam
146 2451 269 2494 facilis
305 2451 341 2484 h.
379 2451 403 2484 l.
437 2462 506 2485 non
542 2462 584 2485 ex
616 2450 757 2495 vulgari
798 2462 864 2495 usu
899 2453 952 2483 est
990 2450 1169 2493 expeditus
1186 2474 1197 2491 ,
1236 2450 1409 2494 proclivis,

29 2516 228 2556 promptus,
252 2511 312 2545 sed
334 2512 428 2546 valet
451 2512 565 2553 comis,
589 2512 771 2556 benignus,
791 2510 961 2555 affabilis3
984 2509 1137 2544 ablativo
1161 2513 1277 2544 autem
1301 2522 1408 2554 quum

31 2572 226 2606 accuratius
259 2571 430 2606 indicetur
461 2583 610 2615 quonam
634 2572 738 2606 modo
762 2571 863 2606 Sulla
886 2571 1009 2613 facilis
1031 2571 1157 2615 fuerit,
1182 2571 1337 2606 amicitia
1361 2571 1409 2605 si-

29 2631 174 2677 gnificat
195 2633 343 2666 amicum
366 2633 519 2665 animum
542 2632 610 2675 (sc.
636 2633 813 2676 omnibus)
838 2632 1066 2673 ostendendo,
1090 2632 1181 2676 quod
1205 2631 1288 2666 satis
1311 2642 1407 2665 com-

29 2693 131 2726 mode
156 2692 354 2728 calliditatis
376 2693 699 2727 commemorationi
729 2692 942 2738 adiungitur.
970 2710 1015 2718 —
1038 2693 1252 2727 Altitudo
1285 2692 1408 2737 ingeni

31 2756 163 2788 constat
182 2755 364 2789 condendis
385 2754 423 2787 in
445 2754 552 2787 imum
574 2765 635 2788 seu
657 2755 867 2798 profundum
888 2759 1008 2798 pectus
1030 2755 1190 2796 consiliis,
1213 2757 1252 2788 ut
1274 2752 1404 2788 nemini
