1630 3034
159 224 244 264 420
531 219 577 261 c.
607 191 935 262 SALLusrl
964 218 1183 263 cmsm

160 336 330 380 nienses
365 335 409 379 in
440 350 496 380 eo
532 336 634 381 loco
669 336 892 382 Philaenis
925 335 1138 382 fratribus
1172 352 1270 382 aras
1305 339 1542 381 consecra-
1612 347 1614 349 ·

159 447 289 486 vere3
333 431 494 490 aliique
538 432 620 478 illis
669 432 790 479 domi
825 432 1022 479 honores
1057 434 1253 479 instituti.
1324 433 1456 478 Nunc
1486 431 1544 476 ad

159 545 253 573 rem
289 528 443 574 redeo.

296 625 481 671 LXXX.
553 626 770 687 Iugurtha
815 635 1060 688 postquam
1103 627 1264 670 amissa
1298 625 1449 669 Thala
1477 624 1557 669 ni·-

158 722 222 767 hil
249 723 353 767 satis
390 723 570 767 firmum
606 730 762 768 contra
789 724 1027 768 Metellum
1062 729 1204 784 putat,
1240 738 1324 783 per
1359 737 1547 783 magnas

159 820 415 864 solitudines
452 835 555 864 cum
589 821 744 881 paucis
775 821 1005 881 profectus
1036 821 1241 880 pervenit
1276 818 1335 864 ad
1373 819 1547 864 Gaetu-

158 917 249 975 los,
286 932 428 977 genus
465 915 697 962 hominum
733 918 878 962 ferum
914 917 1218 976 incultumque
1252 923 1297 961 et
1333 930 1388 961 eo
1429 921 1548 960 tem-

158 1122 376 1157 quamquam
409 1111 560 1147 insolens
591 1116 660 1153 est,
694 1116 810 1147 tamen
843 1112 1035 1147 sententiae
1073 1115 1202 1146 natura
1233 1112 1319 1147 satis
1352 1115 1550 1146 excusatur.

157 1174 259 1207 Certe
281 1173 397 1207 minus
431 1173 708 1208 commendabile
741 1175 851 1216 foret,
885 1174 915 1208 si
948 1174 1026 1218 quis
1057 1184 1139 1207 cum
1161 1172 1269 1207 Rivio
1293 1176 1327 1207 et
1351 1172 1491 1215 Fabro,
1514 1174 1553 1205 ut

156 1234 350 1280 planiorem
382 1238 592 1269 structuram
623 1238 798 1279 tueretur,
832 1235 882 1269 ibi
915 1235 961 1269 ad
989 1234 1104 1279 ipsam
1139 1233 1238 1269 vocis
1264 1234 1351 1279 finis
1373 1233 1551 1268 notionem

157 1296 326 1340 referret,
350 1295 386 1329 in
410 1296 452 1329 iis
475 1294 742 1339 interpretatus,
777 1307 880 1339 quem
905 1296 1151 1330 adverbiorum
1179 1294 1248 1330 loci
1271 1306 1374 1329 usum
1397 1295 1553 1329 illustra-

158 1355 273 1390 vimus
296 1355 340 1390 ad
365 1356 442 1389 Cat.
478 1356 524 1398 V,
549 1356 582 1390 2.
615 1360 650 1390 et
682 1356 727 1391 ad
761 1357 839 1402 lug.
864 1356 968 1399 XIII,
993 1355 1027 1391 5.
1053 1376 1096 1383 —
1130 1356 1339 1391 Gerlachius
1359 1356 1468 1390 velint
1489 1365 1554 1400 pro

157 1417 287 1451 vellent
311 1416 532 1450 scribendum
555 1428 629 1450 csse
652 1418 838 1452 coniiciens
860 1417 1115 1464 grammaticae
1138 1417 1360 1452 inscientiam
1380 1415 1554 1462 modin—-

158 1479 212 1511 Ex
248 1477 364 1511 verbis
397 1488 500 1522 seque
534 1478 711 1524 vitamque
743 1479 817 1513 noli
850 1481 1058 1515 alterutrum
1092 1480 1244 1514 otiosum
1279 1483 1424 1523 putare3
1471 1487 1555 1511 nam

159 1538 248 1572 haec
287 1537 467 1572 coniunxit
505 1542 648 1581 auctor,
687 1543 725 1574 ut
768 1552 875 1585 quam
917 1540 1130 1586 gravissime
1170 1540 1386 1587 significaret
1415 1535 1556 1572 virtutis

159 1597 459 1644 magnitudinem,
505 1610 574 1642 qua
610 1599 773 1634 Philaeni
809 1601 949 1644 omnia,
991 1613 1082 1645 quae
1115 1601 1160 1636 ad
1203 1602 1293 1646 ipsos
1331 1598 1556 1644 pertinerent,

160 1663 235 1703 post
259 1659 394 1703 patriae
418 1658 624 1700 utilitatem,
648 1660 842 1704 potentiam
867 1665 972 1705 atque
994 1662 1148 1708 gloriam
1172 1663 1353 1697 haberent.
1398 1659 1555 1695 Eandem

161 1719 206 1754 ob
239 1731 402 1754 caussam
436 1731 627 1764 pronomen
661 1731 781 1761 sunm,
815 1725 947 1756 temere
970 1727 1004 1757 et
1027 1727 1152 1757 contra
1175 1723 1273 1757 codd.
1301 1733 1323 1756 a
1347 1720 1467 1756 Cortio
1490 1719 1555 1754 ab-

161 1779 314 1823 iectum,
340 1780 497 1821 addidit3
521 1791 555 1814 v.
581 1781 625 1815 ad
650 1793 679 1815 c.
705 1782 780 1823 XV,
805 1781 840 1816 1.
865 1794 897 1826 p.
922 1783 981 1817 93.
1027 1784 1161 1817 Eodem
1186 1783 1290 1817 modo
1315 1782 1391 1816 Cat.
1420 1779 1496 1822 LII,
1520 1778 1554 1813 8.

161 1840 249 1875 Cato
273 1840 384 1876 dicit:
420 1841 487 1884 Qui
519 1841 631 1875 mihi
666 1846 809 1888 atque
843 1844 996 1877 animo
1029 1855 1121 1878 meo
1155 1844 1284 1877 nullius
1317 1852 1469 1887 unquam
1494 1841 1556 1875 de-

161 1902 236 1936 licti
269 1902 429 1948 gratiam
457 1902 633 1945 fecissem.
666 1901 711 1935 ef.
747 1903 822 1949 lug.
849 1903 1032 1948 LXXXV,
1056 1905 1116 1941 27.
1140 1924 1185 1930 —
1215 1904 1457 1939 condonavere
1481 1901 1505 1936 i.
1524 1913 1555 1936 e.

162 1963 252 1997 dono
277 1963 375 2007 quasi
400 1963 576 2002 obtulere,
604 1962 700 2007 sive,
736 1967 775 1998 ut
799 1963 921 1998 Cicero
955 1965 998 1999 de
1020 1967 1120 2001 Finn.
1146 1967 1191 2008 11,
1216 1967 1274 2008 19,
1297 1964 1354 1999 61.
1381 1964 1425 1998 de
1447 1961 1557 1997 Decio

164 2025 340 2070 quuitur,
374 2023 592 2069 reipublicae
620 2034 658 2059 ee
692 2026 870 2060 victimam
892 2028 1094 2071 praebuere.
1120 2045 1165 2052 —
1189 2028 1241 2061 De
1270 2026 1461 2060 Philaenon
1484 2023 1558 2057 aris

164 2098 199 2122 v.
221 2087 264 2122 ad
288 2098 320 2122 c.
345 2087 451 2129 XIX,
473 2085 508 2120 3.
556 2085 719 2120 Ceterum
743 2099 810 2121 ara
835 2087 872 2121 h.
900 2088 923 2122 Ι.
958 2100 1025 2122 non
1055 2087 1284 2134 intelligenda
1307 2089 1360 2121 est
1382 2095 1557 2120 sacrorum

163 2159 288 2183 caussa
320 2148 437 2190 facta,
472 2147 533 2181 aed
566 2147 709 2181 omnino
731 2154 988 2184 monumentum
1013 2149 1156 2194 aliquod
1182 2154 1331 2184 erectum
1355 2147 1399 2182 ad
1424 2156 1557 2180 memo-

163 2209 252 2243 riam
291 2209 342 2242 rei
377 2207 524 2254 insignis
555 2208 783 2251 servandam,
825 2221 916 2253 quae
945 2209 1156 2256 significatio
1188 2209 1346 2255 proxime
1374 2207 1559 2243 coniuncta

163 2274 216 2303 est
239 2281 318 2303 cnm
343 2268 515 2313 primaria
537 2268 633 2302 vocis
657 2268 715 2311 vi,
747 2270 877 2315 quippe
901 2282 991 2314 quae
1018 2271 1063 2305 ab
1088 2270 1181 2314 αἴρω
1205 2271 1411 2305 descendens
1433 2279 1558 2314 quam-

166 2330 219 2364 τίει
255 2330 481 2365 eminentiam
517 2330 695 2375 designet3
733 2331 780 2367 cf.
815 2333 948 2368 IIertel.
982 2332 1017 2366 in
1049 2331 1237 2366 Forcellini
1269 2332 1379 2366 Thes.
1401 2331 1439 2364 h.
1463 2341 1496 2364 v,
1520 2341 1556 2374 p.

165 2390 246 2426 214.
264 2390 336 2427 Cic.
363 2391 456 2425 Phil.
482 2391 572 2433 XIV,
596 2391 653 2434 13,
674 2391 732 2426 34.
783 2393 985 2427 Gaudes-ent
1004 2394 1130 2438 potius,
1155 2404 1233 2426 suos
1254 2398 1423 2428 contectos
1442 2391 1558 2436 publi-

166 2451 214 2485 cis
247 2452 405 2496 operibus
428 2458 536 2497 atque
568 2454 786 2495 muneribus,
821 2466 930 2500 eaque
955 2454 1200 2495 exstructione,
1233 2465 1322 2498 quac
1345 2454 1390 2487 sit
1414 2452 1462 2486 ad
1486 2462 1558 2485 me-

167 2513 313 2546 moriam
340 2513 559 2548 aeternitatis
585 2525 669 2547 ara
701 2515 852 2549 virtutis.
876 2516 972 2549 Curt.
997 2515 1058 2556 lx,
1082 2514 1118 2557 3,
1143 2515 1198 2549 19.
1251 2514 1355 2559 Ertgi
1377 2511 1558 2547 duodecim

168 2583 276 2607 aras
309 2585 350 2606 er
386 2575 559 2618 quadrato
593 2585 676 2608 saro
708 2582 965 2610 monumentum
998 2575 1225 2620 expeditionis
1249 2586 1333 2609 uuae
1356 2573 1467 2608 iuuit.
1498 2572 1557 2605 Iu-

167 2632 247 2667 ntin.
285 2633 369 2675 ΧΠ,
404 2635 468 2677 10,
500 2635 535 2669 6.
584 2635 637 2668 1ὸί
668 2636 704 2669 in
737 2642 957 2671 monumenta
986 2647 1101 2670 rerum
1126 2647 1149 2669 a
1174 2647 1210 2669 se
1233 2640 1414 2681 gattarum
1439 2633 1556 2667 urbem

170 2692 305 2726 Barcen
339 2690 511 2736 condidit,
545 2707 748 2741 araeque
780 2699 915 2732 statuit.
965 2697 1033 2741 Qui
1066 2697 1134 2730 loci
1167 2697 1335 2731 debentur
1357 2695 1486 2731 Fabro.
1511 2712 1556 2720 -

168 2754 238 2787 I‘rn
262 2755 413 2789 instituti
447 2756 598 2791 wemno
621 2768 662 2790 ex
688 2758 741 2791 cd.
771 2759 909 2803 Gryph.
935 2758 1018 2792 mni.
1043 2757 1152 2792 edidit
1184 2756 1414 2800 constituti,
1439 2753 1556 2789 omui-

167 2814 232 2848 bus
254 2815 353 2848 codd.
376 2820 514 2859 praeter
538 2817 647 2851 Paris.
674 2819 706 2852 b.
732 2819 1016 2863 repugnantibus.
