1630 3034
449 208 788 253 GATILINA.
845 208 974 252 GAP.
1003 209 1087 251 LL·
1363 213 1451 254 249

73 328 230 372 talium
272 325 393 372 mala
438 325 703 380 dissolvere,
747 324 864 369 ultra
920 340 1067 384 neque
1123 339 1258 371 curae
1303 340 1452 384 neque

77 419 247 479 gaudio
300 419 448 464 locum
495 432 601 464 esse.
687 415 807 472 Sed,
861 430 946 475 per
1002 415 1113 460 deos
1167 417 1518 469 immortalis!21

79 510 375 569 quamobrem
419 510 466 554 in
511 507 768 556 sententiam
811 521 902 553 non
943 506 1176 563 addidisti,
1220 508 1286 554 uti
1321 509 1453 569 ‘prius

80 663 175 697 dem
206 663 323 699 miror.
370 662 475 697 Andr.
500 662 558 705 lv,
585 662 619 704 1,
644 661 702 698 35.
743 662 811 696 scio
846 661 1055 707 equidem
1090 662 1272 696 ducturum
1302 674 1375 697 esse
1405 667 1452 699 te.

79 721 191 755 Plura
213 720 534 756 dabit'Schellerns
566 720 603 754 in
626 722 707 755 Lex.
728 721 840 764 Ampl.
865 732 896 764 p.
923 718 1039 762 3356,
1069 719 1106 753 in
1129 731 1170 753 eo
1193 724 1308 754 tamen
1332 721 1456 763 falsus,

77 778 172 822 quod
196 779 351 822 equidem
375 782 480 823 negat
503 778 678 812 diversum
702 789 775 812 esse
805 788 827 811 a
858 777 1010 820 simplici
1043 777 1199 821 quidem,
1231 790 1341 822 neque
1370 790 1456 812 con·

78 835 179 877 cedit,
203 847 245 870 ex
268 847 333 881 ego
357 836 493 880 quidem
517 834 748 879 compositum
770 845 855 868 esse.
893 835 962 868 Sed
985 834 1179 878 particulae
1201 835 1302 878 origo
1325 836 1456 869 multos

77 891 153 926 iam
176 893 295 935 torsit3
319 904 427 936 quum
451 892 542 925 enim
568 892 640 926 iam
664 892 806 925 Servius
830 892 875 926 ad
899 892 998 936 Virg.
1023 893 1153 936 Georg.
1171 892 1200 933 Ι,
1220 892 1298 927 193.
1331 902 1454 926 verum

76 949 232 992 vidisset,
256 950 454 984 Priscianus
478 953 610 988 contra,
635 950 726 990 XVI,
752 950 786 989 2,
813 950 868 983 14.
903 961 936 993 p.
963 949 1043 982 (544.
1067 949 1143 990 Kr.‚
1178 951 1334 994 equidem
1368 949 1456 983 sim«

78 1006 206 1050 plicem
229 1018 304 1041 esse
326 1017 447 1041 vocem
470 1006 662 1048 contendit,
692 1018 795 1050 quem
817 1006 957 1041 vossius
981 1007 1023 1040 de
1046 1007 1147 1040 Anal.
1163 1007 1220 1048 lv,
1235 1007 1292 1041 27.
1317 1019 1351 1051 p.
1372 1006 1454 1040 276.

78 1067 214 1097 secutus
236 1068 298 1098 est.
347 1065 441 1098 Tum
465 1064 600 1098 eortius
625 1065 669 1098 ad
694 1065 794 1098 Catil.
814 1065 869 1105 LI,
893 1063 948 1098 15.
983 1069 1016 1097 et
1039 1065 1175 1108 quidem
1198 1075 1317 1097 veram
1342 1064 1454 1108 origi-

77 1131 158 1154 nem
181 1121 337 1165 putavit,
363 1122 668 1155 Drakenborchius
699 1133 782 1155 vero
813 1123 857 1154 ad
888 1121 964 1157 Liv.
983 1121 1024 1162 V,
1045 1121 1101 1162 54,
1119 1121 1152 1154 3.
1195 1132 1212 1154 e
1243 1121 1455 1155 intensivum

79 1178 217 1222 quidem
239 1178 434 1223 particulae
457 1179 612 1213 additum
636 1179 787 1220 iudicat,
817 1183 856 1212 ut
878 1178 912 1211 in
938 1179 1080 1219 edmus,
1105 1178 1261 1223 egelidus
1276 1204 1285 1220 ‚
1309 1184 1455 1219 ecastor,

81 1246 186 1278 quam
219 1236 424 1270 sententiam
456 1236 563 1274 etiam
595 1235 850 1270 Ramshornins
885 1236 1042 1273 Gramm.
1075 1236 1152 1270 Lat.
1187 1237 1218 1277 ἓ.
1246 1234 1326 1278 191,
1349 1237 1395 1279 11,
1420 1236 1456 1269 1.

79 1295 153 1325 not.
173 1292 207 1327 3.
231 1303 264 1329 a.
297 1305 330 1337 p.
361 1294 440 1328 597.
477 1295 655 1337 amplexus
688 1297 749 1328 est.
805 1293 898 1337 Quid
928 1303 1013 1326 vero
1038 1292 1226 1334 Mffllcms,
1257 1293 1317 1336 qui
1346 1305 1457 1337 nuper

79 1350 124 1383 ad
147 1350 220 1384 Cic.
244 1362 279 1394 p.
307 1351 401 1386 Sext.
431 1351 486 1394 57,
510 1352 588 1386 122.
613 1363 646 1395 p.
675 1349 754 1384 155.
789 1350 895 1383 huius
929 1349 1123 1393 particulae
1157 1350 1231 1383 vim
1263 1350 1459 1385 illustrasse

78 1405 146 1440 sibi
179 1407 272 1442 visus
305 1413 376 1451 est,
409 1409 451 1443 de
483 1409 620 1453 origine
651 1410 797 1449 statuat,
840 1418 908 1440 non
942 1406 1024 1440 licet
1061 1418 1103 1440 ex
1140 1407 1247 1452 longa
1280 1408 1363 1449 illa,
1397 1409 1459 1442 sed

80 1474 205 1507 parum
243 1466 364 1499 subtili
406 1466 627 1500 annotatione
667 1465 873 1508 perspicere.
937 1464 1038 1497 Haec
1072 1464 1242 1499 indicasse
1282 1465 1459 1507 sufficiatg

78 1520 219 1566 singula
248 1523 408 1556 refellere
438 1534 506 1556 nou
538 1534 624 1566 opus
656 1522 813 1562 videtur,
846 1520 949 1564 quia,
982 1521 1174 1564 particulae
1203 1522 1461 1567 significatione

78 1578 210 1621 duplici
241 1580 436 1623 declarata,
476 1581 554 1614 lune
585 1579 714 1613 clarius
744 1582 816 1622 est,
853 1578 1010 1623 equidem
1043 1590 1085 1612 ex
1119 1590 1184 1624 ego
1207 1581 1352 1624 >quidem
1385 1591 1461 1614 esse

79 1635 290 1678 conflutum3
338 1637 466 1682 ubique
503 1638 596 1672 euim
635 1637 772 1681 quidem
812 1636 859 1670 ad
901 1636 1052 1679 primam
1093 1636 1282 1682 singularis
1323 1637 1461 1671 numeri

77 1702 259 1735 personam
282 1700 426 1739 spectat,
449 1696 524 1730 sive
544 1696 715 1740 positam,
739 1694 813 1728 sive
837 1693 1052 1738 cogitatione
1074 1695 1324 1739 supplendam,
1349 1705 1461 1738 neque

77 1750 212 1794 obstat,
244 1754 336 1795 qnod
359 1754 534 1788 interdum
566 1765 630 1798 ego
654 1752 813 1792 additum
845 1751 881 1785 in
905 1755 1071 1796 promptu
1094 1756 1145 1785 est
1167 1752 1280 1793 enim,
1305 1751 1462 1796 singula-

77 1817 154 1841 rem
187 1809 305 1844 addito
337 1811 538 1853 pronomine
569 1810 645 1845 vim
685 1809 835 1844 orationi
867 1808 1069 1851 conciliari,
1109 1808 1170 1842 ubi
1202 1809 1358 1853 equidem
1390 1819 1461 1841 non

74 1865 240 1900 sufficere
260 1867 447 1902 videretur.
486 1868 647 1902 Aliorum
669 1865 959 1910 explicationibus
978 1866 1048 1900 hoc
1070 1877 1206 1910 quoque
1229 1866 1286 1900 vel
1307 1866 1462 1904 maxime

78 1921 213 1964 obstat,
237 1925 328 1967 quod
352 1925 525 1968 plerisque
555 1925 665 1967 locis,
696 1923 758 1957 ubi
794 1924 951 1968 equidem
984 1923 1137 1968 legitur,
1171 1934 1283 1966 neque
1313 1923 1463 1967 simplex

80 1980 236 2023 quidem,
260 1992 373 2024 neque
396 1988 430 2017 et
452 1983 610 2027 quidem,
642 1992 754 2025 neque
777 1992 795 2015 e
818 1981 956 2025 quidem
980 1984 1054 2014 tum
1078 1982 1123 2015 ob
1156 1981 1462 2026 significationem,

79 2038 156 2070 tum
186 2038 232 2071 ob
267 2040 454 2075 verborum
485 2040 643 2075 ordinem
675 2038 761 2071 ferri
797 2041 930 2081 posset,
974 2039 1066 2072 unde
1108 2038 1363 2072 consectarium
1396 2041 1461 2078 est,

78 2093 184 2127 etiam
207 2097 383 2141 equidem,
407 2098 437 2131 si
460 2098 590 2132 harum
619 2107 747 2131 vocum
768 2095 842 2129 u'm
865 2095 1033 2138 haberet,
1065 2095 1102 2130 id
1124 2096 1216 2141 quod
1237 2095 1294 2129 illi
1324 2095 1459 2139 volunt,

75 2149 196 2185 locum
216 2152 348 2188 habere
370 2165 439 2188 non
461 2165 572 2198 posse.

173 2209 211 2242 id
242 2211 332 2254 quod
363 2222 418 2244 res
450 2212 578 2255 habet]
630 2210 761 2245 Vitiose
804 2210 841 2244 in
880 2209 1042 2244 omnibus
1081 2210 1158 2246 edd.
1203 2209 1462 2255 interpungitur

79 2266 158 2307 post
179 2265 239 2307 id,
271 2271 310 2300 ut
331 2279 520 2312 pronomen
542 2279 565 2302 a
587 2270 696 2302 verbo
731 2269 844 2301 dicere
865 2268 1030 2310 pendeat;
1061 2267 1121 2301 sed
1145 2268 1182 2300 id
1204 2269 1294 2312 quod
1318 2269 1464 2302 coniun-

81 2321 234 2366 gendum
269 2335 344 2358 esse
373 2325 590 2359 ostendemus
622 2326 667 2359 ad
696 2325 774 2369 lug.
805 2325 893 2366 LVI,
926 2324 959 2358 1.
979 2343 1023 2349 —
1063 2324 1182 2357 Habet
1206 2324 1344 2358 Curtius
1374 2325 1464 2357 bene

83 2379 262 2422 exposuit:
293 2382 384 2424 quod
407 2394 488 2416 cum
511 2394 550 2419 re
580 2382 658 2426 ipsa
679 2382 902 2416 coniunctum
926 2386 996 2422 est,
1030 2382 1122 2425 quod
1146 2381 1182 2417 in
1204 2392 1244 2415 re
1267 2384 1341 2422 est,
1365 2381 1464 2415 refu-

82 2440 157 2472 tata
180 2437 350 2472 Prisciani
372 2440 561 2482 sententia,
592 2439 652 2483 qui
676 2440 799 2481 xvln,
820 2438 876 2480 25,
901 2438 980 2472 240.
1005 2450 1040 2482 p.
1065 2438 1146 2472 222.
1170 2438 1234 2472 Kr.
1266 2439 1394 2472 habere
1424 2440 1465 2472 ut

82 2505 251 2539 graecum
275 2494 370 2540 ἔχειν
399 2508 462 2540 pro
486 2509 557 2531 esse
587 2496 740 2541 positum
764 2499 889 2530 censet.
936 2496 975 2533 V.
999 2499 1118 2530 notata
1147 2496 1191 2530 ad
1215 2507 1245 2530 c.
1270 2497 1332 2538 xl,
1357 2496 1393 2531 3.
1416 2513 1464 2520 --·

82 2552 154 2586 Pro
176 2554 271 2587 ultra
295 2553 412 2587 Struv.
434 2554 541 2588 habet
564 2555 657 2588 ultra
681 2566 796 2598 quam,
822 2553 938 2589 Guelf.
957 2553 991 2587 6.
1026 2555 1122 2588 ultra
1145 2565 1244 2594 eam,
1279 2565 1320 2589 ex
1353 2553 1464 2586 inter-

80 2609 269 2652 polatione.
316 2611 409 2644 Cave
441 2614 578 2652 tamen,
608 2611 679 2647 tale
712 2611 797 2655 quid
828 2611 1057 2654 supplendum
1088 2622 1162 2645 esse
1193 2610 1335 2651 credas;
1369 2610 1465 2643 ultra

82 2668 176 2701 enim
199 2667 448 2705 adverbialiter
467 2667 622 2711 positum
651 2667 725 2703 sine
747 2679 829 2702 casu
853 2666 1092 2711 accipiendum
1115 2670 1178 2703 est.

175 2727 210 2769 S.
230 2725 288 2765 21.
334 2726 370 2761 in
391 2725 618 2771 senteutiam]
663 2725 780 2763 Guelf.
807 2723 841 2762 5.
865 2725 978 2766 vatic,
1005 2726 1050 2763 A.
1080 2725 1179 2764 Leia.
1209 2724 1260 2762 Μ.
1283 2727 1319 2763 et
1341 2723 1464 2762 Struv.
