1630 3034
404 176 768 220 IUGURTHA.
830 173 960 220 CAP.
989 174 1166 219 XXXI.
1400 176 1486 218 175

97 295 269 339 animus
306 293 364 339 ab
404 294 583 355 ignavia
618 299 751 352 atque
783 293 990 338 socordia
1025 296 1261 351 corruptus
1297 291 1373 348 sit,
1409 291 1487 351 qui

97 408 153 437 ne
188 407 304 437 nunc
340 391 549 451 quidem,
580 391 784 434 obnoxiis
814 390 1023 445 inimicis,
1061 389 1316 451 exsurgitis,
1353 394 1499 448 atque-

97 490 231 533 etiam
267 503 383 533 nunc
410 487 570 532 timetis
597 501 696 543 eos,
733 485 892 547 quibus
923 502 1001 532 vos
1027 487 1160 531 decet
1185 486 1344 531 terrori
1374 490 1484 531 esse.

95 644 140 678 ad
174 645 212 681 h.
234 655 266 678 c.
297 645 329 686 §.
351 643 408 677 1⁰.
437 646 471 677 et
497 643 573 676 Cat.
589 643 717 683 ΙΛἸΙΙ,
741 642 798 678 21.
827 642 887 676 ubi
904 628 1041 677 Cortius
1071 641 1287 686 comparavit
1303 642 1390 676 Hor.
1411 640 1487 676 Sat.

93 706 149 748 ΙΙ,
174 704 218 746 8,
248 704 306 738 34.
347 703 467 738 lustin.
487 704 574 745 XX,
602 703 643 744 3,
667 702 702 736 5.
747 703 844 737 Curt.
862 703 926 747 IV,
955 703 997 745 4,
1029 704 1085 737 13.
1132 702 1320 744 Flor.11r‚
1349 701 1394 742 3,
1427 701 1505 736 18..

92 767 146 800 De
165 765 328 800 adiectivi
344 768 378 799 et
395 764 554 798 adverbii
572 764 608 798 in
630 764 692 798 tali
711 775 801 798 nexu
817 764 1016 799 discrimine
1035 764 1185 799 conferri
1205 763 1312 798 etiam
1329 766 1485 806 possunt,

90 837 180 870 quae
196 826 396 861 observavit
416 826 587 861 Goerenz.
613 825 657 859 ad
686 825 757 858 Cic.
785 825 828 857 de
853 823 956 858 Finn.
975 825 990 858 Ι
1003 851 1012 870 ,
1037 825 1100 867 13,
1126 824 1185 860 44,
1216 825 1341 859 Facile
1365 829 1486 860 autem

91 891 206 931 putet,
236 891 275 921 ut
292 887 376 921 satis
394 886 577 919 commode
595 884 725 918 (lictum
744 890 796 919 est
821 886 936 927 inulti,
961 886 1011 920 ita
1027 898 1095 919 non
1114 887 1182 920 «lici
1201 886 1357 930 potuisse
1369 886 1484 929 foedi.

89 949 179 984 Nam
188 950 376 993 foeditatis
392 947 488 980 notio
505 954 571 980 non
587 946 623 979 in
639 947 788 980 subiecto
806 947 991 991 conspicua
1005 953 1055 981 est
1069 959 1148 981 cum
1165 948 1271 981 verbo
1288 946 1486 989 coniuncto,

88 1011 148 1043 setl
175 1010 311 1044 nonnisi
342 1011 376 1043 in
403 1008 549 1041 actionis
572 1007 698 1040 modo
723 1007 888 1042 cernitur.
934 1007 1024 1041 Nam
1051 1008 1108 1051 qui
1127 1009 1307 1052 perierunt
1331 1008 1485 1050 inulti,

87 1069 196 1104 iidem
220 1076 256 1104 et
275 1070 380 1105 inulti
396 1073 524 1108 sunt3
548 1068 608 1102 sed
626 1068 687 1111 qui
704 1069 847 1111 foede
869 1069 1064 1112 perierunt,
1088 1074 1272 1113 propterea
1290 1079 1358 1102 non
1380 1074 1486 1103 sunt

84 1132 250 1179 foedi.—-
276 1130 391 1165 Vestri
407 1130 604 1172 defensores
622 1129 840 1174 intelligendi
859 1129 941 1163 Tib.
963 1133 997 1163 et
1015 1130 1052 1163 C.
1062 1130 1226 1164 Gracchi.
1257 1131 1377 1173 Quare
1403 1141 1485 1174 per-

88 1190 235 1234 spicitur
255 1191 376 1232 multi,
400 1191 494 1234 quod
523 1190 558 1224 in
587 1189 722 1233 aliquot
747 1189 845 1225 codd.
869 1201 932 1233 pro
951 1190 1054 1224 inulti
1073 1194 1203 1233 exstat,
1226 1200 1294 1224 non
1319 1202 1394 1224 esse
1412 1202 1483 1225 me-

87 1251 288 1284 morabilem
311 1251 508 1293 lectionem,
532 1254 571 1286 ut
590 1251 705 1285 Faber
728 1255 854 1291 censet,
879 1251 938 1284 sed
956 1251 1085 1286 calami
1106 1252 1256 1296 lapsum,
1283 1252 1485 1296 saepissimo

87 1311 123 1344 in
142 1311 244 1345 codd.
269 1311 434 1354 obvium3
463 1314 509 1347 cf.
534 1313 578 1346 ad
600 1323 629 1345 c.
651 1304 796 1354 LXVII,
824 1311 857 1345 2.

179 1375 211 1415 §.
235 1372 269 1407 3.
321 1375 365 1407 ab
389 1373 554 1419 ignavia]
577 1372 878 1415 Praepositionem
903 1371 1064 1406 Ilandius
1086 1370 1121 1405 in
1146 1371 1238 1406 libro
1262 1374 1306 1407 do
1328 1374 1480 1408 Particc.

86 1433 180 1468 Latt.
205 1434 283 1468 Vol.
307 1435 334 1469 Ι.
358 1446 391 1478 p.
409 1435 467 1469 26.
503 1439 598 1468 recte
621 1433 709 1467 vidit
736 1445 778 1466 eo
803 1433 948 1467 consilio
973 1433 1121 1477 positam
1148 1443 1240 1474 esse,
1265 1438 1304 1467 ut
1326 1435 1483 1478 corrupti

85 1494 195 1529 animi
218 1507 344 1529 caussa
368 1500 403 1530 et
433 1497 534 1541 origo
557 1494 673 1540 magis
697 1493 935 1538 significetur3
968 1495 1014 1529 cf.
1038 1494 1211 1539 Heus-ing.
1235 1494 1279 1528 ad
1303 1494 1375 1528 Cic.
1406 1494 1480 1529 Off.

85 1555 121 1597 1,
147 1555 193 1600 2,
214 1555 271 1591 12.
296 1557 431 1591 Bremi.
455 1557 500 1591 ad
525 1556 613 1600 Nep.
638 1556 682 1588 de
707 1555 826 1600 Regg.
853 1567 884 1590 c.
902 1555 972 1597 ΙΙΙ,
995 1555 1029 1589 3.
1060 1555 1166 1588 Periit
1189 1566 1213 1588 a
1238 1556 1365 1589 morbo.
1392 1555 1481 1589 For-

84 1616 200 1662 biger.
225 1618 271 1652 ud
299 1618 435 1652 Lucret.
459 1618 531 1660 ΙΙΙ,
553 1617 637 1652 833.
662 1617 749 1650 Hor.
775 1616 849 1651 Sat.
865 1616 898 1659 Ι,
924 1615 967 1657 4,
991 1615 1049 1649 26.
1076 1615 1290 1649 Ramshorn.
1320 1617 1482 1654 Gramm.

83 1677 163 1712 Lat.
189 1680 222 1720 S.
248 1679 328 1713 150.
355 1677 490 1724 p.285.
516 1679 549 1712 d.
581 1697 627 1704 —-
660 1678 729 1711 Pro
752 1677 908 1710 obnoxiis
931 1677 1036 1720 longe
1059 1676 1201 1720 plurimi
1224 1674 1482 1713 eoddshabent

82 1739 238 1780 obnoxii,
271 1741 366 1784 quod
395 1739 474 1774 Ald.
499 1737 678 1772 Manutius
710 1749 892 1781 perperam
925 1737 1099 1779 defendit3
1131 1749 1210 1771 uam
1243 1739 1420 1782 quomodo
1450 1740 1482 1773 is

80 1799 142 1842 qui
164 1799 333 1834 obnoxius
351 1806 415 1841 est,
438 1800 507 1833 hoc
528 1799 745 1843 singularem
769 1799 980 1844 exsurgcadi
1003 1808 1163 1832 caussam
1188 1799 1319 1833 habere
1341 1801 1481 1844 potest?

81 1858 211 1894 Contra
245 1861 356 1894 altero
391 1860 541 1894 obnoxio
575 1859 682 1894 facile
715 1864 767 1894 est
795 1860 898 1894 alteri
928 1870 965 1893 se
996 1859 1173 1893 extollere.
1221 1861 1341 1904 Quare
1380 1861 1481 1894 unico

81 1931 205 1954 verum
231 1925 282 1954 est
305 1922 475 1963 obnoxiis,
513 1921 604 1964 quod
637 1919 674 1953 in
698 1920 833 1964 aliquot
862 1920 979 1961 Rivii,
1012 1919 1163 1953 Manutii
1187 1924 1222 1954 et
1244 1921 1356 1955 Gortii
1380 1921 1480 1956 codd.

80 1990 125 2013 nc
156 1985 337 2024 praeterea
369 1981 403 2014 in
435 1981 523 2016 Naz.
550 1980 693 2015 Pemhr.
728 1982 821 2025 Reg.
856 1980 982 2014 Arond.
1017 1981 1132 2014 Mark-
1167 1984 1212 2015 Α.
1246 1981 1338 2026 Teg.
1375 1982 1479 2017 Misn.

81 2038 164 2073 Bas.
184 2040 215 2074 1.
241 2028 351 2074 Paris.
375 2043 411 2075 b.
435 2053 465 2075 c.
490 2053 523 2075 x.
547 2053 575 2074 z.
610 2046 644 2074 et
672 2043 850 2076 nonnullis
878 2041 1012 2075 Oxnnn.
1048 2045 1172 2075 exstat.
1206 2042 1328 2085 Neque
1359 2048 1480 2077 tamen

82 2110 163 2133 cum
187 2101 330 2143 Cor-tio,
355 2101 492 2146 hangio
516 2106 551 2135 et
575 2102 766 2136 Gerlacliio
797 2101 1044 2146 explicuerim:
1077 2110 1184 2144 quum
1208 2101 1343 2136 inimici
1367 2103 1477 2137 vestri

81 2161 201 2194 delicti
223 2162 504 2196 conscientia
539 2162 641 2196 vobis
670 2163 820 2197 subiecti
853 2163 932 2197 sint.
979 2162 1108 2196 Sensus
1131 2162 1246 2206 potius
1269 2167 1336 2197 est:
1369 2151 1479 2208 quum

81 2220 251 2255 maleficii
274 2225 348 2255 tam
372 2222 550 2256 manifesti
574 2226 766 2264 teneantur,
790 2228 829 2258 ut
852 2224 924 2257 iam
948 2234 985 2257 se
1007 2223 1210 2258 submittere
1233 2224 1392 2259 debeant.
1425 2225 1479 2258 Do

80 2282 252 2315 vocabulo
275 2282 440 2316 obnoxius
464 2293 498 2316 v,
523 2283 569 2317 ud
595 2283 672 2316 Cat.
697 2282 858 2325 ΧΙΝΙΙΙ,
883 2283 918 2318 5.
945 2284 1021 2317 Lis.
1045 2283 1184 2326 xxm,
1207 2284 1271 2325 12,
1295 2284 1329 2318 9.
1364 2285 1403 2319 Si
1420 2296 1479 2319 re·

79 2342 225 2382 tineam,
263 2347 326 2376 aut
358 2344 527 2387 superbus
556 2347 622 2376 aut
653 2343 879 2377 obnoxius
910 2345 1046 2378 videar.
1084 2354 1119 2379 ν.
1144 2345 1409 2380 Drakenborch.
1431 2347 1476 2380 nd

80 2402 165 2444 vu,
189 2402 255 2445 30,
279 2402 314 2438 2.
339 2422 387 2428 -
410 2405 479 2437 Pro
504 2403 693 2448 exsurgitis
718 2404 795 2437 Vin.
819 2404 854 2438 2.
880 2404 1021 2438 vratisl.
1044 2404 1077 2438 2.
1104 2405 1195 2450 Reg.
1222 2409 1258 2440 et
1282 2407 1388 2443 Bodl.
1410 2407 1477 2442 ha-

78 2463 162 2496 bent
192 2464 397 2508 insurgitis,
434 2464 528 2507 quod
561 2463 719 2497 Wassius
749 2470 915 2508 tauquam
940 2462 1238 2510 ἐμφατικώτερον
1262 2468 1383 2502 multis
1414 2469 1475 2502 de·

79 2524 207 2564 fendit3
238 2525 297 2558 sed
319 2524 457 2558 Cottius
480 2523 666 2570 vulgatum
691 2525 779 2558 bene
803 2529 919 2559 tuetur
946 2525 1029 2560 coll.
1054 2526 1128 2563 Cic.
1149 2527 1241 2573 Ερρ,
1266 2531 1310 2564 ad
1332 2530 1471 2564 Famm,

81 2586 165 2626 xu,
190 2585 256 2628 10,
281 2585 315 2621 9.
354 2585 564 2619 auctoritate
595 2589 715 2618 vestra
746 2586 939 2629 respublica
973 2593 1194 2632 exsurget
1226 2594 1260 2623 et
1294 2590 1331 2623 in
1355 2590 1471 2634 aliquo

79 2651 175 2691 statu
200 2646 376 2680 tolerabili
398 2645 568 2679 consistet.
616 2644 732 2681 Tacit.
758 2645 911 2681 Historr.
935 2646 988 2688 ΙΙ,
1010 2647 1081 2690 76,
1113 2658 1135 2683 a
1157 2650 1248 2684 med.
1282 2661 1325 2684 ne
1348 2648 1471 2686 contre

80 2706 158 2739 Caii
188 2707 345 2750 quidem,
381 2711 444 2740 aut
479 2705 620 2739 Claudii
651 2707 706 2740 νεὶ
739 2706 888 2740 Neronis
921 2707 1059 2742 domum
1093 2711 1391 2755 exsurgimus.
1423 2730 1469 2737 .-

80 2766 199 2799 Etiam
219 2777 331 2807 nuuc,
355 2765 378 2801 i.
395 2776 427 2799 e.
448 2777 538 2800 nunc
563 2766 672 2808 adeo,
697 2765 914 2802 illustratum
937 2768 982 2802 ud
1007 2768 1111 2804 catil.
1127 2770 1181 2811 ΙΙ,
1207 2770 1239 2804 l.
1262 2771 1308 2803 cf.
1333 2771 1407 2805 Cic.
1432 2782 1465 2815 p.
