1630 3034
374 185 711 229 CATILINA.
770 185 907 228 cAP.
940 185 1014 228 VI.
1330 191 1390 232 35

0 318 127 364 quam
154 301 430 364 accipiundis
455 302 684 348 beneficiis
711 303 924 349 amicitias
946 301 1177 362 parabant.
1229 303 1386 363 Impe-
1403 311 1431 352 6

0 397 107 440 rium
136 395 423 456 legitumum,
453 410 618 439 nomen
637 395 800 453 imperi
820 395 997 454 regium
1018 394 1268 447 habebant3
1303 396 1389 440 de-

0 487 111 542 lecti,
134 487 296 545 quibus
319 501 482 546 corpus
501 487 623 530 annis
657 487 896 541 infirmum,
916 486 1147 546 ingenium
1171 487 1386 547 sapientia

0 578 191 624 validum
228 585 348 635 erat,
392 578 673 638 reipublicae
719 578 1055 632 consultabant3
1098 578 1151 622 hi
1197 580 1269 624 vel
1303 594 1384 624 ae-

0 800 143 835 aatriam
165 805 398 846 parentesque
422 800 507 846 tegi.
544 799 660 834 Tacit.
680 800 768 835 Ann.
786 802 812 842 1,
828 799 885 843 59,
907 803 992 835 extr.
1017 799 1048 835 si
1068 801 1235 845 patriam,
1253 813 1384 847 paren-

0 864 64 901 tes,
88 859 238 903 antiqua
261 861 426 901 mallent,
460 859 654 892 Arminium
678 864 911 903 sequerentur.
966 859 1006 892 Si
1029 870 1112 892 vero
1137 860 1179 893 de
1201 860 1244 893 iis
1267 872 1383 894 sermo

0 922 64 959 est,
98 909 159 960 «jul
195 918 255 950 vel
287 916 507 963 tyrannidem
540 915 688 951 alicuius
710 915 899 958 patiuntur,
930 917 987 950 vel
1012 915 1049 949 in
1072 921 1278 959 potestatem
1302 918 1382 951 red-

0 975 60 1008 icti
94 974 270 1017 serviunt,
300 987 370 1010 non
401 974 546 1008 dubium
579 978 652 1016 est,
686 973 769 1016 quin
790 979 954 1017 parentes
977 974 1045 1008 sint
1075 974 1182 1007 iidem
1214 974 1274 1018 qui
1298 975 1383 1007 sub-

0 1033 92 1073 'ecti5
125 1033 171 1066 cf.
196 1033 284 1066 Veli.
309 1033 357 1074 11,
384 1031 466 1074 108,
490 1033 524 1066 2.
565 1032 800 1065 Maroboduus
835 1043 874 1064 es
905 1034 1083 1065 voluntate
1112 1032 1382 1075 parentium

0 1091 85 1124 &nter
107 1102 184 1124 suos
207 1090 388 1133 occupavit
410 1090 749 1133 principatum.
783 1087 869 1120 Sall.
893 1089 970 1132 lug.
992 1088 1065 1129 cll,
1086 1088 1118 1120 7.
1156 1094 1383 1132 parentes

0 1149 127 1182 zbunde
152 1149 337 1189 habemus,
362 1148 610 1180 amicorum
632 1157 809 1189 nunquam
832 1146 918 1178 satis
934 1146 1018 1187 fuit.
1042 1146 1102 1186 ΠΙ,
1121 1145 1154 1178 2.
1185 1146 1222 1178 vi
1245 1147 1382 1190 quislem

0 1217 112 1250 egere
145 1206 353 1248 patriam
391 1209 453 1237 aut
485 1207 710 1246 parentes
736 1202 778 1244 (i.
805 1213 831 1235 e.
856 1203 947 1235 cives
970 1202 1147 1235 Romanos
1171 1209 1235 1236 aut
1256 1209 1382 1247 gentes

0 1263 169 1305 mbaetae)
205 1262 438 1305 importunum
470 1265 534 1294 est.
590 1259 717 1293 Nostro
748 1258 860 1302 igitur
901 1260 979 1292 loco
1009 1265 1173 1302 parentes
1204 1261 1377 1294 Miiilerus

0 1325 84 1353 recte
105 1319 253 1362 explicat
275 1318 466 1359 ‚‚seniores‚
487 1328 510 1351 a
527 1317 652 1360 quibus
675 1315 786 1361 geniti
810 1319 932 1357 essent,
956 1320 990 1350 et
1013 1315 1073 1360 qui
1094 1319 1237 1360 propter
1259 1329 1379 1353 sexum

0 1381 55 1410 mt.
68 1380 219 1410 aetatem
236 1375 344 1409 armis
361 1374 511 1408 ferendis
528 1374 683 1417 impares
702 1375 852 1406 essent.“
871 1391 914 1397 —
938 1374 1082 1406 Auxilia
1092 1375 1292 1416 portabant,
1314 1387 1379 1419 pro

0 1433 128 1477 wlgari
144 1434 321 1475 ferebant.
367 1431 506 1466 Monuit
528 1431 716 1464 Ruhnken.
741 1431 787 1464 ad
810 1430 893 1463 Ter.
916 1430 1022 1464 Andr.
1046 1431 1090 1471 Π,
1112 1430 1146 1472 2,
1166 1431 1198 1465 1.
1235 1433 1302 1475 (Di
1320 1435 1380 1468 bo·-

0 1491 42 1531 u',
67 1491 145 1523 boni
167 1491 250 1534 quid
275 1494 396 1534 porte)
426 1491 497 1523 hoe
521 1500 622 1523 sensu
646 1488 719 1520 fere
743 1487 785 1520 de
810 1486 931 1530 aliqua
962 1499 1001 1521 re
1023 1499 1155 1532 magna
1188 1490 1263 1523 sive
1287 1491 1380 1527 bona

0 1548 65 1581 :ive
95 1548 190 1581 mala
221 1546 300 1580 dici.
340 1546 386 1580 id.
411 1548 541 1591 Hecyr.
562 1546 626 1587 111,
646 1545 679 1585 5,
692 1544 747 1578 63.
771 1549 872 1588 porto
896 1545 959 1577 hoc
982 1544 1135 1588 iurgium
1156 1548 1203 1580 ad
1225 1560 1377 1585 uxorem.

0 1605 64 1638 biv,
87 1605 190 1646 XLV,
209 1604 244 1646 1,
263 1604 296 1639 9.
341 1605 471 1638 laetum
494 1605 655 1637 nuncium
686 1603 888 1646 portabant.
937 1601 1189 1637 Rulmkenium
1221 1607 1380 1650 sequitur

0 1663 125 1696 Ludov.
150 1662 378 1696 Doederlinus
400 1662 531 1706 Synon.
555 1662 632 1695 Lat.
656 1660 700 1693 T.
719 1660 746 1692 1.
771 1671 804 1702 p.
824 1658 904 1692 150.
924 1664 1090 1702 portare,
1114 1666 1154 1695 ut
1177 1662 1379 1706 frequenta-

0 1719 102 1753 ¹ivum
133 1720 233 1753 verbi
259 1722 377 1763 ferre,
413 1720 538 1753 docens
569 1719 611 1751 de
640 1718 746 1750 rebus
779 1717 955 1761 gravioris
979 1717 1140 1760 ponderis
1164 1720 1252 1762 dici,
1285 1724 1376 1765 quod

0 1778 93 1810 rtia'm
119 1777 165 1810 de
189 1777 232 1811 iis
258 1777 345 1811 iocis
368 1777 487 1811 valere
510 1776 670 1818 videtur,
695 1774 820 1818 quihus
843 1774 1026 1808 commode
1049 1786 1112 1818 pro
1137 1778 1295 1812 traiicere
1319 1780 1377 1814 vel

1 1836 224 1868 ransmittere
247 1835 340 1868 sumi
365 1838 487 1877 potest,
512 1835 612 1868 velut
633 1834 709 1877 lug.
730 1832 874 1873 XXVII,
891 1831 925 1865 5.
951 1833 1119 1866 exercitus
1142 1835 1200 1877 qui
1218 1836 1254 1868 in
1273 1838 1376 1880 Afri-

0 1905 62 1925 2am
83 1897 293 1936 portaretur.
328 1892 488 1932 xxxvl,
512 1893 546 1925 1.
591 1895 836 1930 commeatum,
861 1890 1092 1933 stipendium,
1117 1891 1192 1923 alia
1218 1899 1376 1929 maturat

0 1962 23 1982 n
53 1950 211 1992 Africam
232 1955 384 1993 portare.
410 1953 444 1983 et
466 1950 630 1990 XXXIX,
656 1947 690 1981 4.
715 1959 760 1980 ne
783 1946 899 1990 copias
926 1958 1039 1980 secum
1060 1952 1228 1991 portaret.
1259 1951 1376 1991 Tacit,

0 2007 131 2050 inmll,
147 2007 204 2049 17,
226 2012 313 2041 extr.
332 2026 376 2032 —-
408 2010 440 2049 §-
462 2007 496 2041 6.
520 2006 652 2040 Delecti
674 2015 743 2038 non
767 2005 870 2047 plane
892 2003 986 2037 idem
1011 2009 1062 2038 est
1086 2010 1188 2047 atque
1213 2007 1302 2046 lecti,
1320 2009 1376 2042 vel

0 2066 107 2107 electi,
138 2069 177 2098 ut
201 2065 320 2098 Cottio
350 2064 484 2106 wisum3
519 2065 650 2109 eligere
682 2062 775 2095 enim
805 2061 841 2094 in
871 2061 1074 2094 universum
1105 2067 1156 2095 est
1189 2074 1232 2096 ex
1256 2064 1376 2108 aliquo

0 2133 133 2156 iumero
156 2122 327 2163 eximere,
360 2123 515 2166 deligere
538 2132 623 2155 vero
657 2125 732 2154 tum
758 2119 906 2159 dicitur,
943 2117 973 2151 si
1007 2117 1044 2150 in
1079 2119 1247 2152 electione
1270 2121 1376 2156 simul

0 2181 45 2213 :el
77 2179 262 2223 utilitatis,
299 2190 406 2223 quam
432 2179 552 2222 aliqua
584 2189 640 2212 res
670 2177 801 2217 habet,
836 2175 892 2208 vel
923 2174 1104 2208 facultatis
1128 2174 1178 2208 rei
1201 2179 1376 2219 gerendae

0 2237 78 2271 mio
102 2238 264 2270 habetur.
311 2236 507 2270 Diserimen
529 2235 664 2280 primus
687 2233 805 2266 docuit
828 2231 993 2264 Bromius
1017 2231 1061 2263 ad
1085 2230 1172 2274 Nep.
1198 2233 1376 2277 Peiop‚11‚

0 2295 22 2328 Ξ.
48 2306 152 2339 quum
170 2300 305 2338 tempus
322 2300 373 2328 est
392 2295 504 2328 visum
521 2293 574 2327 rei
594 2292 784 2337 gerendae,
809 2290 899 2323 diem
922 2289 1138 2333 delegerunt.
1172 2290 1314 2325 Aristid.
1330 2294 1376 2333 11,

0 2351 22 2384 ἲ.
54 2353 325 2396 intemperantia
355 2352 554 2386 Pausaniae
582 2355 616 2384 et
642 2350 778 2383 iustitia
793 2350 933 2391 sactum
952 2350 1005 2380 est
1026 2346 1309 2390 Atheniensium,
1336 2355 1375 2384 ut

0 2420 105 2442 nunes
128 2412 208 2451 fere
235 2410 394 2443 civitates
424 2409 594 2442 Graeciae
621 2407 846 2440 Athenienses
873 2404 1040 2436 adversus
1066 2403 1242 2459 Ifarbaros
1272 2407 1375 2441 duces

0 2467 184 2510 {eligerent
211 2467 290 2500 sibi.
325 2467 379 2500 cf.
401 2465 479 2500 Liv.
503 2464 666 2504 xxxvl,
689 2463 746 2503 28,
765 2461 798 2496 8.
845 2462 944 2496 Caes.
968 2461 1010 2494 Β.
1038 2461 1080 2494 G.
1105 2461 1176 2504 Vn,
1200 2463 1258 2505 76,
1286 2469 1373 2498 extr.

0 2524 64 2565 ΠΙ,
77 2522 133 2565 15,
147 2527 233 2557 extr.
257 2525 413 2569 Herzog.
438 2523 483 2557 ad
506 2524 534 2566 Ι,
555 2521 589 2556 3.
614 2521 697 2561 ΥΠ,
718 2520 774 2553 31.
799 2520 878 2552 huic
895 2519 947 2551 rei
971 2519 1113 2551 idoneos
1137 2519 1288 2553 homines
1313 2522 1375 2554 de-

0 2581 135 2626 {ig-ebat.
155 2600 201 2607 —-
231 2582 392 2615 l'alirlum
419 2586 495 2615 erat
517 2590 636 2614 omnes
660 2582 777 2611 tenent
801 2576 900 2611 codd.
947 2575 1016 2609 Sed
1039 2575 1177 2609 Curtius
1200 2583 1278 2611 erat
1301 2578 1374 2611 eie·-

0 2638 61 2680 :it‚
85 2638 169 2682 quia
191 2639 227 2672 in
249 2638 369 2672 Struv.
393 2636 509 2672 locum
532 2640 655 2671 mutat.
676 2655 719 2661 --
747 2637 872 2669 Aetate
888 2652 932 2659 —
952 2633 1178 2668 similitudine
1200 2634 1222 2668 i.
1244 2646 1274 2670 e.
1292 2647 1373 2680 pro—

0 2701 68 2740 pter
91 2700 240 2732 aetatem
264 2697 319 2730 vel
344 2696 451 2731 simil.
475 2696 516 2731 V.
541 2696 586 2731 ad
610 2706 641 2729 e.
660 2693 788 2734 XXXI,
809 2691 844 2726 3.

1005 2749 1036 2793 3
1073 2753 1097 2780 *
