1630 3034
446 178 810 222 IUGURTHA.
871 178 998 220 CAP.
1029 146 1155 220 XX.⁸
1420 183 1504 223 127

112 310 291 350 census,
334 309 447 353 quos
489 296 645 355 paullo
692 300 795 338 ante
841 295 1096 338 muneribus
1139 294 1422 354 expleverat,
1453 295 1498 340 iu

110 407 302 452 regnum
352 391 623 436 Adherbalis
677 392 872 434 animum
928 391 1127 435 intendit.
1217 391 1322 451 lpse
1377 403 1534 450 acer,2

111 489 373 541 bellicosus3
422 494 467 531 at
509 489 572 545 is,
618 504 754 546 quern
797 489 1004 547 petebat,
1049 487 1246 546 quietus,
1291 489 1497 545 imbellis,

110 584 293 644 placido
336 585 528 645 ingenio,
564 591 843 645 opportunus
880 584 1075 640 iniuriae,
1112 590 1312 628 metuens
1354 586 1499 646 magis

108 762 181 795 iam
211 763 308 806 sequi
339 763 398 805 id,
431 764 522 807 qnod
557 768 665 796 antea
700 764 878 807 amplexus
913 767 1010 802 erat,
1035 772 1070 797 V.
1094 773 1123 795 c.
1151 760 1267 796 Tacit.
1291 761 1381 797 Anu.
1408 762 1502 806 xlv,

108 821 174 863 49,
208 821 243 855 3.
276 834 347 855 non
380 823 459 856 ideo
497 828 560 857 aut
592 825 746 857 consules
780 829 962 858 mutavere
992 823 1217 863 relationem,
1250 828 1313 856 aut
1341 823 1500 856 Thrasea

108 883 317 916 decessit
349 883 617 924 sententia,
648 885 796 917 ceterive
824 895 914 928 quae
937 884 1172 926 probaverant
1206 883 1398 917 deseruere.
1421 883 1500 917 Liv.

107 942 298 981 xxxvu,
333 942 398 985 54,
430 943 464 977 9.
498 956 542 977 ne
575 945 879 979 decederetis
913 944 1138 978 instituto
1170 947 1292 976 vestro.
1320 943 1365 976 cf.
1391 943 1500 976 etiam
1558 936 1562 939 χ

97 993 152 1037 ”ad
170 1015 199 1036 c.
224 1004 317 1045 xm,
341 1002 374 1036 3.
399 1004 502 1037 Haec
523 1004 702 1038 sufficiant
725 1005 770 1038 ad
792 1004 969 1047 propriam
992 1003 1174 1046 utriusque
1195 1003 1294 1037 verbi
1318 1004 1500 1048 significa-

108 1063 235 1097 tionem
260 1064 518 1098 declarandam.
559 1065 610 1098 De
632 1068 810 1098 structura
833 1065 998 1098 decedere
1022 1065 1144 1106 verbi,
1169 1075 1238 1097 non
1261 1067 1397 1097 tantum
1420 1075 1502 1098 cum

107 1125 182 1158 solo
205 1124 382 1165 ablativo,
407 1126 466 1159 sed
489 1125 597 1159 etiam
632 1137 713 1159 cum
738 1126 781 1158 de
804 1128 838 1159 et
862 1137 881 1159 e
903 1124 1216 1168 praepositionibus
1248 1124 1434 1168 coniuncti,
1465 1135 1501 1158 v,

108 1185 257 1219 Ellendt.
290 1185 335 1218 ad
373 1183 445 1218 Cic.
477 1184 580 1217 Brut.
613 1195 642 1217 c.
674 1185 710 1227 I,
746 1185 778 1218 1.
812 1204 858 1210 —
894 1186 1011 1218 Timor
1035 1186 1144 1219 animi
1167 1186 1344 1228 quomodo
1366 1185 1502 1220 dictum

106 1245 178 1288 sit,
209 1245 409 1278 monuimus
441 1245 486 1278 ad
519 1244 595 1278 Cat.
628 1244 756 1288 LVIII,
790 1245 824 1279 2.
861 1264 906 1269 -—-
929 1246 999 1280 Pro
1022 1246 1118 1279 videt
1142 1245 1178 1278 in
1201 1246 1321 1279 Guelf.
1343 1246 1378 1279 7.
1402 1246 1500 1281 Leid.

107 1307 150 1340 F.
186 1307 211 1340 1.
245 1306 377 1352 legitur
409 1305 520 1349 vidit,
558 1309 699 1348 propter
722 1317 966 1350 praegressum
990 1306 1176 1339 decessere.
1222 1307 1275 1338 De
1305 1307 1373 1340 hac
1396 1317 1501 1350 prae-

106 1367 211 1401 sentis
235 1371 270 1401 et
292 1366 438 1410 perfecti
462 1365 703 1400 coniunctione
725 1366 813 1400 satis
836 1366 967 1399 dictum
992 1366 1037 1399 ad
1061 1378 1090 1399 e.
1115 1366 1201 1406 XII,
1223 1365 1256 1400 4.
1280 1384 1327 1391 —-
1362 1367 1502 1400 Certum

106 1432 207 1461 ratus
229 1428 438 1461 confirmant
461 1438 580 1461 omnes
607 1426 725 1468 Rivii,
752 1427 915 1468 Gruteri,
941 1430 993 1467 et,
1019 1429 1058 1459 ut
1082 1426 1239 1469 videtur,
1265 1426 1372 1460 etiam
1396 1427 1501 1461 IVas-

106 1488 152 1522 sii
174 1488 291 1529 codd.‚
316 1492 385 1522 tres
409 1487 541 1529 Cottii,
565 1487 719 1530 quinque
743 1487 862 1521 Leidd.
888 1487 1001 1521 Paris.
1027 1498 1056 1520 c.
1083 1499 1117 1521 x.
1140 1498 1172 1522 z.
1195 1487 1387 1522 Einsiedel.
1410 1488 1500 1524 Tur.

107 1550 140 1584 1.
163 1548 320 1590 Relicui,
344 1548 382 1582 in
405 1549 543 1592 quibus,
568 1549 661 1592 quod
684 1547 834 1588 mireris,
860 1547 943 1582 satis
966 1548 1058 1589 boni,
1082 1549 1216 1582 habent
1238 1554 1368 1583 certum
1403 1560 1501 1584 esse

105 1613 222 1650 ratus,
249 1610 342 1652 quod
366 1621 430 1643 cur
451 1609 689 1643 damnandum
713 1609 758 1642 sit
780 1612 877 1652 patet
901 1620 942 1642 ex
964 1609 1094 1643 notatis
1118 1609 1161 1642 ad
1185 1609 1262 1642 Cat.
1288 1609 1322 1652 Ι,
1348 1609 1382 1643 3.
1407 1621 1441 1653 p.
1464 1608 1501 1643 6.

106 1688 151 1693 —
179 1670 291 1703 Simul
315 1675 348 1704 ct
371 1671 479 1715 longe
502 1669 664 1714 plurimis
689 1670 789 1704 codd.
812 1670 995 1710 firmatur3
1016 1670 1053 1703 in
1076 1669 1252 1703 nonnullis
1274 1673 1390 1703 tamen
1415 1670 1502 1704 Cor-

105 1730 147 1764 tii
178 1735 212 1764 et
236 1731 352 1771 deest,
376 1732 467 1775 quod
491 1731 588 1765 haud
611 1731 763 1764 multum
788 1730 885 1764 abest
907 1730 990 1773 quin
1014 1731 1158 1773 probet,
1184 1741 1292 1773 quum
1315 1730 1417 1763 simul
1440 1741 1502 1773 per

104 1802 143 1824 se
166 1790 239 1824 xir‘n
263 1793 411 1835 copulae
434 1793 581 1834 habeat,
607 1795 646 1826 ut
677 1791 951 1824 demonstratum
976 1794 1028 1824 cst
1052 1791 1097 1824 ad
1122 1792 1198 1824 Cat.
1223 1791 1328 1831 xlx,
1353 1789 1386 1823 2.
1429 1790 1501 1824 Sed

106 1851 143 1885 in
176 1857 342 1896 promptu
373 1857 446 1895 est,
477 1858 529 1894 et,
554 1851 647 1896 quod
673 1852 778 1885 etiam
802 1852 896 1885 valet
921 1851 975 1894 (V.
999 1852 1116 1885 Beier.
1141 1852 1186 1885 ad
1210 1851 1284 1884 Cic.
1309 1851 1352 1884 de
1376 1850 1446 1884 off.
1472 1851 1501 1893 I,

106 1912 175 1954 4⁰,
210 1913 290 1946 142.
323 1917 357 1947 et
391 1917 511 1948 nostra
547 1914 591 1946 ad
623 1913 699 1946 Cat.
735 1913 888 1954 XXXV,
931 1913 984 1957 4.)
1026 1924 1159 1957 augere
1196 1912 1380 1955 copulandi
1415 1910 1504 1953 vim,

105 1982 197 2016 quae
229 1972 265 2006 in
298 1975 402 2008 simul
433 1976 543 2017 inest,
577 1975 771 2016 eodemque
799 1973 904 2006 modo
936 1976 1060 2007 auctor
1090 1973 1185 2005 infra
1217 1973 1354 2006 locutus
1386 1975 1438 2005 est
1469 1983 1500 2005 c.

107 2034 225 2075 XXV,
249 2033 283 2068 5.
313 2034 462 2079 Legati,
496 2035 587 2079 quod
612 2035 649 2068 in
672 2034 808 2066 invidia
834 2044 888 2066 res
913 2037 1007 2073 erat,
1039 2033 1178 2065 simul
1203 2036 1245 2065 et
1269 2033 1311 2064 ab
1340 2031 1502 2065 Numidis

107 2095 294 2134 obsecrati,
329 2095 445 2129 triduo
476 2096 596 2128 navim
630 2094 829 2128 ascendere.
861 2093 1059 2133 LXXXIV,
1092 2091 1125 2126 5.
1165 2092 1304 2126 Marius
1338 2092 1504 2126 hortandi

107 2165 249 2195 caussa,
303 2155 438 2188 simul
471 2161 515 2189 et
556 2155 775 2191 nobilitatem
819 2153 1028 2198 exagitandi
1073 2152 1265 2186 concionem
1306 2153 1502 2186 advocavit.

107 2215 223 2257 XCII,
247 2214 282 2247 2.
313 2215 440 2249 milites
469 2215 622 2249 modesto
655 2215 799 2259 imperio
834 2214 965 2256 habiti,
998 2214 1139 2248 simul
1172 2217 1214 2247 et
1246 2213 1431 2257 locupletes
1454 2212 1505 2246 ad

107 2277 237 2310 coelum
253 2277 365 2317 ferre.
390 2276 538 2318 xcvll,
562 2275 596 2310 1.

208 2339 232 2369 “.
257 2336 291 2369 2.
315 2347 418 2378 acer,
444 2336 636 2379 bellicosus]
662 2336 715 2370 lta
738 2335 862 2369 Livius
886 2345 1024 2379 quoque
1053 2335 1096 2368 de
1126 2333 1206 2369 talis
1229 2332 1361 2378 ingenii
1386 2332 1503 2367 homi-

107 2397 210 2431 nibus
239 2397 417 2440 loquitur,
453 2397 590 2438 XXVI,
623 2396 691 2438 26,
725 2396 783 2430 11.
821 2396 972 2438 xxvn,
1005 2394 1076 2436 34,
1109 2395 1144 2428 2.
1177 2394 1315 2434 XXIX,
1356 2392 1423 2436 32,
1467 2393 1502 2426 1.

106 2458 232 2493 Noster
262 2458 355 2492 iufra
387 2469 418 2491 c.
451 2458 582 2499 XLIII,
614 2458 648 2491 1.
682 2456 796 2490 conr.
826 2473 873 2480 -
906 2456 941 2489 Is
971 2455 1007 2489 in
1041 2455 1161 2489 Guelf.
1184 2454 1241 2487 lo.
1266 2453 1384 2493 deest,
1408 2452 1502 2496 quod

106 2518 227 2553 Curtio
251 2518 393 2562 elegans
417 2516 553 2557 visum3
578 2517 637 2551 sed
661 2529 694 2550 v,
719 2518 762 2552 ad
788 2517 862 2551 Cat.
887 2517 954 2558 LI,
977 2515 1034 2550 33.
1052 2528 1084 2559 p.
1101 2515 1183 2551 256.
1200 2533 1245 2540 —
1261 2512 1307 2547 At
1322 2517 1373 2547 est
1388 2524 1429 2546 ex
1445 2513 1500 2546 al-

107 2584 183 2613 tera
204 2583 330 2622 parte3
357 2578 427 2612 hac
445 2577 540 2612 enim
560 2578 732 2621 particula
756 2576 923 2622 distingui
947 2587 1002 2610 res
1026 2576 1179 2610 diversas
1203 2573 1322 2608 docuit
1337 2572 1501 2607 Handius

106 2638 150 2672 de
171 2639 282 2672 Partt.
307 2639 397 2673 Latt.
422 2639 497 2673 vol.
530 2638 556 2672 I·
591 2651 624 2681 p.
660 2639 739 2673 420.
776 2639 812 2680 1,
844 2639 877 2671 1.
912 2638 959 2671 cf.
991 2637 1029 2671 11.
1061 2649 1094 2670 c.
1125 2639 1158 2679 ἕ.
1193 2634 1227 2669 5.
1261 2634 1432 2676 XXXIII,
1460 2633 1496 2668 3.

106 2699 271 2740 LXXIII,
314 2699 347 2733 4.
390 2699 555 2741 LXXVI,
599 2699 633 2731 2.
665 2699 848 2741 LXXXV,
883 2697 937 2732 33.
974 2717 1018 2722 —-
1053 2697 1251 2731 Dictionem
1286 2699 1497 2739 opportunus

107 2757 256 2792 iniuriae
290 2759 430 2794 Cottius
459 2759 516 2794 his
547 2759 714 2803 exemplis
746 2759 954 2795 illustravit:
987 2758 1066 2793 Liv.
1101 2757 1268 2800 xxi‘nl,
1304 2754 1368 2798 19,
1393 2755 1425 2789 8.
1451 2765 1495 2789 πε
