1630 3034
101 151 194 193 454
480 139 528 182 C.
557 137 883 184 SALLUSTI
915 139 1132 184 CRISPI

43 273 99 312 20
111 261 236 323 quasi
277 258 467 303 honeste
511 256 710 302 vixerint.
792 258 864 302 Ne
908 258 972 301 illi
1011 258 1109 302 falsi
1145 262 1269 314 sunt,
1311 259 1388 316 qui
1423 257 1493 302 di-

115 359 398 404 vorsissumas
428 369 500 398 res
538 353 707 415 pariter
737 360 1017 416 exspectant,
1052 355 1256 415 ignaviae
1287 355 1497 414 volupta-

47 467 100 507 21
112 464 204 501 tem
246 459 291 498 et
329 451 532 514 praemia
574 451 759 496 virtutis.
829 452 980 510 Atque
1026 452 1158 496 etiam
1197 466 1335 510 quum
1380 451 1503 512 apud

117 567 198 598 vos
241 556 319 595 aut
362 550 407 594 in
452 554 608 594 senatu
650 549 791 593 verba
826 548 1015 606 faciunt,
1051 549 1269 609 pleraque
1304 550 1504 594 oratione

119 649 309 694 maiores
361 660 464 690 suos
509 645 751 700 extollunt3
792 661 947 691 eorum
1001 646 1132 690 fortia
1172 646 1292 690 facta
1330 660 1507 690 memo-

53 753 109 793 22
122 745 264 791 raudo
300 745 508 788 clariores
544 758 643 788 sese
675 749 848 804 putant.
901 743 1042 800 Quod
1077 749 1232 788 contra
1265 748 1345 788 est.
1393 743 1511 787 Nam

123 847 292 903 quanto
320 842 408 886 vita
434 841 613 885 illorum
648 841 946 901 praeclarior,
1000 847 1127 885 tanto
1157 840 1320 884 horum
1356 855 1512 885 socor-

126 993 213 1028 quas
247 993 314 1016 non
349 979 554 1023 metuimus,
578 979 703 1024 paullo
735 979 862 1014 latiore
891 992 996 1015 sensu
1025 980 1136 1032 etiam
1168 980 1211 1013 de
1241 979 1284 1014 iis
1315 983 1516 1024 usurpatur,

126 1054 212 1087 quas
241 1053 265 1077 a
301 1040 402 1075 nobis
433 1040 567 1075 alienas
597 1039 767 1084 nobisque
801 1041 897 1075 haud
921 1041 1048 1087 dignas
1072 1041 1293 1084 iudicamus,
1323 1041 1407 1084 quia
1429 1051 1520 1084 quae

129 1115 198 1137 non
236 1103 446 1144 metuimus,
478 1103 683 1146 plerumque
716 1101 806 1136 vilia
836 1107 916 1136 sunt
949 1114 991 1137 ae
1023 1103 1157 1136 nullius
1189 1101 1369 1138 momenti.
1417 1102 1522 1136 Hunc

130 1170 248 1199 nutem
283 1175 422 1198 sensum
446 1174 555 1208 prope
587 1163 632 1197 ad
665 1162 739 1196 vim
771 1163 944 1207 despicere
979 1163 1078 1198 verbi
1112 1162 1280 1197 accedere
1312 1166 1405 1198 recte
1433 1162 1523 1197 vidit

132 1226 268 1260 Ludov.
294 1223 524 1259 Doederlinus
548 1222 584 1257 in
610 1222 842 1269 Synonymm.
867 1225 956 1259 Latt.
980 1226 1057 1259 vol.
1081 1225 1126 1259 Π.
1151 1236 1185 1268 p.
1210 1224 1278 1258 1⁰1
1298 1235 1350 1268 sq.
1399 1224 1523 1268 Despi-

133 1298 208 1320 cere
244 1286 362 1328 enim,
392 1285 450 1319 cui
483 1284 697 1319 contrarium
730 1288 782 1320 est
813 1286 984 1331 suspicere
1016 1287 1073 1320 vel
1096 1286 1229 1328 vereri,
1260 1284 1437 1330 significat
1459 1285 1526 1319 ali-

134 1359 240 1391 quam
267 1358 369 1389 rem,
392 1350 563 1390 tanquam
587 1335 682 1380 infra
704 1358 767 1380 nos
789 1347 939 1391 positam
964 1349 1028 1393 (cf.
1052 1347 1125 1382 Cic.
1149 1347 1278 1380 Tusce.
1302 1347 1363 1388 ln,
1386 1345 1423 1388 7,
1448 1345 1526 1391 15.)

133 1409 236 1458 nihili
257 1413 409 1454 putare,
433 1419 454 1442 a
477 1419 546 1451 quo
570 1419 673 1442 sensu
697 1418 859 1452 spernere
882 1421 1004 1444 rursus
1031 1409 1081 1444 ita
1105 1408 1246 1451 differt,
1279 1414 1319 1442 ut
1342 1408 1386 1441 de
1407 1407 1453 1442 iis
1473 1407 1529 1442 di-

136 1474 254 1512 catur,
288 1481 379 1514 quae
413 1469 510 1514 sequi
542 1469 601 1503 vel
632 1469 795 1513 amplecti
828 1472 998 1514 nolimus,
1031 1471 1090 1505 sed
1122 1468 1324 1504 reficiamus
1352 1469 1471 1513 potius
1494 1474 1530 1504 et

135 1531 326 1577 fugiamus.

231 1594 263 1635 ὃ.
286 1592 344 1626 20.
395 1589 450 1624 Ne
484 1590 538 1624 illi
562 1591 657 1634 falsi
690 1592 794 1636 sunt]
828 1592 899 1627 Pro
929 1604 973 1627 ne
997 1591 1206 1626 Gerlachius
1237 1591 1420 1637 vulgatam
1444 1591 1534 1626 scri-

138 1653 244 1688 bendi
267 1652 439 1687 rationem
473 1662 542 1684 nae
573 1654 714 1686 secutus
746 1656 807 1687 est.
857 1654 915 1688 Ne
945 1653 1138 1699 genuinum
1163 1664 1238 1686 esse
1258 1652 1468 1698 intelligitur
1492 1664 1535 1687 ex

141 1712 389 1758 depravatione
410 1712 495 1745 Bas.
521 1710 554 1744 1.
579 1715 614 1745 et
637 1712 754 1747 Berol.
781 1714 816 1748 1.
842 1715 902 1748 ubi
925 1715 1062 1748 scribae
1087 1719 1167 1747 sunt
1191 1717 1370 1747 mutarunt
1393 1713 1428 1747 in
1451 1714 1533 1755 sint,

143 1774 235 1817 quod
268 1784 337 1807 non
368 1772 539 1817 potuisset
569 1773 673 1816 fleri,
704 1774 733 1808 si
765 1786 834 1809 nae
867 1776 1031 1820 primitus
1063 1775 1185 1809 fuisset
1214 1774 1395 1818 scriptum.
1427 1775 1467 1809 V.
1491 1774 1535 1807 ad

143 1835 220 1868 Cat.
243 1846 274 1868 c.
298 1834 373 1875 ml,
398 1833 456 1868 27.
489 1845 521 1878 p.
548 1833 629 1869 276.
654 1857 700 1862 —
736 1835 1118 1870 Diversissumas
1152 1846 1229 1878 res,
1266 1846 1300 1869 ν.
1325 1835 1370 1869 ud
1394 1835 1470 1870 Cat.
1496 1836 1536 1877 V,

144 1894 178 1929 5.
204 1913 251 1919 —
280 1895 350 1928 Pro
375 1899 575 1939 exspectant
604 1896 679 1929 cod.
706 1895 826 1930 Goerl.
851 1901 885 1931 et
909 1897 1029 1931 Guelf.
1059 1896 1093 1933 4.
1127 1908 1173 1930 m.
1198 1907 1265 1929 sec.
1291 1896 1398 1930 habet
1431 1907 1536 1940 espe—

145 1960 248 1996 tunt3
279 1955 406 1989 Rivius
440 1958 558 1988 autem
594 1955 702 1990 edidit
733 1962 917 2002 expetant,
953 1958 1044 2003 quod
1069 1958 1186 1991 Fabi-o
1217 1957 1322 1991 valde
1354 1956 1540 2001 probabile

147 2017 306 2058 videtur,
338 2019 373 2050 et
404 2026 426 2050 a
459 2015 593 2050 Weisio
623 2022 802 2062 receptum
839 2023 890 2054 est
915 2019 950 2054 in
976 2023 1122 2054 textum.
1170 2019 1239 2053 scd
1273 2021 1313 2052 ut
1337 2022 1474 2053 taceam
1496 2018 1541 2053 de

148 2077 278 2121 exigua
310 2076 418 2111 huius
448 2077 640 2122 scripturae
672 2079 901 2122 auctoritate,
933 2080 1010 2125 quis
1034 2092 1102 2115 non
1126 2080 1220 2114 videt
1243 2085 1442 2125 exspectare
1465 2091 1543 2114 ver-

148 2140 234 2172 bum
267 2138 415 2183 egregie
446 2138 489 2172 ad
524 2150 769 2184 praegressum
787 2142 879 2185 salsi
907 2146 986 2176 eunt
1020 2140 1167 2183 referri,
1197 2142 1319 2184 falli
1341 2145 1458 2175 antem
1483 2141 1543 2186 qui

154 2204 293 2244 expetat
317 2200 475 2244 aliquid,
507 2213 575 2235 non
606 2202 691 2236 sutis
715 2202 901 2236 commode
925 2203 995 2237 dici
1025 2202 1157 2247 posse?
1190 2203 1400 2247 Exspectare
1426 2207 1544 2237 nutem

154 2261 361 2306 praegnanti
386 2272 487 2296 sensu
509 2262 639 2297 dictum
663 2263 700 2296 h.
725 2264 749 2297 l.
774 2264 868 2298 valet
891 2276 971 2298 cum
994 2264 1204 2299 confidentia
1225 2263 1376 2308 opinari,
1394 2263 1429 2298 id
1453 2263 1546 2307 quod

154 2322 278 2366 cupias
297 2321 377 2357 ,tibi
401 2325 436 2357 et
466 2323 585 2357 deberi
616 2328 651 2359 et
674 2328 770 2358 certo
792 2324 913 2359 datum
936 2325 993 2360 iri.

247 2385 279 2425 §.
312 2383 370 2417 21.
402 2386 437 2416 et
468 2383 526 2418 22.
576 2386 682 2428 sacta
715 2385 962 2429 memorando]
997 2386 1069 2419 Cur
1107 2384 1277 2429 gerundio
1308 2387 1451 2426 auctor,
1480 2397 1547 2419 non

157 2442 348 2487 participio
375 2444 484 2478 futuri
517 2456 606 2488 pase.
638 2457 719 2479 usus
752 2445 817 2487 sit,
850 2445 956 2480 facile
987 2446 1163 2490 intelligas
1194 2457 1235 2479 ex
1258 2444 1481 2480 annotatione
1504 2446 1548 2480 ad

159 2505 233 2538 Cat.
260 2505 320 2545 iv,
346 2505 377 2538 1.
405 2505 485 2538 coll.
510 2506 554 2539 ad
581 2507 657 2551 lug.
682 2507 756 2547 vn,
781 2506 815 2539 2.
841 2518 874 2550 p.
899 2507 956 2541 40.
1003 2507 1093 2541 'Sum
1123 2506 1158 2540 in
1190 2507 1266 2541 sola
1290 2506 1387 2540 verbi
1412 2505 1549 2540 notione

160 2563 232 2597 vim
257 2564 447 2598 sentcntiae
471 2566 581 2601 inesse
605 2567 639 2601 in
664 2572 826 2611 promptu
851 2572 913 2602 cut.
933 2587 975 2593 ·—-
1002 2569 1063 2602 Est
1088 2572 1162 2611 post
1182 2573 1301 2602 contra
1325 2567 1462 2602 Cottius
1486 2568 1549 2601 ub-

162 2625 262 2667 iecit,
295 2626 410 2662 solnm
434 2627 554 2661 Guelf.
580 2628 613 2663 ὃ.
641 2632 787 2662 swintun.
814 2648 858 2653 -—
882 2629 977 2662 idom
1000 2628 1117 2662 statim
1143 2631 1221 2672 post
1245 2634 1374 2674 quanto
1403 2627 1551 2662 mutavit

164 2686 200 2720 in
224 2691 403 2730 quantum,
427 2688 522 2731 quod
547 2692 597 2722 cst
621 2688 655 2722 in
680 2689 760 2725 Seu.
786 2690 819 2723 1.
847 2690 985 2724 Fabric.
1012 2690 1044 2723 1.
1071 2690 1173 2723 Rem.
1199 2690 1231 2723 1.
1257 2690 1373 2723 Guelf.
1398 2688 1432 2723 3.
1480 2688 1550 2723 Sed

164 2757 378 2791 quamquam
417 2748 451 2782 in
485 2749 745 2793 comparatione
774 2750 919 2794 modus,
952 2761 1022 2793 quo
1054 2762 1123 2785 uua
1154 2762 1210 2784 ree
1233 2751 1377 2785 alteram
1401 2754 1552 2794 superat,
