1630 3034
413 157 780 201 IUGURTHA.
841 158 971 201 CAP.
1003 157 1130 200 LVII.
1407 162 1493 201 30³)

107 278 253 324 cuncti
300 281 375 319 aut
418 289 586 334 magna
629 260 734 334 pars
783 272 1057 318 Siccensium
1101 272 1238 317 fidem
1276 274 1489 318 mutavis-

105 380 223 427 sent3
259 378 381 417 tanta
415 371 660 415 mobilitate
694 386 790 414 sese
826 369 1048 414 Numidae
1083 375 1235 429 agunt.
1286 370 1379 413 Sed
1405 372 1526 413 mi-6

104 472 202 514 lites
237 466 509 529 Iugurthini,
544 466 790 526 paullisper
826 466 882 509 ab
917 481 1028 525 rege
1063 466 1313 522 sustentati,
1360 473 1489 526 post-

103 580 239 624 quam
271 564 438 609 maiore
473 563 517 607 vi
550 561 701 607 hostes
749 567 936 622 urgent,
981 561 1135 621 paucis
1172 561 1340 605 amissis
1376 577 1488 621 pro-

102 662 199 723 fugi
235 659 480 705 discedunt.
524 673 529 678 ·

236 756 378 801 LVII.
446 753 618 798 Marius
654 754 713 798 ad
747 753 933 797 Zamam
965 753 1181 814 pervenit.
1253 752 1306 796 Id
1349 753 1486 812 oppi-

100 853 230 909 dum,
280 854 326 896 in
368 866 532 912 campo
578 851 732 907 sit-um,
776 851 920 911 magis
960 864 1100 910 opere
1148 865 1282 908 quam
1330 855 1487 893 natura

98 950 313 994 munitum
353 954 464 1007 erat,
499 949 658 993 nullius
688 947 878 991 idoneae
913 947 978 990 rei
1014 961 1164 1007 egens,
1192 946 1324 990 armis
1360 946 1484 989 viris-

100 1061 188 1105 que
225 1045 500 1104 opulentum.
573 1045 715 1105 Igitur
748 1042 960 1087 Metellus
992 1058 1077 1102 pro
1113 1049 1320 1102 tempore
1354 1048 1528 1099 atque2

95 1143 197 1186 loco
227 1141 394 1202 paratis
430 1141 565 1186 rebus
603 1133 761 1184 cuncta
795 1139 971 1183 moenia
1008 1139 1203 1184 exercitu
1234 1139 1478 1183 circumve-

94 1285 128 1319 1.
154 1287 273 1319 autem
296 1284 407 1326 deest,
429 1284 568 1318 Cor-tius
592 1284 683 1318 male
707 1282 836 1316 omisit.
883 1282 1046 1315 Ceterum
1070 1282 1162 1316 ratio
1187 1283 1246 1316 ille
1271 1281 1484 1325 pronominis

93 1346 130 1379 h.
156 1346 180 1379 l.
204 1356 272 1379 non
297 1345 435 1380 diversa
459 1352 510 1379 est
533 1346 579 1379 ab
601 1352 674 1385 ea,
706 1354 812 1387 quam
837 1343 880 1376 ad
906 1354 936 1376 c.
961 1344 1086 1386 XLIX,
1110 1344 1143 1378 3.
1167 1348 1200 1377 et
1225 1343 1267 1377 ad
1292 1343 1348 1383 LI,
1372 1342 1406 1376 4.
1431 1347 1483 1376 te-

70 1430 72 1433 ψ
93 1406 259 1451 tigimus,
289 1406 356 1440 nisi
381 1406 472 1449 quod
496 1406 556 1439 hic
582 1405 738 1440 oratione
762 1403 907 1447 obliqua
931 1404 965 1437 in
989 1408 1119 1438 rectam
1144 1408 1277 1437 mutata
1301 1403 1483 1447 personale

91 1477 283 1510 pronomen
307 1466 492 1508 obtineret3
527 1467 572 1500 cf.
600 1478 630 1501 c.
655 1465 755 1508 LXI,
781 1464 817 1498 4.
869 1464 1030 1497 Metellus
1053 1465 1132 1508 fide
1156 1465 1259 1504 data,
1299 1465 1329 1496 si
1351 1464 1482 1508 Iugur-

91 1528 189 1562 tham
210 1527 326 1560 vivum
350 1532 414 1560 aut
438 1532 597 1561 necatum
622 1527 687 1560 sibi
710 1526 934 1565 tradidisset,
956 1527 1055 1568 sore,
1074 1531 1114 1558 ut
1137 1526 1218 1558 illi
1241 1527 1389 1558 Senatus
1413 1525 1480 1558 im-

89 1587 284 1631 punitatem
311 1589 520 1630 concederet,
538 1589 649 1630 facile
677 1587 854 1621 Numidae
875 1586 1075 1629 persuadet.
1123 1586 1230 1627 LXII,
1250 1585 1282 1619 2.
1333 1586 1478 1626 Caveat,

89 1659 135 1681 ne
167 1647 254 1681 illo
290 1652 498 1688 cunctante,
532 1648 707 1682 Numidae
741 1648 807 1681 sibi
832 1647 1023 1680 consulant.
1051 1645 1153 1687 wll,
1188 1646 1222 1679 2.
1247 1645 1420 1686 XXXIII,
1444 1645 1477 1678 4.

89 1707 211 1748 LXIV,
230 1706 265 1740 2.
291 1707 396 1749 LXV,
421 1708 454 1742 3.
480 1709 640 1750 LXXIX,
666 1708 702 1742 8.
728 1708 813 1748 cvl,
839 1707 870 1740 l.
897 1707 993 1747 CXI,
1020 1705 1051 1739 1.
1099 1707 1207 1740 Plura
1232 1707 1275 1739 ad
1300 1717 1373 1739 rem
1399 1717 1476 1749 per-

59 1774 64 1777 '
87 1766 233 1802 tinentia
259 1772 354 1810 petes
377 1779 418 1801 ex
443 1772 526 1802 nota
549 1769 700 1802 Daehuii
725 1769 770 1802 ad
793 1767 883 1812 Nep.
905 1767 1009 1801 Dion.
1041 1778 1069 1801 c.
1094 1767 1185 1807 vlu,
1209 1766 1241 1801 5.
1272 1767 1352 1800 coll.
1378 1767 1477 1800 Wal-

87 1828 168 1862 chio
193 1827 228 1861 in
253 1828 423 1861 Emendd.
449 1828 551 1862 Livv.
584 1840 618 1872 p.
641 1828 699 1865 55.
733 1832 766 1862 et
797 1827 890 1871 219„
923 1827 1048 1870 quibus
1082 1827 1162 1860 addi
1196 1832 1335 1870 possunt
1360 1832 1478 1860 nostra

87 1888 132 1922 ad
156 1889 232 1933 lug.
256 1888 314 1929 lv,
338 1889 372 1922 6.
399 1907 443 1912 ——
469 1889 585 1921 verba
609 1901 760 1923 casum
786 1889 871 1922 dare
901 1886 1158 1920 illustravimus
1183 1887 1225 1920 ad
1251 1898 1280 1919 c.
1308 1888 1416 1927 XXV,
1441 1885 1475 1920 9.

86 1948 132 1981 cf.
156 1947 372 1982 Boetticheri
403 1949 485 1982 Lex.
511 1949 628 1983 Tacit.
653 1950 689 1982 h.
714 1961 748 1982 v.
781 1960 813 1991 p.
839 1947 895 1982 82.
920 1966 966 1971 —
1001 1949 1081 1980 Sese
1118 1947 1290 1979 Numidae
1326 1952 1474 1991 agunt

86 2010 199 2040 exstat
221 2007 255 2040 iu
279 2007 409 2042 Nazar.
445 2009 615 2042 Commel.
646 2008 790 2042 Fabric.
817 2008 848 2039 1.
873 2007 907 2040 2.
942 2007 1059 2039 Guelf.
1087 2007 1118 2039 1.
1153 2006 1269 2040 Leidd.
1295 2008 1337 2041 B.
1369 2008 1407 2041 Ε.
1432 2008 1473 2041 F.

85 2067 129 2100 K.
154 2067 193 2100 L.
218 2067 267 2100 M.
301 2067 344 2101 N.
381 2069 490 2101 Laud.
526 2068 558 2101 2.
593 2069 635 2101 R.
663 2068 767 2102 Publ.
800 2067 914 2100 Mark.
952 2069 993 2101 Γ.
1028 2073 1062 2100 ct
1096 2067 1270 2100 nonnullis
1301 2066 1399 2100 Rivii
1432 2079 1472 2101 ac

86 2125 196 2161 Cortii
230 2126 509 2169 antiquioribus3
542 2128 578 2161 in
602 2128 744 2161 relicnis
775 2132 903 2171 gerunt
926 2127 1078 2172 legitur,
1115 2128 1204 2170 quod
1231 2139 1336 2170 quum
1362 2127 1405 2161 sit
1430 2140 1470 2161 ex

84 2185 365 2230 interpretatione
388 2188 554 2231 scriptun·
571 2213 582 2230 ,
616 2187 767 2222 Weissio
794 2187 934 2230 placuit.
959 2207 1003 2212 —
1038 2188 1089 2220 De
1111 2189 1302 2231 paullisper
1326 2199 1411 2221 voce
1436 2198 1467 2222 v.

83 2246 284 2281 Doederlini
307 2246 439 2291 Synon.
464 2249 542 2282 Lat.
568 2249 642 2282 vol.
668 2249 695 2282 1.
721 2260 754 2291 p.
779 2247 858 2281 1⁴8.
883 2247 915 2281 5.
943 2252 977 2281 et
1002 2253 1116 2281 annot.
1143 2249 1186 2281 ad
1211 2249 1287 2292 lug.
1315 2249 1341 2289 l,
1366 2248 1399 2283 -l,

174 2307 278 2342 Lvn.
303 2309 335 2349 ἓ.
361 2309 394 2341 1.
419 2313 452 2342 et
476 2309 508 2342 2.
557 2309 604 2342 ad
631 2309 792 2351 Zamam]
820 2308 875 2340 Ad
901 2307 1187 2350 praepositionem
1213 2309 1352 2342 eortius
1378 2310 1467 2342 mul-

82 2368 178 2412 tique
201 2367 265 2402 alii
288 2368 348 2401 hic
370 2380 437 2402 non
461 2370 639 2403 abundare
662 2372 803 2413 putant,
837 2369 897 2400 sed
922 2367 970 2400 ita
994 2367 1140 2406 dictam,
1175 2374 1212 2401 ut
1237 2370 1314 2403 lona
1338 2371 1468 2404 Zamae

81 2429 241 2473 proxima
265 2439 307 2462 ea
331 2429 570 2473 designentur3
595 2430 640 2462 cf.
668 2429 760 2462 infra
785 2440 814 2461 c.
839 2428 975 2469 Lxxi‘,
993 2427 1028 2461 6.
1051 2431 1085 2461 et
1108 2427 1140 2460 9.
1169 2429 1241 2469 XC,
1263 2430 1297 2462 2.
1323 2430 1411 2472 XCI,
1429 2429 1464 2462 4.

80 2489 150 2523 Sed
176 2488 315 2522 Ferdin.
339 2489 500 2522 nandius
524 2489 567 2522 de
589 2490 736 2523 Partica.
763 2489 854 2523 Latt.
878 2488 950 2521 Vol
978 2488 1005 2520 l.
1032 2499 1064 2530 p.
1084 2487 1141 2522 8⁰.
1167 2489 1301 2530 (locuit,
1330 2496 1368 2523 ut
1392 2492 1466 2524 solo

81 2549 278 2584 accusativo
313 2554 348 2583 et
378 2549 555 2594 ingressus
587 2549 622 2583 in
656 2550 798 2591 urbem,
831 2552 866 2582 et
898 2559 1056 2582 accessus
1089 2548 1131 2581 ad
1158 2549 1253 2582 urbis
1283 2550 1465 2594 regionem

81 2610 318 2655 significetur,
352 2609 402 2643 ita
435 2615 619 2653 utrumque
650 2610 755 2643 ctiam
781 2609 828 2642 ad
853 2608 1106 2652 praepositione
1129 2609 1246 2643 addita
1270 2610 1463 2650 declarari3

82 2671 140 2704 sed
164 2683 229 2705 usu
251 2667 440 2712 evaluisse,
475 2673 509 2703 et
531 2670 741 2714 praepositio
766 2671 969 2714 plerumque
999 2669 1237 2711 omitteretur,
1274 2680 1386 2712 eoque
1409 2670 1464 2702 fa-

83 2734 200 2774 ctum,
231 2734 271 2765 ut
294 2731 384 2766 haec
416 2729 505 2765 ratio
533 2740 555 2765 a
578 2730 821 2775 grammaticis
851 2741 915 2775 pro
937 2730 1013 2765 sola
1035 2729 1216 2775 legitima,
1254 2739 1466 2773 quamquam
