1630 3034
417 97 589 139 RERUM
618 97 682 140 Ac
711 86 984 140 VERBORI'JM
1327 92 1380 135 51

12 209 138 242 Militiae
155 209 305 242 Romanae
320 211 468 242 vocabula
486 221 505 243 a
521 210 738 254 scriptoribus
756 211 856 243 etiam
874 209 914 242 de
942 209 1090 242 externis
1113 207 1267 247 gentibus
1283 215 1383 238 usur·

101 270 234 308 pantur,
262 265 297 299 C.
321 266 375 306 53,
395 266 425 299 3.
475 265 500 300 Ι.
520 267 575 305 49.
592 267 626 299 2.

10 322 134 354 Militiae
149 331 232 353 more
248 321 338 364 quid,
355 322 379 355 I.
401 322 455 362 54,
475 322 506 356 1.

10 376 47 410 Iu
64 378 174 408 militia
190 377 292 410 etiam
309 380 409 418 qratia
422 378 569 417 valebat,
597 378 622 411 Ι.
642 377 697 417 98,
719 377 749 410 1.

11 432 104 465 Domi
121 434 290 474 militiaque
307 434 406 466 dictio
424 444 487 466 non
505 435 590 466 satis
608 433 844 471 commendata,
871 433 906 465 C.
928 432 981 469 53.
1000 432 1031 465 2.

10 488 149 520 Militiam
165 489 287 521 misera
305 490 465 530 condicio,
483 490 506 522 Ι.
527 491 583 529 41,
601 489 634 523 8.

6 541 136 576 'Militum
151 544 282 578 labores
300 550 335 578 et
350 547 522 586 exercitia,
541 545 566 579 Ι.
584 546 641 585 44,
659 546 692 578 3.
739 545 794 584 45,
812 545 844 579 2.

10 600 137 632 Militum
153 602 379 634 scribendorum
397 613 480 644 quae
495 603 581 635 ratio
599 601 711 641 suerit,
736 601 761 634 Ι.
777 601 831 639 86,
851 601 881 632 2.

10 656 93 688 Mille
109 667 182 689 cum
199 659 348 699 genitivo
367 659 587 698 coniunctum,
614 657 639 690 Ι.
657 657 712 698 68,
732 657 764 691 3.

11 713 144 745 Minister
161 715 317 756 quomodo
335 715 467 748 differat
482 714 523 746 ab
541 715 730 753 administro,
755 713 780 746 Ῐ.
796 711 850 751 29,
868 713 900 745 2.

11 767 158 801 Minucius
171 770 273 812 Rufius,
298 770 323 802 Ι.
343 771 398 810 35,
415 771 448 805 2.

13 824 144 857 Minuere
160 836 236 858 num
252 827 411 859 reflexivo
429 836 530 858 sensu
547 836 603 868 pro
621 826 715 857 minui
730 825 794 857 dici
813 824 928 866 possit,
948 821 987 856 C.
1008 823 1063 856 24.
1082 823 1114 854 2.

12 879 158 912 Minumus
176 881 198 913 i.
216 891 246 924 q.
264 882 426 914 minumus
445 886 537 922 natu,
562 881 587 914 Ι.
608 881 662 921 11,
681 881 712 914 3.

12 935 117 968 Mirari
133 936 210 978 quid
227 936 359 969 differat
372 938 413 970 ab
431 939 589 977 admirari,
615 936 639 969 Ι.
659 936 692 975 2,
710 936 741 968 4.

11 992 114 1024 Missio
127 993 267 1025 militum
284 993 378 1025 varia
396 992 470 1032 suit,
495 993 520 1025 Ι.
540 993 594 1031 64,
614 992 644 1025 1.

12 1048 125 1080 Mittere
142 1053 176 1081 et
193 1050 322 1081 emittere
339 1049 489 1088 confusa,
516 1049 539 1081 Ι.
560 1047 614 1088 77,
634 1050 665 1081 4.

12 1104 163 1136 Mobilitas
181 1109 216 1136 et
232 1106 372 1137 nobilitas
390 1105 540 1144 confusa,
567 1102 606 1138 C.
627 1104 683 1144 49,
697 1105 728 1136 4.

13 1160 168 1192 Moderare
185 1165 219 1192 et
234 1162 386 1193 moderari
403 1161 529 1204 aliquid
557 1162 576 1193 i.
606 1171 635 1204 q.
656 1170 773 1202 regere
798 1160 924 1201 aliquid
942 1161 1037 1201 eique
1065 1159 1222 1191 intentum
1241 1168 1328 1197 esse,
1363 1157 1386 1189 Ι.

103 1214 158 1256 73,
177 1217 209 1249 4.

13 1271 164 1304 Moderari
181 1273 317 1313 aliquam
332 1284 396 1305 rem
415 1274 436 1306 i.
457 1284 486 1316 q.
508 1283 673 1312 coercere,
698 1272 723 1306 Ι.
742 1273 797 1311 82,
815 1272 846 1304 2.

13 1327 156 1360 Modestia
174 1328 197 1360 i.
219 1338 250 1370 q.
270 1338 390 1361 sensus
408 1330 491 1361 modi
510 1329 678 1366 servandi,
703 1327 729 1360 Ι.
748 1329 803 1367 44,
825 1327 855 1360 ·1.

14 1383 163 1415 Modestus
180 1384 312 1425 dicitur,
339 1386 394 1428 qui
413 1389 465 1417 est
477 1386 576 1417 animi
591 1385 737 1417 bonitate
755 1394 794 1416 ac
812 1383 988 1426 probitate,
1015 1381 1038 1414 1.
1058 1381 1113 1418 41.
1139 1381 1171 1414 2.

18 1439 133 1471 Modiee
149 1440 172 1473 i.
192 1450 222 1483 q.
242 1441 401 1481 modeste,
427 1441 451 1474 Ι.
474 1441 549 1480 111,
569 1440 600 1473 1.

13 1495 102 1528 Modo
115 1498 316 1528 —interdum
332 1507 388 1539 pro
405 1498 493 1528 motio
509 1515 553 1519 —
569 1498 670 1534 modo,
695 1495 720 1528 Ι.
740 1495 794 1533 62,
813 1495 843 1526 9.

13 1551 103 1584 Modo
119 1553 169 1585 rei
187 1552 384 1585 sufficientis
403 1553 534 1585 notione
551 1556 756 1595 usurpatum,
780 1550 804 1584 Ι.
826 1550 880 1588 75,
899 1550 929 1582 7.

14 1608 102 1640 Modo
119 1609 345 1649 restringendi
364 1609 397 1642 vi
413 1609 568 1652 positum,
596 1608 631 1641 C.
652 1607 707 1646 39,
725 1607 757 1639 6.

15 1663 104 1696 Modo
120 1681 166 1689 -—
180 1665 270 1696 modo
288 1665 382 1698 iuxta
400 1665 607 1704 collocatum,
634 1661 673 1697 C.
695 1663 749 1701 56,
768 1664 796 1695 4.

15 1719 103 1752 Modo
122 1720 321 1761 geminatum
338 1721 444 1752 altero
462 1721 533 1752 loco
549 1721 713 1752 interdum
731 1719 866 1755 excidit,
893 1717 916 1749 Ι.
937 1717 990 1749 93.
1010 1719 1059 1760 4,-

16 1775 134 1816 Modus,
152 1777 236 1808 modi
253 1776 396 1808 aUcuius
413 1777 475 1816 rei,
495 1776 596 1820 expl.,
615 1773 655 1808 C.
679 1775 729 1807 16.
755 1775 781 1806 1.

17 1831 138 1863 Modum
152 1834 252 1872 [acere
269 1833 360 1863 alicui
374 1833 430 1872 rei,
458 1831 494 1865 C.
511 1832 568 1871 24,
587 1832 618 1865 3.

17 1888 139 1920 Modum
156 1892 182 1919 et
198 1889 379 1920 modestiam
394 1888 511 1918 nullam
527 1888 648 1925 habere,
676 1886 710 1917 C.
734 1885 785 1917 11.
805 1887 836 1916 4.

17 1943 137 1974 Moenia
151 1943 307 1985 quomodo
326 1943 481 1974 differant
498 1952 516 1973 a
534 1952 630 1981 muro,
649 1941 673 1973 Ι.
694 1940 748 1979 94,
768 1941 800 1973 4.

19 1999 138 2032 Moeror
155 1999 309 2031 diversus
328 2008 347 2030 a
365 1999 456 2038 luctu,
475 1994 515 2030 C.
536 1997 590 2036 61,
609 1996 640 2029 9.

19 2055 119 2087 Mollis
137 2055 158 2086 i.
179 2064 209 2097 q.
230 2054 450 2097 voluptarius,
477 2053 511 2085 C.
528 2053 583 2091 25,
604 2055 634 2085 5.

19 2111 119 2142 Mollis
139 2114 173 2142 et
187 2110 316 2141 molliter
329 2111 351 2142 i.
371 2120 400 2152 q.
417 2119 530 2153 parum
549 2108 656 2149 sortis,
675 2109 763 2141 haud
781 2107 937 2147 viriliter,
956 2107 980 2140 Ι.
1000 2106 1055 2146 82,
1073 2106 1106 2140 2.

20 2166 139 2198 Manere
157 2176 229 2198 cum
245 2170 275 2197 ut
292 2170 326 2198 et
350 2176 420 2198 cum
445 2166 586 2204 infinitivo
612 2165 820 2197 coniunctum
845 2164 1013 2196 diversum
1041 2171 1173 2195 sensum
1202 2162 1313 2200 habet,
1350 2158 1391 2195 C.

109 2221 164 2261 52,
183 2221 215 2254 3.

20 2277 161 2309 Mortales
179 2277 259 2309 dicti
276 2288 331 2320 pro
349 2278 530 2315 hominibus,
549 2276 583 2309 C.
607 2276 635 2309 l.
656 2277 685 2308 4.

21 2333 105 2364 Mos:
119 2343 201 2364 more
218 2334 354 2372 militiae,
372 2330 397 2365 l.
418 2334 471 2372 54,
492 2331 521 2364 1.

22 2388 102 2420 Malo
118 2398 200 2420 more
216 2389 239 2421 i.
260 2398 290 2431 q.
310 2393 347 2421 ut
362 2389 468 2421 malus
487 2398 553 2420 mos
572 2388 706 2422 existat,
735 2387 758 2419 1.
776 2387 832 2426 42,
847 2386 878 2419 3.

22 2444 118 2476 Mores
135 2449 273 2476 naturae
291 2445 442 2487 oppositi,
461 2441 500 2476 C.
522 2443 576 2482 58,
591 2443 623 2474 2.

23 2500 119 2532 Motus
137 2500 160 2532 i.
179 2510 209 2542 q.
229 2510 343 2542 pavor,
360 2505 479 2538 terror,
499 2496 539 2531 C.
559 2498 614 2537 42,
631 2498 663 2531 2.

23 2556 138 2588 Movere
154 2559 259 2587 senatu
275 2555 408 2594 dicitur,
428 2565 489 2587 non
509 2564 656 2591 amovere,
674 2550 715 2586 C.
734 2553 789 2591 23.
810 2554 840 2586 1.

25 2611 129 2644 Mulier
146 2611 269 2642 ancilla.
287 2610 310 2642 Ι.
332 2609 386 2644 12.
406 2611 435 2643 5.

1064 2675 1121 2708 4*
