1630 3034
123 162 180 201 20
492 154 901 198 G.SALLUST1
932 153 1155 197 CRISPI

124 273 361 333 republica
409 277 600 315 aetatem
646 286 807 331 agere,
853 276 976 313 tanto
1021 276 1203 327 tamque
1247 270 1341 313 utili
1375 269 1519 313 labori

125 384 228 413 meo
264 383 426 412 nomen
462 369 645 412 inertiae
679 369 933 427 imponant,
971 373 1091 410 certe
1118 367 1277 425 quibus
1313 380 1520 409 maxuma

124 466 340 509 industria
368 465 544 508 videtur
575 465 766 508 salutare
794 464 977 523 plebem
1014 470 1059 507 et
1091 464 1298 507 conviviis
1330 462 1520 522 gratiam

126 619 180 653 bis
209 619 294 663 ipsis
326 619 406 653 elici
438 623 562 663 potest.
609 620 688 653 Hoc
722 619 814 652 euim
847 618 931 652 dicit
963 617 1172 659 Sallustius,
1197 616 1368 651 historiae
1398 615 1523 650 laudes

126 681 204 714 aliis
226 692 263 714 se
286 680 503 723 relinquere,
545 679 657 722 ipsum
683 679 859 712 celebrare
882 679 997 719 nolle,
1031 691 1075 712 ne
1107 690 1231 722 parum
1256 690 1337 712 vere
1361 681 1394 711 et
1417 686 1524 720 supra

126 741 270 774 modum
304 740 356 783 (i.
388 752 417 774 e.
452 751 515 783 per
548 739 798 783 insolentiam)
841 740 997 774 studium
1027 751 1129 774 suum
1159 739 1321 773 laudasse
1350 739 1523 771 videatur.

127 801 196 835 Per
217 813 253 834 se
275 800 386 845 igitur
402 802 497 843 patet
514 799 622 832 rerba
644 800 823 833 laudando
848 802 1029 841 extollere,
1065 810 1155 843 quae
1180 798 1321 832 Cottius
1347 794 1524 835 disiunxit,

127 861 369 904 coniungenda
405 871 499 901 esse,
539 860 643 902 idque
677 860 841 904 loquendi
871 873 935 895 usu
966 860 1110 905 egregie
1137 860 1385 899 confirmatur,
1416 865 1525 899 quum

128 923 290 955 extollere
318 925 352 954 et
383 922 526 965 efferre,
551 931 765 964 quamquam
793 922 884 955 nude
912 922 994 965 poni
1019 925 1179 964 possunt,
1204 924 1324 954 tamen
1340 915 1526 961 gravitatis

128 992 252 1015 caussa
282 992 387 1025 saepe
415 981 611 1015 ablativum
639 982 698 1014 vel
727 981 935 1015 substantivi
964 983 1022 1015 vel
1047 980 1208 1026 gerundii
1235 979 1439 1013 adiunctum
1460 976 1527 1009 ha-

127 1042 254 1083 beant3
281 1042 327 1075 cf.
361 1042 436 1075 Cat.
454 1042 544 1081 vlu,
571 1041 606 1075 4.
635 1046 804 1086 quantum
829 1042 987 1074 verbis
1013 1053 1090 1075 eam
1112 1046 1257 1085 potuere
1285 1039 1526 1074 extollere.

127 1103 205 1148 lug.
230 1103 307 1144 XV,
329 1102 363 1136 2.
396 1103 591 1147 Iugurthae
620 1103 786 1136 virtutem
815 1103 1043 1136 extollere
1072 1102 1306 1135 laudibus.
1359 1097 1465 1138 LXV,
1491 1096 1526 1130 3.

129 1163 281 1197 secunda
306 1163 463 1196 oratione
491 1163 663 1196 extollere.
711 1163 895 1203 LXXXV,
919 1162 975 1196 21.
1016 1163 1116 1204 cul,
1141 1162 1175 1196 7.
1224 1163 1411 1196 Praeterea
1437 1157 1530 1201 quod

129 1222 290 1262 eortius,
323 1226 360 1256 ut
392 1223 584 1257 sententiae
611 1224 703 1257 ratio
733 1227 883 1265 constet,
912 1226 991 1257 ante
1019 1228 1146 1257 memet
1170 1222 1326 1266 suppleri
1345 1221 1443 1254 iubet
1461 1229 1528 1257 me,

130 1283 165 1317 id
193 1284 290 1317 nullo
319 1283 423 1316 modo
450 1283 527 1317 fieri
554 1287 683 1327 potest,
713 1289 749 1318 ut
774 1288 868 1328 patet
888 1295 930 1317 ex
955 1287 1037 1318 nota
1056 1285 1098 1317 ad
1123 1283 1224 1317 Catil.
1242 1295 1273 1316 c.
1294 1282 1425 1322 xxm,
1443 1280 1478 1315 7.
1494 1290 1527 1323 p.

132 1343 211 1378 147.
260 1344 447 1387 Quomodo
479 1344 572 1377 enim
602 1355 644 1377 ex
666 1346 742 1388 quis
765 1344 887 1378 elicias
905 1344 987 1378 me?
1034 1343 1191 1387 Denique
1209 1345 1306 1377 nulla
1325 1351 1449 1376 caussa
1466 1343 1530 1379 eet,

132 1415 195 1437 cur
222 1415 335 1437 meum
367 1409 448 1437 ante
474 1405 652 1438 laudando
679 1416 757 1438 cum
788 1405 907 1438 Curtio
927 1404 1108 1448 eliciatur,
1142 1415 1354 1449 quamquam
1373 1414 1394 1437 a
1412 1400 1529 1436 Guelt.

132 1462 168 1505 6,
188 1463 245 1497 12.
270 1464 354 1497 Yen.
372 1463 406 1496 3.
426 1468 460 1498 et
478 1465 554 1500 Vat.
576 1465 611 1498 4.
630 1466 742 1499 abest.
791 1466 1060 1508 Quodammodo
1080 1477 1271 1509 pronomen
1290 1465 1411 1498 firmat
1424 1462 1533 1497 etiam

134 1524 254 1558 Taciti
283 1525 399 1565 locus,
430 1526 525 1559 haud
549 1525 654 1559 dubie
670 1527 713 1559 ad
734 1526 941 1560 Sallustium
968 1538 1168 1570 expressus,
1195 1527 1284 1560 Ann.
1303 1525 1396 1564 xlv,
1419 1523 1476 1563 43,
1499 1523 1533 1556 l·

135 1596 177 1618 ne
197 1585 303 1618 nimio
333 1595 451 1618 amore
474 1586 610 1629 antiqui
641 1587 746 1620 moris
773 1587 976 1620 studium
1005 1598 1141 1620 meum
1173 1587 1408 1620 extollere
1434 1584 1533 1617 vidc-

136 1657 205 1680 rer.
230 1664 276 1670 —
307 1645 370 1678 Per
395 1646 616 1679 insolentiam
644 1651 766 1681 auctor
786 1647 942 1680 consulto
961 1647 1076 1680 verbis
1096 1658 1138 1680 ne
1157 1665 1201 1671 —
1219 1648 1294 1690 quis
1315 1645 1533 1689 interposuit,

139 1712 177 1740 ut
195 1707 229 1740 id
242 1731 251 1746 ,
278 1706 335 1739 cui
355 1706 509 1739 maxime
528 1718 712 1740 occurrere
730 1708 824 1747 vult,
854 1718 932 1740 cum
949 1707 984 1740 vi
1003 1708 1257 1750 praemittatur.

232 1769 267 1808 §.
294 1767 329 1800 3.
376 1768 501 1811 atque]
537 1768 635 1801 Haec
659 1768 834 1811 particula
865 1772 903 1801 ut
928 1768 997 1801 duo
1023 1769 1217 1810 vocabula,
1248 1778 1396 1810 quorum
1420 1770 1536 1810 poste-

139 1828 213 1863 rius
239 1827 348 1871 priori
375 1828 522 1873 gravius
547 1834 616 1870 est,
643 1828 823 1873 coniungit
849 1829 909 1871 (v.
930 1828 974 1861 ad
996 1829 1070 1862 Cat.
1089 1841 1116 1861 c.
1139 1829 1194 1864 LI.
1215 1828 1320 1869 lo.)‚
1351 1828 1402 1861 itu
1428 1827 1536 1862 etiam

142 1889 285 1923 inservit
311 1889 611 1923 enunciationibus
637 1889 860 1932 copulandis,
886 1900 1037 1932 quarum
1059 1890 1231 1933 posterior
1249 1889 1394 1933 gravior
1408 1892 1459 1922 est
1475 1899 1538 1921 an-

144 1951 341 1989 tecedente3
380 1961 488 1993 quam
517 1950 689 1983 rationem
718 1953 882 1983 accurate
909 1950 1098 1993 explicavit
1125 1950 1285 1984 llandius
1315 1949 1358 1982 de
1388 1948 1539 1983 Particc.

143 2012 235 2046 Latt.
255 2012 331 2045 vol.
352 2011 378 2044 l.
405 2023 437 2054 p.
458 2010 539 2044 484.
590 2012 667 2044 Hoc
697 2011 807 2055 igitur
836 2011 1010 2056 significat
1039 2011 1250 2051 Sallustius,
1280 2020 1346 2042 non
1373 2009 1487 2042 solum
1509 2009 1540 2041 si

145 2072 266 2106 laudet
291 2071 461 2105 historiae
484 2071 638 2105 studium
666 2073 795 2106 multos
825 2072 858 2105 id
886 2083 993 2115 aegre
1016 2073 1162 2111 laturos,
1188 2072 1260 2111 scd,
1285 2069 1424 2103 etiamsi
1450 2068 1541 2102 nihil

144 2133 187 2166 de
207 2133 281 2167 eius
299 2133 429 2166 virtute
448 2132 560 2176 dicat,
595 2134 682 2166 adeo
701 2132 776 2165 sore
789 2158 799 2174 ‚
831 2132 890 2175 qui
908 2133 1019 2175 ipsum
1038 2134 1189 2167 studium
1211 2133 1418 2174 vituperent.
1465 2130 1542 2164 Non

144 2194 228 2227 satis
257 2198 350 2228 recte
376 2193 486 2236 igitur
510 2193 648 2227 Cottius
675 2198 829 2237 ,‚atque,
860 2193 992 2236 inquit,
1015 2194 1123 2228 servit
1151 2191 1369 2237 occupationi
1391 2195 1424 2224 et
1446 2194 1543 2225 notat

149 2260 182 2287 ct
211 2265 312 2295 vero,
338 2259 371 2287 et
404 2258 557 2288 tamen.“
606 2255 724 2297 Neque
755 2254 915 2287 assentiri
943 2265 1125 2297 possumus
1155 2253 1314 2293 nundin,
1340 2253 1399 2296 qui
1425 2253 1447 2285 l.
1465 2252 1487 2287 l.
1504 2264 1541 2296 p.

148 2314 227 2348 489.
252 2315 502 2348 sententiarum
531 2326 658 2347 nexum
683 2314 784 2348 aliter
802 2326 907 2357 quum
925 2326 987 2347 nos
1008 2315 1146 2358 capiens
1164 2321 1269 2359 atque
1286 2311 1473 2345 vernacule
1491 2310 1543 2344 in-

149 2377 407 2419 terpretandum
433 2381 549 2409 censet
575 2375 793 2419 gleichwohl.
851 2374 958 2408 Cuius
978 2372 1220 2418 explidutionis
1247 2373 1375 2406 oblitus
1403 2384 1440 2415 p.
1462 2370 1543 2405 498.

151 2436 259 2471 aliam
286 2437 468 2478 proponit,
504 2435 617 2469 minus
647 2435 773 2475 etiam,
803 2435 833 2469 si
860 2435 943 2479 quid
977 2435 1098 2476 video,
1135 2433 1460 2468 commendabilem.
1500 2451 1542 2457 —

155 2499 321 2530 Salutare
352 2501 482 2539 spectat
507 2497 548 2529 nd
571 2496 776 2530 ambitiosos
798 2495 876 2528 illos
890 2521 898 2534 ,
926 2496 985 2538 qui
1011 2501 1151 2539 propter
1169 2497 1317 2528 honores
1338 2494 1546 2538 prensalmnt

154 2558 291 2602 plebi-m
306 2583 314 2596 ,
344 2557 450 2590 etiam
471 2558 730 2590 nomenclatore
749 2555 918 2589 adhibito.
969 2558 1012 2590 cf.
1044 2557 1115 2590 Cic.
1135 2557 1177 2589 de
1194 2557 1289 2599 petit.
1309 2567 1402 2588 cons.
1421 2566 1450 2586 c.
1471 2554 1542 2586 vn.

154 2618 229 2653 biv.
252 2618 377 2656 xxm,
398 2617 432 2656 4,
453 2617 485 2650 2.
520 2618 608 2650 Hinc
629 2623 825 2656 senatores,
857 2617 983 2649 omissa
1011 2619 1197 2661 dignitatis
1223 2618 1459 2660 libertatisque
1476 2627 1547 2649 me-

155 2679 288 2718 moria,
322 2678 453 2721 plebem
477 2678 636 2717 adulari,
657 2680 831 2717 salutaro,
861 2678 1011 2719 benigno
1037 2679 1208 2718 invitare,
1239 2678 1423 2721 apparatis
1453 2678 1546 2710 acci-

153 2749 237 2784 pere
256 2739 375 2782 epum.
425 2737 471 2770 ih.
494 2737 554 2775 nt.
579 2737 632 2776 Η,
652 2737 684 2770 5.
714 2756 756 2761 —-
789 2738 963 2771 conviviis
985 2737 1007 2770 i.
1030 2749 1060 2770 e.
1080 2737 1195 2781 epuli·
1212 2743 1245 2770 et
1263 2736 1550 2771 viscerationibus
