1630 3034
75 178 160 218 108
260 140 263 143 Ι
442 173 488 217 C·
520 172 849 216 SALLUSTI
880 174 1103 217 CRISPI

32 297 209 349 2atque
240 289 362 334 humi
393 289 635 350 pabulum,
671 290 734 332 vti
761 290 1012 349 pecoribus.
1082 291 1145 335 Hi
1179 305 1327 349 neque
1361 307 1470 337 mox--

73 387 193 431 ribus
228 402 375 445 neque
405 387 509 446 lege
541 391 616 428 aut
643 385 836 446 imperio
868 387 1130 444 cuiusquam
1166 388 1464 448 regebantur;

72 484 200 543 vagi,
244 483 446 543 palantes
498 497 589 539 qua
640 498 729 528 nox
787 490 1001 543 coegerat
1048 483 1177 528 sedes
1221 484 1462 528 habebant.

72 631 227 674 anssii,
251 631 346 665 Med.
369 631 405 666 9.
428 630 506 665 Vat.
530 629 566 666 5.
590 632 624 664 et
645 629 753 674 Neap.
777 629 811 664 4.
836 630 970 675 legitur
993 643 1096 676 quo,
1128 631 1164 666 in
1188 630 1322 665 Wassii
1347 634 1465 665 autem

71 692 178 728 Mart.
203 696 237 727 et
260 693 305 727 Β.
329 692 418 726 Pub.
443 703 586 736 quam.
631 691 766 734 Quibus
789 691 1030 736 discrepantiis
1054 692 1144 727 inter
1166 704 1204 727 se
1227 692 1369 727 collatis
1392 692 1465 726 iam

70 756 168 797 patet
209 764 252 787 ex
281 752 463 797 primitiva
503 752 678 796 scriptura
717 763 787 796 qua
823 756 957 787 ceteras
991 753 1209 788 diversitates
1247 765 1322 787 esse
1351 757 1469 795 natas,-

71 825 181 858 quum
214 813 350 848 scribae
382 825 452 858 qua
483 824 553 846 nou
582 813 816 857 intelligentes
848 814 989 847 diversa
1012 813 1072 847 via
1096 826 1161 858 quo
1186 816 1220 848 et
1243 825 1330 858 quas
1353 817 1466 848 tenta—

69 877 168 916 rent,
200 877 263 908 aut
294 874 423 908 calami
458 874 561 917 lapsu
592 873 629 906 in
653 885 757 917 quam
781 874 998 909 aberrarent.
1044 874 1186 920 Exigua
1208 877 1260 908 est
1282 873 1393 919 igitur
1420 873 1466 908 ad

74 945 164 979 quas
186 934 440 968 defendendum
465 932 617 977 Sulpicii
640 932 763 967 Severi
786 935 999 976 auctoritas,
1023 946 1065 968 ex
1089 936 1190 969 cuius
1214 935 1323 968 Diali.
1344 935 1383 976 1,
1407 932 1465 968 15.

69 994 216 1028 laudant
238 994 328 1028 haec
351 1006 393 1028 ex
415 993 584 1027 Sallustio
609 994 811 1037 desumpta:
836 1006 881 1028 ne
899 996 942 1028 ab
970 995 1162 1030 hominibus
1183 998 1464 1041 frequententur,

70 1066 185 1099 quas
209 1066 292 1087 nox
325 1054 546 1099 coegerit
581 1055 718 1088 sedes
742 1055 894 1096 habent3
926 1066 1008 1089 nam
1034 1056 1085 1089 ibi
1110 1067 1247 1100 quoque
1271 1056 1339 1089 duo
1363 1055 1463 1089 codd.

70 1125 141 1158 qna
168 1113 344 1148 exhibent.
390 1115 488 1149 Idem
512 1115 662 1148 fortasse
684 1116 778 1149 valet
800 1117 843 1149 de
866 1116 1108 1160 Hieronymo,
1143 1116 1203 1160 qui
1238 1116 1274 1149 in
1305 1116 1371 1159 Ep.
1405 1115 1463 1159 lv,

69 1174 105 1208 3.
129 1174 220 1208 haec
242 1175 369 1209 habet:
394 1176 453 1220 qui
473 1175 681 1209 habitabant
699 1176 736 1209 in
757 1177 931 1219 tentoriis,
958 1182 993 1210 et
1022 1188 1135 1221 quas
1167 1187 1247 1210 noa:
1283 1186 1464 1219 compu-

70 1236 197 1269 lerat
220 1236 348 1269 sedes
373 1237 629 1277 habebant,
656 1235 723 1269 nisi
747 1236 803 1269 his
829 1237 1035 1271 testimoniis
1060 1238 1250 1281 probatur,
1286 1234 1361 1268 iam
1386 1245 1465 1268 ma-

69 1299 147 1329 ture
178 1295 213 1329 in
247 1296 408 1330 Saliustii
440 1297 539 1332 codd.
573 1296 700 1339 quibus
733 1296 787 1330 illi
812 1297 866 1331 usi
899 1301 997 1340 sunt,
1022 1309 1144 1331 veram
1168 1296 1380 1340 scripturam
1406 1295 1465 1328 de-

67 1360 254 1400 pravatam
277 1356 395 1391 fuisse.
443 1358 557 1402 Saepe
581 1361 699 1391 autem
725 1369 795 1402 qua
821 1358 980 1392 adverbii
1004 1362 1172 1402 potestate
1196 1357 1349 1401 positum
1372 1356 1466 1390 male

67 1416 236 1450 habuisse
264 1417 450 1459 librarios,
483 1418 703 1452 notissimum
739 1422 814 1460 est;
851 1430 884 1452 V.
911 1420 1132 1463 Oudendorp.
1160 1419 1204 1452 ad
1231 1420 1330 1453 Caes.
1354 1418 1397 1451 Β.
1419 1418 1463 1451 G.

68 1477 109 1518 1,
133 1476 177 1519 6,
202 1478 235 1511 1.
260 1479 303 1511 ad
327 1478 379 1520 11,
403 1477 443 1521 8,
470 1477 503 1512 5.
552 1479 818 1515 Drakenborch.
853 1480 908 1513 ad.
944 1479 1021 1513 Liv.
1055 1480 1106 1521 V,
1135 1479 1180 1513 43
1196 1504 1207 1521 ‚
1230 1479 1263 1512 2.
1292 1483 1326 1512 et
1349 1479 1393 1512 ad
1418 1479 1463 1523 X,

68 1536 133 1578 14,
157 1538 191 1572 4.
225 1538 437 1583 Heusinger.
466 1539 510 1572 ad
535 1539 608 1572 Cic.
632 1539 675 1572 de
699 1539 778 1573 Off.
800 1540 871 1581 111,
895 1539 962 1582 25,
986 1541 1021 1574 2.
1046 1541 1127 1574 coll.
1155 1539 1220 1584 iis,
1245 1551 1335 1583 quae
1358 1543 1464 1573 nota-

67 1598 183 1632 vimus
207 1599 253 1632 ad
276 1599 353 1635 cat.
381 1600 492 1640 nvn,
515 1599 549 1633 3.
581 1599 651 1632 Sed
675 1599 783 1633 etiam
808 1600 914 1634 totius
938 1601 1007 1633 loci
1032 1612 1170 1643 sensus,
1197 1604 1359 1633 accurate
1382 1611 1465 1632 con-

67 1658 267 1700 sffleratus,
301 1659 402 1694 docet
431 1672 539 1705 quas,
573 1671 681 1704 quam
713 1660 921 1704 scripturam
947 1661 1179 1703 Gerlachius,
1204 1662 1345 1705 elegans
1368 1661 1464 1694 criti-

68 1732 149 1762 cus,
175 1719 477 1764 elegantissimam
501 1725 641 1762 censet,
666 1733 808 1764 prorsus
832 1721 986 1754 alienam
1011 1732 1094 1754 esse.
1142 1720 1332 1755 Sallustius
1356 1722 1463 1765 enim,

67 1784 108 1815 ut
141 1791 272 1826 vagam
306 1784 341 1814 et
372 1793 440 1815 non
473 1782 577 1815 certis
605 1781 745 1815 sedibus
777 1782 884 1815 fixam
918 1782 1071 1826 Libyum
1106 1782 1214 1815 vitam
1239 1781 1463 1822 describeret,

67 1853 182 1885 neque
205 1841 317 1876 voluit
340 1853 402 1875 nec
430 1842 546 1886 potuit
573 1847 737 1876 naturam
761 1847 793 1876 et
823 1842 1055 1875 condicionem
1084 1843 1213 1876 harum
1247 1842 1383 1875 sedium
1415 1841 1465 1875 si-

67 1904 259 1949 gnificare,
283 1903 344 1937 sed
369 1904 436 1937 hoc
460 1903 570 1945 dixit,
596 1904 706 1936 locum
730 1914 853 1937 earum
879 1901 1004 1947 quavis
1027 1907 1128 1937 nocte
1152 1903 1261 1937 alium
1285 1914 1380 1946 esse,
1405 1902 1463 1937 cui

67 1965 258 2000 sententiae
282 1976 352 2009 qua
376 1965 477 1998 unice
501 1963 673 1998 convenit.

161 2029 193 2069 ς.
217 2027 251 2060 3.
300 2026 364 2059 sibi
396 2025 553 2070 quisque]
588 2026 693 2058 Deest
730 2024 870 2069 quisque
901 2023 937 2057 in
971 2027 1136 2067 quattuor
1177 2024 1308 2058 wassii
1351 2025 1462 2067 codd.,

66 2092 142 2123 tum
177 2087 212 2121 in
248 2087 370 2120 Struv.
395 2086 520 2119 Franc.
549 2086 672 2119 Guelf.
702 2085 735 2118 4.
759 2085 791 2118 9.
821 2085 877 2119 ll.
903 2085 958 2117 12.
984 2085 1103 2119 Leidd.
1131 2086 1174 2119 G.
1199 2087 1246 2120 11.
1275 2090 1310 2119 ct
1334 2086 1462 2120 Medic.

66 2150 123 2191 7.,
148 2148 302 2182 librariis
332 2152 543 2182 structuram
578 2158 646 2179 non
688 2145 977 2189 intelligentibus.
1043 2147 1178 2180 Eadem
1218 2158 1340 2181 caussa
1382 2148 1462 2192 suit,

68 2222 133 2244 cur
149 2209 289 2243 Cortius
313 2209 357 2242 ad
384 2207 652 2241 concinnitatem
668 2205 933 2240 constructionis
954 2207 1174 2241 efficiendam
1200 2220 1241 2242 ex
1265 2209 1464 2243 coniectura

69 2272 216 2316 quique,
250 2270 272 2304 i.
296 2281 326 2303 e.
366 2281 519 2314 quoque,
554 2268 742 2307 scriberet,
775 2267 906 2300 scilicet
939 2267 972 2300 id
1003 2268 1143 2302 demum
1167 2269 1332 2303 Latinum
1356 2275 1463 2311 ratus,

69 2333 162 2376 quod
188 2332 291 2375 plane
313 2330 510 2363 inauditum
535 2334 569 2363 et
593 2329 689 2362 nullo
713 2328 872 2370 exemplo
897 2327 1093 2361 stabilitum
1118 2333 1179 2363 est.
1238 2331 1336 2364 Idem
1367 2331 1465 2365 valet

70 2395 115 2427 de
140 2392 286 2436 Langii,
318 2390 480 2424 Muelleri
505 2394 541 2423 et
565 2389 747 2423 Gerlncllii
773 2388 958 2428 sententia,
986 2389 1044 2432 qui
1070 2391 1210 2434 quisquc
1237 2402 1299 2433 pro
1325 2393 1463 2435 quibu&

67 2465 133 2499 que
157 2453 290 2487 dictum
315 2456 473 2492 censent,
497 2451 691 2484 inconsulto
716 2461 822 2494 quam
846 2449 992 2483 ablativi
1018 2450 1169 2484 sormam
1193 2452 1253 2495 qui
1276 2451 1463 2486 relativum

68 2515 177 2548 habet
213 2513 258 2548 ad
294 2513 434 2557 quisque
459 2513 726 2553 transferentes,
760 2521 870 2553 neque
895 2514 1094 2553 reputantes
1118 2522 1294 2555 nunquam
1320 2512 1464 2554 pluralis

70 2574 207 2609 numeri
237 2573 453 2607 substantivo
490 2574 663 2616 pluralem
697 2571 838 2616 quisquc
872 2571 1085 2614 pronominis
1118 2584 1180 2616 per
1211 2572 1463 2615 appositionem

71 2635 163 2670 addi.
212 2634 357 2669 Rectius
380 2635 423 2668 de
447 2635 481 2666 h.
510 2635 533 2666 Ι.
558 2633 728 2667 iudicavit
753 2633 969 2673 buchnerus,
995 2632 1055 2675 qui
1079 2632 1113 2665 in
1143 2631 1330 2676 scriptione
1361 2632 1463 2666 scho-

73 2695 195 2730 lastica
218 2696 335 2729 norae
358 2707 392 2731 a.
416 2694 507 2729 1828
536 2694 653 2735 editu,
677 2705 711 2737 p.
732 2692 774 2725 1⁴
799 2705 871 2736 sqq.
897 2692 1103 2726 nominativi
1128 2692 1319 2737 singularis
1344 2696 1459 2735 patro-

74 2756 205 2790 cinium
229 2755 400 2799 antecepit,
423 2754 515 2789 undo
539 2765 629 2797 quue
653 2753 696 2788 ad
731 2764 803 2786 rem
840 2752 972 2787 fuciunt
1002 2752 1197 2796 petis-imus.
1244 2753 1360 2795 Quum
1386 2753 1462 2786 vul-
