1630 3034
204 192 289 233 528
576 184 622 227 C.
653 183 979 227 SALLUSTI
1019 184 1237 227 CRISPI

205 302 321 348 ribili
349 292 492 345 sonitu
522 307 710 361 repente
738 301 882 359 exciti,
918 317 1065 360 neque
1093 301 1268 362 fugere,
1304 315 1452 359 neque
1474 309 1599 345 arma

208 415 388 460 capere,
424 413 572 456 neque
603 398 784 442 omnino
813 398 964 443 facere
997 407 1071 442 aut
1092 397 1333 458 providere
1355 398 1597 456 quicquam

171 501 429 558 3p0terant,
465 495 525 538 ita
556 501 739 539 cunctos
774 495 984 555 strepitu,
1022 496 1241 552 clamore,
1277 494 1398 539 nullo
1433 494 1598 539 subve—

207 595 377 651 niente,
422 568 583 637 nostris
622 593 903 648 instantibus,
944 593 1161 650 tumultu,
1197 598 1369 637 terrore
1402 590 1599 634 formido

208 691 333 751 quasi
370 689 579 734 vecordia
617 696 811 749 ceperat.
884 689 1088 748 Denique
1126 703 1281 734 omnes
1313 689 1400 733 fusi
1430 689 1598 750 fugati—

204 851 272 874 non
307 838 472 882 potuisse.
521 838 592 872 Sed
622 836 759 872 munita
791 836 900 871 fuisse
932 839 1048 871 castra
1080 836 1116 871 in
1149 837 1238 871 colle
1261 836 1374 881 posita
1397 847 1465 871 nou
1485 836 1600 871 solum

204 902 298 935 clare
322 899 534 944 intelligitur
566 911 608 932 ex
632 911 662 932 c.
687 897 851 939 xcvm,
876 897 934 940 3„
969 909 1094 932 verum
1127 898 1234 932 etiam
1258 903 1526 932 consentaneum
1551 901 1602 932 est

204 960 296 995 mori
327 959 478 993 militiae
510 959 705 993 Romanae.
765 957 964 1001 Propinqua
999 959 1092 992 enim
1125 960 1225 993 hoste
1259 964 1393 1002 castra,
1427 959 1534 994 etiam
1565 959 1600 992 in

203 1021 361 1066 singulas
385 1023 502 1054 noctes
527 1019 633 1060 facta,
658 1030 838 1062 nunquam
862 1031 930 1053 non
954 1019 1047 1054 iusto
1071 1021 1176 1054 modo
1204 1020 1471 1060 muniebantur,
1497 1019 1545 1054 cf.
1570 1029 1601 1052 c.

203 1083 244 1123 C,
268 1082 301 1115 4.
327 1085 448 1125 portae
472 1085 590 1115 autem
614 1079 712 1114 haud
734 1080 947 1125 negligenda
970 1084 1165 1115 castrorum
1190 1092 1272 1125 pars
1297 1080 1409 1123 fuere,
1433 1090 1468 1114 V.
1492 1079 1602 1113 Creu-

202 1143 275 1177 zeri
310 1142 450 1186 Antiqq.
482 1141 586 1174 Rom.
622 1141 657 1185 §-
692 1138 772 1174 249.
807 1153 841 1184 p.
865 1139 935 1175 385
959 1153 1010 1185 sq.
1035 1143 1088 1176 ed.
1114 1142 1160 1176 11.
1186 1161 1230 1167 -—-
1256 1142 1339 1176 Post
1366 1152 1542 1185 erumpere
1566 1140 1602 1173 in

203 1204 324 1238 multis
357 1203 455 1237 codd.
487 1201 724 1236 additament
745 1201 858 1244 iubet,
893 1203 985 1245 quod
1018 1214 1080 1246 per
1111 1215 1149 1237 se
1173 1214 1241 1237 non
1265 1207 1317 1237 est
1340 1198 1602 1236 incommodum

202 1266 360 1310 quidem,
396 1265 454 1298 sed
488 1274 556 1296 non
593 1262 851 1304 necessarium3
886 1273 968 1296 nam
1004 1275 1222 1308 quamquam
1254 1265 1343 1313 liaec
1376 1263 1471 1297 iussu
1496 1261 1603 1296 Marii

202 1327 356 1367 fiebant,
383 1329 522 1367 tamen,
548 1323 632 1367 quia
655 1324 723 1358 hoc
750 1335 809 1367 per
833 1335 870 1358 se
893 1323 1123 1369 intelligitur,
1149 1325 1348 1360 sufficiebat
1373 1324 1467 1367 ipsas
1491 1322 1604 1357 actio-

202 1400 262 1422 nes
286 1398 346 1431 per
376 1385 566 1420 infinitivus
599 1384 787 1419 historicos
819 1395 1109 1419 commemorare.
1156 1387 1205 1420 Ut
1228 1390 1344 1420 autem
1370 1395 1438 1418 non
1461 1383 1602 1428 perspi-

201 1448 307 1489 citur,
330 1447 361 1481 si
380 1447 475 1481 iubet
494 1457 516 1480 a
534 1445 702 1480 Sallustio
724 1444 891 1488 scriptum
916 1445 1049 1490 fuisset,
1075 1446 1158 1490 quid
1183 1447 1348 1481 librarios
1372 1445 1417 1480 ad
1441 1444 1604 1479 omitten-

204 1508 287 1542 dum
312 1507 492 1551 impellere
514 1506 686 1551 potuerit,
723 1506 773 1540 ita
798 1510 894 1549 patet
919 1517 961 1539 ex
986 1507 1070 1541 satis
1095 1507 1238 1551 antiquo
1263 1508 1365 1552 lapsu
1389 1506 1466 1541 cod.
1488 1505 1602 1540 Paris.

201 1581 245 1611 z.,
269 1569 306 1602 iu
327 1580 397 1612 quo
422 1579 565 1612 erupere
589 1566 740 1612 legitur,
777 1568 872 1603 iubet
895 1577 964 1601 non
987 1567 1024 1602 in
1047 1572 1143 1603 textu
1166 1568 1284 1603 fuisse.
1331 1569 1461 1603 Errare
1483 1570 1604 1601 autem

201 1641 278 1672 eos,
314 1629 375 1674 qui
408 1630 503 1663 iubet
533 1639 602 1662 non
626 1632 851 1672 receperunt,
887 1628 947 1663 sed
972 1640 1015 1662 ex
1037 1628 1276 1673 superioribus
1298 1628 1368 1663 huc
1394 1627 1604 1664 trahendum

200 1695 350 1734 censent,
374 1689 447 1724 iam
471 1693 551 1724 ante
575 1689 786 1723 monuimus.

294 1748 328 1794 §2
351 1750 385 1785 2.
434 1749 620 1784 Providere
654 1749 865 1793 quicquam]
899 1749 923 1783 i.
953 1760 982 1783 e.
1017 1753 1097 1785 ante
1122 1761 1252 1794 parare
1277 1753 1382 1794 atque
1405 1750 1600 1793 instituere,

200 1823 270 1855 quo
303 1812 424 1846 futura
459 1811 555 1846 mala
588 1814 809 1852 avertantur,
846 1810 905 1844 vel
930 1809 1138 1854 simpliciter
1161 1822 1296 1845 cavere.
1321 1811 1367 1844 ef.
1392 1810 1470 1844 Liv.
1494 1811 1602 1853 XXV,

199 1871 259 1915 39,
286 1872 320 1906 4.
370 1873 496 1906 Hostes
518 1872 624 1905 simul
648 1871 763 1916 ignis,
798 1872 949 1914 clamor,
988 1871 1111 1905 caedes
1133 1871 1229 1905 velut
1252 1871 1426 1905 alienatos
1450 1872 1602 1906 sensibus

200 1945 263 1967 nec
296 1933 444 1975 audire,
480 1944 542 1967 nec
573 1932 826 1976 providere
859 1933 1111 1977 quicquam
1144 1933 1274 1966 sinunt.
1307 1944 1342 1967 v.
1370 1933 1532 1967 Curtium
1556 1933 1602 1968 ud

200 1995 274 2028 Cic.
299 1995 389 2039 Epp.
413 1995 458 2029 ad
482 1995 512 2028 F
515 2005 622 2029 amm.
649 1994 708 2037 Vl,
732 1992 788 2035 ll,
813 1993 848 2027 6.
899 1994 997 2036 Quae
1022 1998 1102 2027 sunt
1131 1993 1167 2026 in
1186 1995 1356 2037 fortuna,
1392 1994 1603 2039 temporibus

200 2061 370 2100 regentur
414 2060 448 2089 et
478 2056 633 2090 consiliis
667 2054 793 2088 nostris
824 2054 1214 2098 providebuntus.
1247 2053 1399 2088 Gronov.
1444 2054 1490 2088 ad
1527 2054 1602 2092 Liv.

200 2116 370 2158 XXXVI,
394 2116 458 2157 17,
482 2116 538 2150 12.
564 2116 751 2150 Ruhnken.
776 2115 820 2149 ad
857 2114 940 2148 Ter.
964 2115 1071 2148 Andr.
1096 2114 1133 2155 Ι,
1156 2113 1199 2155 3,
1223 2113 1261 2156 3.
1296 2114 1490 2149 Forcellini
1516 2116 1598 2150 Lex.

199 2178 236 2211 h.
257 2189 291 2211 v.
319 2178 427 2213 Tom.
460 2178 521 2214 ΙΙΙ.
555 2190 589 2221 p.
623 2176 704 2212 536.
735 2175 787 2208 ed.
814 2175 931 2209 Germ.
983 2175 1084 2219 Apud
1118 2174 1288 2209 Tacitum
1311 2175 1511 2220 frequenter
1535 2177 1603 2211 hoc

199 2250 302 2273 sensu
338 2238 470 2284 legitur
499 2239 665 2283 prouisa,
697 2237 740 2270 de
764 2247 833 2279 quo
867 2247 901 2270 v.
929 2235 1147 2270 Boetticheri
1173 2236 1254 2272 Lex.
1280 2236 1368 2271 Tac.
1392 2248 1424 2280 p.
1450 2235 1533 2271 392.
1555 2257 1602 2278 :-

204 2300 390 2340 T'umultu,
424 2305 608 2334 terrore
636 2298 842 2342 formido
879 2297 979 2342 quasi
1004 2297 1165 2331 vecordia
1189 2303 1341 2341 ceperat.
1387 2298 1441 2332 lta
1464 2296 1603 2332 Cottius

200 2363 294 2394 recte
317 2359 444 2402 edidit,
478 2364 515 2393 ut
540 2359 707 2402 scriptum
731 2362 846 2393 exstat
881 2358 916 2392 in
941 2357 1018 2394 Vin.
1043 2359 1078 2395 2.
1105 2358 1246 2393 Fabric.
1271 2358 1305 2393 2.
1331 2358 1449 2393 Guelf.
1473 2358 1507 2392 7.
1532 2359 1600 2394 Pn-

199 2421 260 2455 lut.
284 2420 318 2456 3.
343 2421 431 2455 Tur.
457 2421 490 2455 1.
516 2431 562 2453 m.
589 2431 658 2453 sec.
683 2419 800 2455 Berol.
827 2420 860 2454 2.
910 2421 1050 2454 Inversa
1085 2419 1206 2454 ordine
1231 2419 1267 2454 iu
1294 2419 1388 2454 Vtut.
1416 2419 1452 2454 2.
1479 2419 1598 2454 Guelf.

200 2481 234 2514 2.
259 2480 292 2515 3.
327 2486 360 2515 et
394 2481 553 2516 Putschii
588 2481 665 2514 cod.
700 2480 832 2525 legitur
858 2481 1051 2524 formidine
1086 2485 1197 2514 terror
1232 2492 1264 2524 q.
1286 2491 1317 2514 υ.
1342 2492 1394 2521 c.,·
1418 2479 1453 2514 in
1478 2479 1602 2515 ceteris

200 2540 362 2583 plurimis
390 2547 442 2576 est
466 2547 621 2583 terrore,
642 2543 856 2585 formidine,
880 2542 973 2585 quod
999 2541 1152 2575 Weisius
1176 2541 1331 2585 recepit,
1353 2545 1414 2575 aut
1433 2541 1600 2584 formidi-

203 2613 268 2641 ne,
295 2607 445 2643 terrore,
471 2614 561 2646 quae
585 2604 774 2647 depravatu
798 2614 871 2636 esse
896 2601 1000 2636 facile
1024 2601 1133 2636 vides.
1181 2601 1272 2635 Nam
1301 2602 1401 2646 quasi
1425 2601 1601 2645 particula

205 2662 354 2696 ostendit
380 2665 573 2698 vecordiam
598 2663 797 2708 comparari
827 2663 888 2697 elii
917 2661 1169 2706 perturbationi
1195 2661 1322 2704 animi,
1349 2661 1532 2696 vecordiae
1552 2661 1600 2696 si-

208 2723 307 2764 mili,
340 2723 398 2756 sed
432 2725 550 2768 paullo
574 2725 703 2758 minori
727 2729 865 2765 tumen,
891 2725 1083 2767 eodemque
1107 2725 1212 2757 modo
1238 2723 1308 2756 iam
1332 2734 1439 2767 supra
1464 2723 1600 2758 locutus

208 2788 259 2819 cst
283 2789 403 2819 auctor
428 2797 455 2818 c.
493 2785 634 2822 Lxxu.
659 2785 691 2820 2.
729 2785 790 2819 ubi
827 2796 856 2818 v.
897 2784 1092 2819 Formidine
1126 2791 1247 2827 autem
1270 2783 1368 2818 nullo
1393 2788 1495 2827 pacto
1517 2795 1598 2819 cum
