1630 3034
522 214 887 260 IUGURTHA.
947 216 1074 259 CAP.
1104 215 1135 258 Ι.
1500 220 1528 260 7

141 342 305 396 quanto
352 335 498 381 studio
543 334 685 378 aliena
733 348 785 376 ac
828 332 936 377 nihil
979 332 1213 392 profutura
1250 333 1526 390 multumque

142 435 275 479 etiam
330 432 583 493 periculosa
637 434 817 492 petunt,
869 445 1016 489 neque
1068 434 1331 492 regerentur
1379 429 1525 489 magis

139 556 284 590 eandam
319 553 480 589 adhiberi
512 563 623 596 posse.
669 551 796 586 Nostro
828 554 948 585 autem
983 551 1062 585 loeo
1097 551 1269 595 defluxere
1299 562 1420 585 veram
1453 562 1527 585 esse

139 617 346 660 scripturam
370 614 581 659 intelligitur
610 624 652 646 ex
677 611 793 646 addito
814 622 880 655 per
902 613 1115 653 socordiam,
1148 612 1274 655 quippe
1297 623 1366 655 quo
1389 611 1526 656 signifi-

138 682 237 712 cetur
264 676 481 721 negligentia
512 672 671 708 celeriter
702 673 880 706 transiisse
911 683 1000 716 quae
1030 672 1145 715 potius
1167 673 1309 706 retineri
1333 676 1367 707 et
1389 675 1528 706 strenue

138 737 290 772 exerceri
313 735 517 777 debuerint,
545 735 702 776 falsoque
723 733 885 767 homines
909 734 1079 777 adfinem
1104 734 1200 769 vitae
1224 734 1357 769 delatos
1379 736 1527 768 naturae

136 797 375 833 infirmitatem
410 807 586 831 accusare.
633 793 883 829 commentarii
914 794 1024 828 instar
1056 799 1107 829 est
1138 794 1292 829 Senecae
1324 796 1366 829 de
1388 794 1526 830 Brevit.

138 859 229 893 vitae
258 870 288 892 c.
312 859 340 893 1.
361 857 423 892 ubi
453 858 542 891 haec
574 856 756 900 legunturz
799 855 864 890 Ubi
882 856 959 890 vita
978 868 1043 902 per
1067 858 1182 891 luxum
1206 869 1249 891 ao
1269 856 1526 902 negligentiam

135 919 331 963 defluit,
355 919 415 952 ubi
437 919 526 952 nulli
550 918 658 952 bonae
681 916 734 950 rei
758 916 988 960 impenditur,
1011 919 1137 952 ultima
1162 919 1298 954 demum
1321 917 1527 952 necessitate

134 985 299 1025 cogente,
344 991 449 1023 quam
480 980 546 1012 ire
577 989 645 1011 non
676 977 928 1019 intelleximus,
973 979 1219 1014 transisse
1261 979 1436 1014 sentimus.
1480 995 1524 1003 —-

136 1042 286 1085 Quisque
319 1039 458 1074 Curtius
484 1042 578 1072 recte
609 1037 746 1081 scripsit
781 1049 822 1072 ex
856 1038 961 1075 Fabr.
993 1039 1026 1073 2.
1058 1040 1129 1073 Inc.
1156 1039 1189 1075 1.
1225 1039 1305 1073 Sen.
1330 1039 1364 1072 2.
1400 1039 1528 1073 Hense.

135 1102 250 1135 Guelf.
274 1101 307 1134 3.
332 1101 364 1135 4.
391 1100 447 1134 11.
472 1099 528 1135 12.
564 1099 690 1143 quibus
723 1099 892 1134 accedunt
923 1110 1013 1133 unus
1046 1100 1194 1142 Wassii,
1229 1100 1326 1134 Leid.
1350 1100 1390 1133 G.
1417 1098 1460 1132 N.
1489 1100 1526 1132 et

132 1162 207 1196 Erl.
254 1164 365 1196 Antea
396 1162 563 1194 edebatur
597 1160 737 1204 quippe,
774 1160 868 1204 quod
900 1159 936 1195 in
969 1171 1039 1194 uno
1064 1161 1182 1195 Guelf.
1206 1160 1240 1196 6.
1263 1164 1395 1202 exstat3
1420 1159 1526 1193 nimi-

133 1234 213 1256 rum
247 1222 414 1255 librarius
445 1221 587 1254 volebat
614 1220 790 1263 indicare,
833 1221 925 1254 hanc
956 1221 1232 1256 enunciationem
1267 1219 1525 1265 quodammodo

132 1293 377 1326 praegressum
401 1281 591 1324 explicare,
623 1279 758 1313 nescius
782 1280 953 1315 eiusmodi
976 1283 1162 1317 sententias
1187 1283 1282 1317 haud
1307 1292 1387 1316 raro
1410 1278 1524 1316 ἇσυν·

134 1342 247 1383 δέτως
270 1342 368 1375 iuxta
392 1341 574 1381 collocari,
601 1344 639 1374 ut
662 1341 873 1375 ostendimus
897 1342 941 1376 ad
966 1342 1071 1380 Catil.
1095 1355 1125 1377 c.
1145 1338 1310 1384 XXXIX,
1333 1342 1367 1376 4.
1391 1340 1521 1386 p.184.

104 1406 107 1409 ’
131 1404 252 1448 Longe
275 1402 419 1447 plurimi
442 1406 558 1436 tamen
582 1400 681 1435 codd.
706 1413 747 1435 ex
771 1400 1039 1447 interpolatione
1060 1403 1192 1438 habent
1213 1405 1355 1448 quique,
1380 1405 1524 1446 propter

131 1469 312 1504 auctorem
334 1463 393 1496 sed
416 1461 562 1506 pluralis
584 1461 720 1496 numeri
743 1462 919 1496 vocabula
941 1464 1083 1508 quisque
1106 1464 1241 1498 nonnisi
1264 1463 1436 1508 singulari
1459 1473 1522 1505 ap-

129 1525 281 1568 positum
313 1524 464 1563 habere,
497 1533 566 1566 quo
597 1521 838 1564 praedicatum
861 1522 906 1556 ad
930 1523 1087 1569 singulos
1118 1526 1298 1567 trahatur,
1333 1525 1422 1558 bene
1445 1533 1522 1556 mo-

129 1585 204 1619 nuit
226 1585 360 1625 Faber,
384 1583 465 1620 coll.
478 1584 555 1617 Cat.
572 1583 749 1625 xxxvn,
762 1583 797 1618 6.
822 1584 1015 1627 xxxvnl,
1027 1586 1062 1620 3.
1086 1587 1160 1628 LIl,
1175 1586 1231 1620 23.
1256 1587 1335 1630 lug.
1349 1583 1520 1625 xvnr‚3.

128 1646 249 1686 mm,
273 1645 308 1678 2.
342 1645 372 1678 F
374 1655 486 1688 ragm.
510 1644 603 1678 Hist.
630 1644 659 1686 Ι,
684 1643 742 1687 19,
767 1643 801 1679 6.
835 1644 898 1686 111,
925 1645 982 1679 25.
1014 1647 1074 1688 lv,
1097 1646 1155 1683 28.
1190 1647 1234 1681 cf.
1257 1645 1519 1680 Drakenborch.

128 1707 173 1740 ad
195 1705 271 1741 Liv.
295 1706 370 1746 Vll,
394 1705 451 1745 19,
477 1704 510 1738 2.
544 1704 604 1748 qui
636 1703 791 1748 plurima
821 1705 1006 1750 congessit.
1053 1707 1216 1742 Ceterum
1245 1707 1454 1741 Gerlachius
1483 1705 1520 1739 in

127 1767 334 1800 Commentt.
358 1777 391 1809 p.
413 1766 495 1799 214.
529 1769 624 1799 recte
649 1764 755 1799 sensit
786 1770 946 1801 auctores
968 1766 1043 1800 vim
1066 1767 1199 1801 habere
1229 1767 1388 1812 integrae
1410 1778 1520 1800 enun-

127 1826 287 1862 clationis
312 1838 415 1870 quum
439 1827 507 1871 ipsi
529 1827 599 1861 sint
623 1830 780 1860 auctores
803 1837 851 1860 sc.
874 1828 1018 1871 culpae,
1050 1839 1163 1871 eoque
1184 1829 1289 1863 simul
1312 1827 1520 1872 perspicitur

125 1898 232 1930 quam
266 1898 429 1932 perverso
461 1888 519 1921 vel
554 1887 668 1932 potius
691 1887 786 1920 nullo
811 1881 943 1921 iudicio
965 1888 1059 1924 idem
1082 1888 1119 1921 in
1141 1889 1332 1923 novissima
1356 1888 1410 1923 ed.
1434 1888 1517 1922 scri-

124 1948 232 1992 pserit
264 1953 420 1991 actores,
456 1959 562 1992 quam
587 1960 710 1982 vocem
733 1948 936 1992 saepissime
958 1961 1041 1984 cum
1069 1955 1190 1985 auctor
1212 1950 1344 1985 mutari
1367 1949 1517 1984 diximus

123 2008 169 2044 ad
191 2008 267 2042 eat.
291 2009 353 2049 Ill,
376 2008 410 2043 2.

216 2071 247 2111 §.
271 2068 306 2103 5.
353 2067 585 2112 multumque]
622 2069 674 2102 lta
705 2069 874 2114 scriptum
905 2072 1018 2105 exstat
1048 2070 1083 2103 in
1115 2069 1255 2104 Vratisl.
1275 2071 1308 2105 3.
1338 2071 1455 2104 Guelf.
1480 2069 1514 2104 4.

124 2127 159 2161 5.
183 2127 218 2162 9.
243 2129 324 2162 Sen.
346 2129 380 2165 2.
404 2129 529 2161 Ileuss.
556 2128 652 2162 Leid.
675 2130 717 2165 A.
742 2131 786 2163 B.
810 2131 848 2164 C.
875 2131 917 2164 D.
941 2131 985 2164 F.
1008 2131 1055 2164 H.
1080 2130 1153 2166 Erl.
1177 2130 1259 2166 Bas.
1283 2130 1317 2164 4-
1341 2131 1460 2165 Berol.
1480 2131 1513 2164 2.

124 2187 265 2221 Relicui
298 2188 356 2220 vel
390 2189 590 2232 multaque,
624 2199 666 2221 ex
690 2188 975 2232 interpolatione,
1008 2190 1065 2223 vel
1092 2191 1286 2235 multoque,
1318 2192 1514 2226 scribarum

123 2249 225 2291 lapsu
258 2259 299 2281 ex
329 2247 507 2290 multaque
539 2252 676 2289 ortum,
711 2253 837 2283 tenent.
892 2251 1044 2285 Multum
1074 2251 1212 2286 Cortius
1244 2256 1279 2286 et
1304 2252 1514 2288 Gerlachius

124 2312 218 2342 recte
239 2307 512 2350 interpretantur
534 2319 658 2352 saepe,
692 2320 906 2353 quamquam
926 2314 1049 2345 neuter
1079 2310 1185 2346 huius
1211 2313 1388 2356 potestatis
1410 2325 1513 2348 caus-

123 2381 200 2403 sam
232 2372 407 2402 assecutus
440 2371 513 2410 est3
549 2379 631 2402 nam
655 2380 745 2411 quae
768 2370 912 2404 laudant
933 2372 1111 2416 exempla,
1141 2373 1236 2408 velut
1258 2374 1349 2411 Plin.
1371 2375 1458 2419 Epp.
1481 2376 1511 2420 1,

121 2429 156 2471 9,
184 2430 220 2464 7.
253 2429 442 2463 multum
472 2429 606 2473 ineptos
634 2429 768 2465 labores
799 2432 972 2476 relinque,
1003 2432 1075 2467 Cic.
1096 2434 1185 2478 Epp.
1216 2435 1259 2470 ad
1283 2436 1422 2470 Famm.
1450 2437 1510 2479 lv,

121 2489 262 2533 13,18.
298 2489 462 2523 Caesaris
483 2491 753 2533 familiarissimi
782 2494 972 2527 multum
1004 2505 1135 2528 mecum
1167 2500 1265 2537 sunt,
1300 2497 1383 2530 coll.
1414 2497 1510 2531 Tur-

121 2551 196 2586 sell.
222 2551 265 2584 de
286 2550 430 2594 particc.
455 2561 484 2583 c.
509 2550 626 2584 CCIII.
653 2562 686 2594 p.
712 2552 816 2588 1171.
841 2564 883 2587 ea
905 2554 1024 2588 omnia
1046 2554 1216 2590 eiusmodi
1240 2559 1334 2599 sunt,
1358 2561 1396 2591 ut
1419 2558 1509 2591 mul-

122 2617 194 2647 tum
220 2611 431 2655 simpliciter
449 2612 655 2654 respondeat
680 2612 916 2659 interrogandi
948 2615 1122 2650 vocabulo
1154 2623 1334 2661 quantum.
1381 2618 1508 2652 Nostro

120 2676 239 2706 autem
260 2673 338 2706 loco
363 2672 580 2705 accusativus
610 2673 717 2706 absol.
741 2677 812 2715 est,
845 2674 882 2708 vi
914 2675 1072 2720 integrae
1102 2677 1354 2712 enunciationis
1386 2679 1507 2713 valens

121 2737 277 2776 respectu
301 2734 490 2766 multarum
508 2743 624 2766 rerum
644 2733 697 2776 (v,
722 2733 766 2766 ad
790 2745 820 2766 c.
844 2734 886 2776 V,
909 2734 963 2780 4.)
986 2735 1062 2769 sive
1083 2742 1122 2770 ut
1145 2738 1182 2770 in
1206 2739 1325 2773 multis
1335 2741 1398 2783 fit,
1424 2740 1460 2773 h.
1472 2751 1502 2773 e.

120 2803 247 2837 saepe5
269 2793 315 2827 cf.
340 2793 541 2846 Frotscher.
565 2793 610 2828 ad
632 2792 798 2838 Quinctil.
822 2794 930 2831 Instit.
953 2799 1042 2832 orat·
1066 2797 1109 2838 X,
1123 2797 1155 2841 l,
1174 2797 1344 2843 63.p.58.
1369 2799 1503 2833 Eodem
