1630 3034
175 179 260 220 238
337 171 342 177 ’
540 131 946 216 c.SALLiJsT1
975 147 1201 217 cR'Isrl

142 292 266 337 5rius
299 290 590 348 acerbiusque
624 290 721 334 fuit.
790 291 998 348 Namque
1026 305 1221 351 coepere
1255 289 1459 334 nobilitas
1487 290 1558 336 di-

178 387 395 447 gnitatem
428 386 474 430 in
510 386 872 443 dominationem,
907 387 1103 447 populus
1133 387 1383 432 libertatem
1415 387 1458 430 in
1488 387 1558 431 lu-

178 484 375 528 bidinem
405 489 602 534 vertere;
632 484 714 527 sibi
743 485 928 543 quisque
957 483 1138 541 ducere,
1163 484 1358 542 trahere,
1386 499 1557 543 rapere.

181 582 246 624 lta
281 581 430 624 omnia
464 581 510 624 in
545 581 655 625 duas
689 582 829 641 partis
865 582 1087 625 abstracta
1122 587 1244 638 sunt,
1290 581 1559 640 respublica,

176 707 398 751 responderet
428 707 488 741 ubi
521 706 716 751 particulae
747 707 784 741 iu
813 713 1020 752 Praegressa
1051 707 1310 750 enunciatione,
1342 707 1434 751 quod
1456 707 1487 740 F
1488 709 1562 740 rot-

175 770 318 803 scherus
350 769 393 802 ad
425 768 528 801 illum
560 768 678 801 locum
709 773 802 802 recte
832 769 968 803 monuit
997 768 1073 802 fieri
1099 780 1166 802 non
1192 779 1304 813 posse.
1328 787 1373 792 —-
1399 767 1563 811 Asperius

176 830 442 875 intelligendum
467 830 509 862 de
529 840 608 862 vero
632 830 810 873 periculo3
842 840 875 862 v.
901 831 944 863 ad
972 841 1001 862 c.
1028 830 1166 873 XXIX,
1191 830 1224 863 1.
1261 829 1423 863 Acerbius
1446 827 1562 871 magis

176 892 324 935 pertinet
347 891 391 924 ud
417 890 525 924 animi
548 891 712 931 dolorem,
735 902 777 924 ex
800 892 903 924 rebus
926 890 1054 933 iniquis
1077 896 1204 924 ortum.
1246 889 1399 923 Eandem
1426 892 1562 922 senteu-

175 953 262 987 tiam
283 955 405 986 auctor
427 950 500 983 iam
527 949 673 993 protulit
696 950 799 985 Catil.
825 952 876 992 X,
901 951 934 985 2.
975 952 1042 994 Qui
1066 952 1218 994 labores,
1242 952 1413 995 pericula,
1438 950 1562 983 dubias

176 1020 281 1058 atque
306 1023 447 1056 asperas
470 1022 525 1044 res
542 1011 652 1054 facile
675 1012 929 1052 toleraverant,
961 1012 1014 1045 his
1038 1012 1165 1053 otium,
1193 1012 1358 1053 divitiae,
1385 1012 1562 1057 optandae

176 1076 286 1118 alias,
313 1074 408 1107 oneri
430 1071 658 1115 miseriaeque
673 1074 788 1114 fuere.
823 1071 944 1105 Facile
974 1071 1072 1105 vides
1101 1072 1198 1105 oneri
1229 1073 1436 1116 respondere
1458 1061 1581 1105 voca-³

173 1136 258 1168 bulo
282 1134 457 1173 acerbius,
482 1133 643 1166 miseriae
670 1143 754 1165 vero
778 1132 871 1166 idem
895 1132 970 1165 fere
993 1143 1067 1166 esse
1091 1136 1196 1175 atque
1219 1138 1335 1166 nostro
1359 1133 1437 1166 loco
1456 1143 1562 1177 ‘aspe-

171 1197 254 1230 rius.
303 1196 464 1229 Ceterum
490 1194 643 1238 bangius
677 1192 957 1237 comparativum
990 1197 1147 1236 spectare
1183 1197 1298 1227 censet
1326 1193 1371 1227 ad
1393 1193 1561 1227 omissam

170 1255 377 1290 sententiam
402 1267 505 1299 quam
520 1260 631 1288 metus
645 1255 779 1287 hostilis
795 1254 966 1298 hucusque
982 1255 1120 1297 suerat,
1145 1254 1236 1297 quod
1260 1253 1365 1287 nimis
1388 1258 1562 1288 remotum

111 1331 122 1345 v
172 1321 245 1359 θείς
276 1317 335 1350 sed
368 1316 481 1350 multo
512 1315 664 1349 alienior
690 1314 831 1348 Weissii
867 1318 920 1348 est
951 1315 1143 1357 sententia,
1175 1315 1233 1358 qui
1268 1318 1383 1348 censet
1405 1314 1562 1358 suppleri

174 1389 293 1420 posse:
325 1388 426 1420 quam
455 1379 531 1421 qais
554 1377 750 1410 crediderit.
798 1376 870 1409 Res
895 1375 971 1418 ipsa
995 1376 1097 1409 docet
1119 1375 1415 1418 comparationem
1439 1375 1562 1410 referri

172 1439 218 1473 ad
242 1449 297 1472 res
319 1438 507 1478 adversas,
540 1437 666 1480 quibus
689 1437 794 1470 etiam
817 1435 976 1480 asperius
1001 1436 1227 1480 acerbiusque
1251 1436 1328 1470 fuit.

267 1500 301 1541 ἓ.
325 1497 358 1531 5.
406 1499 559 1542 coepere]
586 1497 735 1531 Pluralis
759 1497 857 1531 verbi
881 1509 949 1531 non
972 1496 1075 1530 unice
1099 1497 1224 1540 pendet
1250 1508 1291 1530 ex
1316 1497 1475 1540 proximo
1497 1508 1560 1532 vo·-

172 1557 300 1592 cabulo
321 1558 505 1601 nobilitas,
531 1563 570 1592 ut
592 1558 665 1592 iam
690 1557 910 1608 diximugLad
934 1558 1009 1592 Cat.
1034 1558 1165 1601 xxm,
1188 1558 1235 1601 6.,
1258 1558 1317 1591 sed
1342 1557 1416 1590 eius
1439 1567 1563 1593 caussa

172 1629 214 1653 eo
231 1618 436 1660 continetur,
460 1619 550 1662 quod
567 1619 712 1652 verbum
736 1609 909 1663 simuf'pd
934 1619 1096 1652 nobilitas
1119 1622 1153 1652 et
1174 1620 1320 1662 populus
1342 1619 1561 1654 retertur.-

173 1679 287 1712 Verba
317 1679 353 1712 in
382 1679 650 1713 dominationem
685 1682 722 1713 ut
754 1667 920 1723 ptimfssju
944 1683 1075 1712 textum
1107 1678 1360 1722 reciperemus,
1391 1679 1562 1724 persuasit

171 1739 271 1772 nobis
294 1737 485 1783 Sellingius
509 1742 615 1775 Lectt.
644 1740 732 1774 Sall.
765 1752 798 1783 p.
822 1738 886 1773 24:
916 1740 1059 1773 Exstant
1092 1744 1210 1773 autem
1242 1740 1276 1773 in
1301 1741 1416 1774 Palut.
1442 1740 1475 1774 7.
1502 1742 1560 1776 1⁰.

171 1800 278 1834 Mart.
302 1799 447 1834 Balliol.
474 1802 575 1835 Bodl.
601 1801 719 1835 Guelf.
749 1799 784 1834 3.
808 1800 866 1834 11.
890 1800 947 1833 12.
982 1799 1101 1834 Leidd.
1128 1801 1167 1834 Ia.
1199 1805 1234 1834 et
1266 1801 1439 1835 nonnullis
1468 1801 1560 1845 aliis,

171 1861 255 1894 Bas.
278 1861 312 1897 4.
337 1861 442 1896 Bcrn.
465 1861 496 1894 1.
523 1866 556 1895 et
578 1862 724 1907 August.
749 1871 820 1901 m.;
846 1861 950 1904 pauci
975 1860 1037 1894 alii
1061 1865 1176 1895 tenent
1200 1862 1236 1894 in
1260 1863 1477 1906 superbiam,
1501 1874 1560 1896 ce-

170 1922 238 1956 teri
262 1933 380 1955 omnes
402 1922 458 1955 his
483 1922 618 1956 duobus
642 1921 757 1956 verbis
781 1933 921 1965 prorsus
946 1927 1084 1963 carent,
1113 1933 1202 1966 quae
1225 1934 1247 1957 a
1267 1923 1362 1956 nullo
1385 1923 1559 1958 editorum

171 1982 207 2016 in
232 1994 334 2016 suum
359 1983 476 2016 locum
499 1988 638 2027 recepta
660 1986 750 2017 sunt.
800 1983 1023 2026 Quamquam
1052 1988 1170 2017 autem
1202 1989 1235 2018 et
1265 1985 1456 2018 nobilitatis
1487 1985 1559 2018 di-
1593 1974 1595 1977 Ι

169 2044 331 2089 gnitas
375 2048 409 2078 et
445 2044 566 2088 populi
597 2045 800 2078 libertas
833 2044 926 2078 haud
961 2044 1053 2077 male
1076 2043 1203 2078 dicitur
1234 2044 1279 2077 in
1310 2045 1560 2079 lubidinem

169 2116 301 2140 versa
326 2116 420 2139 esse
435 2130 445 2147 ‚
469 2109 586 2138 tamen
610 2109 751 2149 receptu.
773 2115 795 2139 a
819 2105 918 2140 nobis
941 2105 1114 2148 scriptura
1137 2105 1248 2139 multo
1273 2106 1558 2155 praestantiorem

169 2165 374 2199 sententiam
409 2165 538 2206 habet,
573 2164 800 2209 Sallustiique
834 2165 973 2210 ingenio
1008 2168 1112 2213 longe
1146 2167 1558 2202 accommodatissimam.

170 2226 260 2260 Nam
277 2226 353 2269 quis
374 2237 442 2259 non
463 2226 557 2260 videt
583 2227 631 2260 itu
657 2238 724 2260 non
750 2228 862 2261 solum
883 2228 1061 2271 peculiare
1084 2229 1261 2273 utriusque
1281 2229 1414 2262 'ordinis
1435 2229 1559 2263 vitium

170 2287 296 2327 notari,
320 2287 377 2321 sed
393 2287 597 2321 Sallustium
612 2299 651 2321 ex
669 2299 767 2321 more
784 2299 848 2321 suo
866 2287 1057 2322 nobilitatis
1075 2288 1347 2323 dominationem
1365 2288 1558 2333 exagitare,

171 2359 240 2391 qua
262 2348 352 2381 nihil
373 2347 485 2392 potuit
503 2359 578 2381 esse
595 2348 825 2382 invidiosius?
872 2350 946 2383 Cat.
969 2351 1034 2390 u,
1059 2349 1093 2383 ¹1.
1125 2350 1192 2383 L'bi
1215 2351 1351 2395 regium
1376 2350 1558 2394 imperi-n

170 2408 207 2441 in
231 2410 425 2453 snperbiam
458 2409 909 2454 dominationemque
942 2411 1121 2446 convertit.
1157 2410 1272 2451 RVH,
1292 2409 1325 2445 5.
1361 2412 1558 2454 complure·

170 2470 299 2502 nobiles
323 2471 668 2504 dominationis
692 2482 768 2514 spes
791 2472 1009 2505 hortabatur.
1036 2473 1112 2516 lug.
1136 2472 1264 2512 xxxi,
1280 2470 1337 2505 20.
1365 2471 1443 2505 Nisi
1459 2473 1557 2514 forte

170 2530 318 2563 inondum
344 2531 450 2564 etiam
474 2542 533 2564 υοο
557 2532 648 2564 dom
662 2533 761 2565 inat
775 2533 898 2566 ionis
923 2543 1038 2566 eorum
1057 2533 1203 2566 satietas
1220 2537 1323 2566 tenet.
1348 2530 1431 2564 ibid.
1452 2533 1483 2573 S.
1500 2530 1555 2566 16.

174 2590 305 2631 Quodsi
329 2595 401 2623 tam
425 2602 484 2625 vos
508 2593 749 2627 libertatis
773 2605 889 2627 curam
915 2593 1106 2630 haberetis.
1132 2604 1233 2637 quam
1264 2592 1316 2624 ma·
1340 2591 1386 2624 net
1410 2591 1554 2624 ‹tomi-

172 2652 405 2684 nationem
431 2654 565 2685 accensi
587 2658 677 2687 sunt.
716 2653 798 2687 ibid.
835 2657 865 2696 ἕ.
891 2654 946 2690 23.
985 2654 1222 2687 Dominari
1244 2653 1298 2686 fua·
1321 2653 1461 2692 uolunt,
1496 2662 1555 2684 vos

174 2712 310 2744 liberi
335 2723 416 2746 csse.
437 2714 817 2757 Framn.}{istor=.1n,
839 2715 896 2754 22,
913 2714 946 2749 ⁴.
972 2715 1053 2748 ibid.
1075 2715 1108 2758 §.
1130 2715 1164 2747 6.
1187 2717 1218 2755 §.
1240 2713 1295 2745 ll.
1320 2714 1350 2753 ᾗ.
1370 2711 1427 2745 28.
1453 2712 1554 2756 §.28.

174 2771 246 2805 lain
273 2773 364 2815 qnod
391 2774 434 2807 ad
462 2777 639 2808 externam
673 2775 859 2809 verborum
889 2775 1132 2810 auctoritatem
1161 2775 1301 2813 attint-t,
1327 2774 1360 2806 in
1395 2773 1553 2816 plurimis
