1630 3034
404 190 753 232 CATILINA.
820 188 955 229 GAP.
988 188 1135 231 LVIII.
1371 189 1458 230 305

72 307 158 350 mei
197 307 353 351 consili
387 306 645 366 aperirem.v
690 303 822 348 Scitis
868 303 1103 361 equidem,
1148 303 1333 359 milites,
1380 303 1495 347 so-4

72 397 229 442 cordia
271 404 406 456 atque
451 396 628 458 ignavia
671 393 853 439 Lentuli
893 400 1107 451 quantam
1151 394 1236 454 ipsi
1281 393 1458 439 cladem

73 488 291 546 nobisque
345 474 565 542 attulerit,
619 501 802 544 quoque
856 485 1021 542 modo,
1079 485 1211 528 dum¹
1244 499 1297 529 ex
1342 484 1485 528 urbe'

71 579 295 637 praesidia
331 579 560 638 opperior,
593 578 640 620 in
676 577 875 627 Galliam
910 575 1137 634 proficisci
1171 575 1458 632 nequiverim.

72 671 202 713 Nunc
237 684 344 713 vero
380 685 472 728 quo
507 670 552 713 in
586 670 692 713 loco
727 683 796 712 res
840 675 1017 711 nostrae
1053 667 1158 721 sint,
1203 667 1335 709 iuxta
1356 668 1498 710 me-5

72 775 176 805 cum
229 774 382 805 omnes
434 760 708 820 intellegitis.
808 758 1042 803 Exercitus
1095 757 1292 807 hostium
1350 756 1496 812 duo,6

71 913 217 957 pulandi
241 917 412 959 potestate
435 914 585 959 positum
610 913 864 948 illustravimus
894 913 940 948 ad
972 924 1001 946 c.
1022 913 1118 954 XIX,
1142 913 1176 946 2.
1197 931 1241 936 —
1286 911 1359 945 Mei
1381 921 1462 944 cum

72 971 264 1005 Gerlachio
298 973 569 1013 revocavimus-3
610 972 749 1006 Cornus
785 972 985 1015 expulerat,
1032 982 1141 1014 quum
1183 969 1327 1002 vidisset
1371 968 1463 1002 alios

71 1029 169 1062 codd.
204 1033 284 1064 ante
315 1031 456 1070 consili,
489 1030 576 1063 alios
614 1033 691 1073 post
727 1029 762 1062 id
798 1029 1007 1062 vocabulum
1041 1029 1193 1066 habere3
1228 1027 1289 1060 sed
1318 1026 1463 1059 illorum

71 1086 261 1120 auctoritas
284 1087 402 1130 potior
426 1087 582 1128 videtur,
617 1097 660 1120 ac
693 1085 921 1121 verisimilius
955 1089 1006 1118 est
1038 1084 1222 1118 nonnullos
1246 1083 1464 1128 negligentia

70 1143 186 1185 lapsos
209 1143 327 1176 Iocum
352 1143 566 1187 pronominis
601 1147 771 1184 mutasse,
805 1153 911 1186 quam
935 1153 1053 1175 omnes
1085 1142 1247 1174 voculam
1281 1152 1371 1184 quae
1394 1151 1463 1174 non

71 1200 205 1233 adesset
229 1201 377 1234 orationi
413 1201 609 1234 inseruisse.
659 1202 823 1234 Ceterum
860 1211 966 1244 quam
1000 1199 1138 1232 Cortius
1172 1199 1208 1231 h.
1243 1198 1268 1231 l.
1303 1197 1369 1231 sibi
1404 1197 1465 1230 de-

71 1256 297 1299 prehendisse
320 1257 414 1291 visus
438 1263 489 1291 est
514 1258 744 1302 elegantiam,
773 1269 932 1291 caussam
957 1257 1075 1289 consili
1099 1255 1298 1300 significare
1321 1264 1464 1287 censens

72 1313 251 1346 consilium
281 1314 415 1356 ipsum,
452 1319 485 1347 ct
509 1316 598 1358 quod
623 1317 670 1348 ad
695 1317 731 1348 id
756 1315 949 1359 impulerit,
985 1313 1074 1346 mihi
1098 1325 1165 1345 non
1189 1312 1378 1355 probatur,
1403 1310 1464 1354 qui

71 1368 242 1402 eiusmodi
268 1371 453 1414 elegantiis
477 1382 544 1404 non
568 1372 738 1413 delecter,
768 1382 879 1415 neque
902 1375 1034 1404 temere
1058 1381 1079 1403 a
1102 1369 1246 1413 propria
1270 1369 1464 1411 eademque

71 1426 330 1468 simplicissima
376 1429 565 1461 verborum
606 1432 778 1471 potestate
829 1427 1058 1461 recedendum
1106 1431 1235 1470 putem.
1265 1445 1312 1451 -
1361 1425 1466 1459 Scitis

72 1483 251 1526 equidem,
286 1495 319 1517 V.
345 1485 388 1518 ad
414 1496 441 1518 c.
463 1486 519 1524 LI,
542 1485 598 1519 20.
616 1505 661 1510 —
685 1486 851 1519 socordia
876 1496 937 1517 cur
962 1483 1187 1528 scripsimus,
1222 1493 1290 1516 nou
1322 1483 1466 1525 secuml„

73 1539 332 1575 declaravimus
356 1542 400 1575 ad
424 1542 528 1583 c.1v‚
551 1542 582 1575 1.
620 1543 672 1575 De
695 1542 834 1576 Lentuli
859 1541 1006 1586 segnitie
1029 1553 1062 1574 v.
1088 1552 1176 1584 quae
1200 1541 1244 1574 ad
1260 1552 1290 1575 c.
1311 1541 1419 1581 xvn,
1429 1540 1463 1574 3.

71 1597 245 1638 diximus,-
278 1599 358 1632 coll.
392 1599 484 1643 Aug.
521 1599 674 1633 Matthia
707 1600 752 1632 ad
785 1599 857 1632 Cic.
895 1610 945 1632 or.
979 1598 1015 1631 in
1049 1599 1150 1631 Catil.
1180 1599 1242 1639 III,
1271 1598 1304 1639 3,
1335 1597 1369 1631 6.
1402 1597 1464 1641 qui

72 1653 179 1687 etiam
214 1653 333 1687 Dionis
366 1657 409 1689 de
446 1667 487 1689 eo
518 1656 689 1691 iudicium
720 1655 906 1699 xxxin,
934 1656 992 1692 32.
1039 1652 1058 1690 ὁ
1094 1655 1299 1694 Λέντουλος
1331 1652 1466 1699 ἥκιστα

73 1708 296 1757 δραστήριος
330 1709 377 1756 ἦν
401 1714 570 1756 ascripsit.

166 1774 333 1812 quantum
359 1770 426 1812 ipsi
449 1771 583 1804 cladem
606 1771 792 1816 nobisque]
821 1770 986 1816 vulgaris
1009 1771 1137 1804 horum
1162 1771 1355 1806 verborum
1379 1770 1466 1805 01·ἆο

73 1829 145 1859 est:
172 1818 290 1870 quant.
328 1827 422 1870 ipsi
444 1829 669 1873 nobisque
703 1829 820 1868 clad.‚-
843 1840 947 1871 quem
971 1839 1036 1861 nos
1060 1827 1180 1861 Curtio
1213 1832 1248 1861 et
1271 1827 1465 1861 Gerlachio

73 1884 320 1927 praeeuntibus
344 1896 462 1918 sumus
486 1886 595 1919 secuti
620 1886 656 1919 in
681 1884 851 1921 G11e1f.'·.’..
879 1890 914 1920 et
937 1886 1019 1918 Bas.
1039 1885 1072 1918 2.
1100 1888 1221 1927 exstat,
1247 1885 1467 1928 multumque

75 1946 229 1984 praestat
253 1943 410 1986 vulgato.
472 1943 563 1977 ‘Nam
594 1942 644 1977 ita
683 1944 824 1977 demum
859 1943 1070 1987 pronomina
1104 1943 1178 1976 vim
1211 1941 1279 1976 sibi
1311 1941 1466 1974 debitam

74 1998 272 2042 accipiunt,
297 1989 495 2033 siminoris
519 2000 687 2034 momenti
712 2001 927 2034 vocabulum
951 2000 995 2033 iis
1019 2000 1260 2043 interponitur,
1283 1999 1367 2042 quia
1389 2010 1467 2032 sen-

76 2066 135 2088 sus
165 2060 217 2088 est
250 2061 283 2089 et
319 2057 403 2099 ipsi,
445 2062 478 2090 et
514 2059 634 2098 nobis,-
674 2059 862 2092 verborum
901 2061 1019 2090 autem
1051 2061 1146 2090 recte
1180 2057 1466 2090 collocandorum

78 2115 187 2145 artem
213 2111 248 2144 in
273 2123 316 2146 eo
339 2113 445 2146 etiam
471 2115 584 2155 cerni,
611 2119 650 2148 ut
674 2125 716 2147 ea
741 2104 934 2158 vocabula,
960 2124 1049 2155 quae
1072 2114 1207 2146 nnllam
1228 2113 1300 2146 vim
1324 2113 1467 2154 habent,

77 2168 301 2213 gravioribus
333 2174 412 2211 apte
445 2170 712 2213 interserantur,
748 2171 790 2203 de
822 2170 1086 2213 pronominibus
1118 2170 1358 2213 personalibus
1395 2169 1468 2204 iam

78 2225 278 2259 monuimus
303 2225 348 2258 ad
371 2237 400 2257 c.
421 2226 448 2266 1,
468 2226 499 2257 1.
538 2227 677 2261 Cottius
702 2228 797 2260 haud
822 2227 935 2266 male,
960 2238 1174 2269 quamquam
1197 2226 1341 2259 rationis
1365 2225 1468 2269 igna-

78 2294 150 2323 rus,
176 2281 396 2324 comparavit
419 2293 448 2314 c.
476 2282 547 2323 LII,
573 2284 631 2317 29.
663 2286 723 2318 ubi
755 2285 930 2317 socordiae
966 2288 1007 2317 tc
1032 2289 1136 2327 atque
1160 2284 1329 2328 ignaviae
1352 2282 1468 2316 tradi-

80 2341 184 2381 deris,
210 2343 245 2372 et
269 2339 431 2379 xxxnl,
452 2338 484 2372 3.
519 2341 636 2383 plebes
666 2347 729 2375 aut
765 2341 966 2374 dominandi
1000 2342 1114 2374 studio
1143 2346 1372 2384 permota,
1404 2344 1467 2373 aut

79 2397 240 2442 superbia
264 2397 550 2439 magistratuum.
599 2399 698 2434 Caes.
724 2399 766 2431 Β.
794 2399 832 2433 C.
858 2397 884 2437 1,
911 2396 970 2438 23,
994 2397 1028 2430 3.
1062 2409 1178 2431 omnes
1209 2410 1232 2431 a
1257 2397 1468 2431 contumeliis

80 2455 282 2487 militum
318 2456 544 2499 conviciisque
576 2457 747 2499 prohibet.
803 2457 842 2489 In
874 2454 1140 2488 Commentariis
1175 2458 1292 2489 tamen
1329 2465 1362 2497 p.
1387 2452 1468 2486 151.

82 2511 295 2545 Gerlaclrius
318 2512 503 2556 vulgatum
527 2514 707 2553 ordinem,
739 2512 776 2547 in
807 2516 900 2546 textu
925 2512 1188 2554 improbatum,
1219 2511 1469 2545 restituendum

82 2572 218 2610 censet,
267 2568 397 2612 quippe
438 2581 541 2613 quem
571 2569 716 2613 plurimi
747 2570 845 2603 codd.
891 2573 1038 2603 teneant.
1063 2588 1109 2594 —
1152 2570 1292 2613 Quoque
1324 2568 1347 2602 i.
1380 2579 1410 2601 e.
1435 2572 1470 2602 et

83 2638 169 2671 quo,
194 2637 229 2659 v.
256 2625 300 2658 ad
324 2637 354 2658 c.
377 2627 503 2665 xxm,
536 2626 570 2661 4.

175 2685 208 2726 §.
233 2681 268 2718 5.
325 2693 417 2718 nunc
449 2683 553 2728 vcro]
589 2684 729 2719 eortius
751 2695 854 2726 vero,
886 2682 976 2716 nihil
1000 2681 1133 2717 monito
1156 2682 1309 2726 lectore,
1333 2680 1472 2723 omisit3

154 2744 194 2792 1.
1129 2741 1196 2785 20
