1630 3034
387 178 755 221 IUGURTHA.
816 179 946 221 CAP.
976 178 1086 221 CXI.
1339 182 1424 224 595

44 295 253 345 haberet3
295 310 430 354 quem
475 297 509 339 si
541 295 754 340 Romanis
782 294 1064 350 tradidisset,
1106 296 1227 352 fore,
1263 297 1326 342 uti
1359 297 1420 342 illi

40 393 283 451 plurimum
331 392 595 445 debereturg
634 392 902 448 -amicitiam,
933 386 1134 449 foedus,
1182 393 1420 449 Numidiae

39 494 228 549 partem,
265 503 399 547 quarn
435 504 550 532 nunc
585 495 775 548 peteret,
819 496 924 533 tunc
958 489 1074 533 ultro
1110 489 1413 538 adventuram.

36 585 138 629 Rex
173 586 317 646 primo
353 587 579 646 negitare3
618 586 893 643 affinitatem,
930 587 1253 647 cognationem,
1282 603 1454 648 prae-2

36 672 160 725 terea
194 682 354 727 foedus
390 683 696 736 intervenisse3
732 684 790 726 ad
820 683 910 728 hoc
945 664 1158 740 metuere;
1193 700 1264 740 ne,
1299 685 1418 729 fluxa

37 779 128 823 fide
158 794 260 824 usus
280 811 294 836 ,
330 781 616 840 popularium
652 781 821 824 animos
853 786 1099 837 avorteret,
1127 782 1225 839 quis
1261 786 1306 826 et
1338 782 1418 826 Iu-

35 956 68 978 v-
93 944 138 978 ad
161 956 191 979 c.
216 945 306 987 CIX,
331 945 364 979 3.
390 964 435 971 —
462 946 532 980 Pro
556 945 788 981 adventuram
811 957 893 981 sane
917 947 1077 982 usitatius
1100 949 1174 981 erat
1197 945 1311 980 dicere
1334 957 1417 981 ven-

33 1011 166 1050 turam,
193 1007 245 1050 (v.
272 1007 316 1040 ad
341 1018 370 1040 c.
394 1007 488 1050 vm,
511 1007 546 1040 2.
570 1011 604 1041 et
627 1007 718 1049 cul,
743 1008 818 1051 2.)‚
854 1008 913 1041 sed
946 1008 1093 1052 vulgata
1117 1018 1183 1041 non
1208 1010 1260 1040 est
1285 1007 1415 1040 sollici-

33 1067 150 1101 tanda.
197 1070 286 1111 Apte
317 1068 435 1102 Faber
468 1068 682 1112 comparavit
713 1068 791 1103 Liv.
816 1069 922 1110 XLV,
946 1068 1003 1110 19,
1027 1068 1082 1102 12.
1134 1068 1225 1110 Quid
1248 1068 1416 1101 attineret

31 1129 102 1162 vim
127 1130 254 1173 offerre
277 1129 352 1170 rei,
384 1140 448 1162 sua
471 1133 592 1173 sponte
615 1140 692 1162 mox
723 1130 771 1163 acl
803 1140 879 1163 eum
913 1130 1221 1170 adventurae,
1254 1128 1313 1162 ubi
1338 1129 1415 1161 Du-

31 1190 134 1224 kerus
154 1193 293 1233 praeter
314 1189 555 1223 necessitatem
578 1189 720 1224 coniicit
743 1189 963 1223 scribendum
986 1201 1059 1223 esse
1082 1192 1257 1222 venturae.
1281 1189 1415 1231 Quam-

31 1261 136 1294 quam
162 1251 253 1284 enim
277 1251 353 1284 leve
376 1255 428 1284 est
452 1250 630 1295 utriusque
654 1251 753 1284 verbi
777 1250 978 1290 discrimen,
1011 1254 1127 1284 tamen
1157 1249 1283 1283 certior
1306 1259 1413 1292 quae·

30 1310 362 1355 damvadipiscendi
393 1311 490 1346 notio
522 1311 559 1346 in
599 1313 808 1347 adveniendi
841 1321 948 1356 quam
983 1309 1019 1344 in
1050 1309 1211 1344 veniendi
1241 1308 1413 1344 vocabulo

30 1370 168 1406 videtur
190 1371 312 1406 inesse.

120 1434 152 1475 §.
176 1432 211 1466 2.
249 1433 324 1467 Rex
344 1434 455 1478 primo
482 1434 666 1480 negitare]
709 1434 807 1467 Haec
830 1434 938 1467 verba
961 1443 1029 1467 non
1053 1442 1123 1466 uno
1146 1430 1249 1465 modo
1272 1424 1412 1465 turbata

28 1495 118 1527 sunt.
166 1493 293 1527 Levius
316 1497 389 1535 est,
424 1495 515 1537 quod
546 1494 701 1529 nonnulii
734 1495 830 1528 codd.
862 1506 925 1538 pro
958 1495 1068 1537 primo
1099 1492 1229 1526 habent
1250 1490 1411 1534 primum,

29 1553 122 1596 quod
147 1565 209 1588 cur
233 1554 362 1588 falsum
387 1554 431 1588 sit
455 1555 588 1598 patebit
619 1568 660 1590 ex
683 1554 907 1590 annotatione
931 1555 975 1588 ad
999 1566 1030 1587 ο.
1053 1553 1190 1593 XXIX,
1213 1550 1246 1585 3.
1271 1562 1304 1594 p-
1330 1548 1410 1584 165·

28 1615 74 1647 cf.
100 1615 247 1659 Grysar.
281 1618 345 1648 art.
377 1615 501 1649 Latine
532 1617 702 1651 scribendi
727 1628 759 1660 p.
783 1615 862 1649 143.
886 1618 999 1649 annot.
1023 1614 1057 1650 1.
1105 1614 1199 1647 Tum
1222 1621 1286 1655 pro
1308 1611 1411 1655 negi-

27 1680 103 1708 tare
128 1675 163 1708 in
189 1675 296 1709 Fabr.
322 1675 352 1708 1.
386 1676 489 1709 Rem.
515 1677 546 1710 l.
572 1679 640 1711 luc.
666 1677 699 1711 1.
731 1677 846 1710 Guess'.
870 1675 904 1709 7.
931 1675 986 1709 11.
1013 1674 1107 1708 Leid.
1131 1673 1173 1706 1).
1197 1672 1237 1705 F.
1261 1670 1306 1704 K.
1336 1669 1409 1703 Eri.

25 1734 108 1768 Par.
140 1735 176 1768 b.
212 1735 331 1768 Berol.
365 1736 398 1770 1.
433 1737 469 1770 2.
504 1737 623 1771 Gom-1.
656 1743 706 1772 est
736 1747 891 1782 negare,·
921 1736 956 1770 in
980 1735 1086 1769 Acad.
1111 1734 1237 1766 Franc.
1262 1729 1409 1766 Eccard.

25 1795 97 1829 Inc.
122 1795 155 1828 2.
185 1795 281 1829 Vrat.
305 1795 340 1830 3.
366 1797 480 1830 Guelf.
505 1798 539 1831 4.
565 1799 597 1832 (i.
627 1798 660 1833 9.
694 1798 788 1832 Lei-1.
814 1799 856 1831 B.
883 1797 921 1830 E.
945 1795 991 1829 H.
1017 1796 1178 1839 agitare‚·
1212 1792 1248 1826 in
1272 1791 1347 1824 Vin.
1372 1790 1409 1829 2.

26 1855 145 1890 Struv.
178 1856 286 1900 Berg.
319 1856 416 1890 Vrat.
451 1858 485 1891 2.
519 1858 622 1891 Bern.
655 1858 688 1891 1.
715 1858 832 1893 Guelf.
856 1856 911 1890 10.
939 1855 995 1888 12.
1024 1854 1118 1888 Leid.
1149 1854 1191 1886 G.
1222 1851 1325 1885 Mism
1349 1861 1411 1884 ne-

25 1928 126 1962 gare,
155 1917 309 1962 agitare,
333 1917 427 1960 quod
450 1915 603 1951 WVeisius
636 1921 800 1962 tanquam
832 1916 1051 1950 verissimam
1084 1914 1291 1957 scripturam
1316 1922 1411 1945 rece-

26 1977 87 2022 pit.
124 1977 193 2010 Sed
219 1976 354 2010 Cottius
378 1981 470 2011 recte
494 1978 582 2012 vidit
605 1990 683 2012 eum
713 1979 818 2012 talem
844 1989 936 2018 esse,
970 1987 1061 2020 quae
1084 1986 1128 2008 ne
1151 1970 1409 2017 interpolationi

25 2037 165 2082 quidem
200 2038 385 2080 debeatur,
419 2039 477 2072 sed
511 2049 552 2072 ex
588 2051 705 2074 errore
738 2036 963 2073 librariorum
988 2041 1064 2070 orta
1085 2035 1140 2069 sit.
1187 2035 1275 2069 Nam
1300 2043 1409 2077 quum

25 2098 151 2142 aiiquis
176 2110 238 2141 pro
262 2100 424 2144 negitare
447 2105 619 2134 exarasset
643 2112 785 2146 negare,
816 2105 850 2135 et
874 2109 1028 2133 errorem
1052 2100 1266 2130 correcturus
1289 2104 1409 2137 super-

24 2158 218 2202 scripsisset
240 2160 376 2204 guare,
402 2160 436 2193 id
460 2159 521 2193 alii
546 2166 710 2203 putarunt
736 2173 810 2195 csse
832 2161 993 2205 agitare,
1026 2169 1068 2191 ac
1091 2157 1147 2190 vel
1169 2156 1242 2190 sine
1263 2164 1407 2198 negare,

18 2221 84 2253 *vel
106 2220 213 2261 simul
237 2232 316 2254 cum
340 2220 405 2254 isto
430 2221 536 2254 verbo
562 2221 597 2254 in
623 2226 753 2255 textum
777 2221 975 2254 intulerunt.
1023 2218 1075 2252 Ad
1098 2218 1166 2251 hoc
1196 2216 1268 2260 ipse
1291 2224 1408 2249 sensus

25 2280 168 2324 agitare
193 2281 292 2314 verbi
315 2281 431 2314 locum
456 2286 654 2324 corruptum
679 2293 753 2315 esse
776 2281 913 2326 arguit3
943 2290 1047 2323 quam
1072 2277 1217 2323 egregie
1239 2287 1323 2310 vero
1345 2285 1407 2308 ne·-

24 2341 155 2385 gitare,
179 2342 272 2384 quod
294 2341 400 2375 ceteri
423 2341 521 2375 codd.
548 2346 671 2382 tenent,
695 2342 883 2375 sententiae
908 2340 1100 2380 conveniat,
1125 2337 1248 2381 quivis,
1272 2335 1406 2379 opinor,

24 2401 130 2435 facile
161 2400 348 2446 inteiligit,
383 2413 488 2444 quum
520 2402 609 2436 istu‘i
634 2401 780 2436 verbum
804 2402 978 2447 significet
998 2403 1198 2445 praefracte
1223 2403 1256 2432 et
1279 2395 1407 2430 identi-

25 2462 102 2495 dem
119 2473 274 2506 negare;
302 2463 348 2498 cf.
368 2463 484 2495 Plaut.
506 2462 646 2497 Mercat-
664 2464 758 2496 I'roi.
779 2474 811 2496 v.
831 2463 887 2496 50.
911 2464 1046 2496 Lucret.
1066 2461 1124 2502 IV,
1142 2460 1221 2494 914.
1242 2477 1287 2483 —
1307 2457 1406 2500 Quae

23 2529 223 2566 sequuntur,
248 2523 297 2556 ita
317 2528 518 2565 comparata
537 2526 616 2556 sunt
636 2527 673 2556 ut
692 2535 733 2556 ex
752 2524 909 2568 negandi
932 2523 1038 2557 verbo
1063 2521 1171 2562 aiens,
1196 2520 1290 2553 velut
1312 2517 1405 2551 dice-

26 2583 104 2623 bat,
130 2582 335 2616 eliciendum
360 2582 423 2622 sit,
458 2582 546 2615 unde
570 2582 630 2616 ina
651 2585 843 2627 pendeant;
869 2581 912 2617 de
935 2595 1003 2627 quo
1026 2582 1159 2616 dicendi
1182 2591 1247 2615 usu
1270 2578 1406 2614 abunde

25 2643 173 2676 diximus
190 2644 232 2677 ad
251 2656 280 2677 c.
304 2643 389 2684 cvl,
408 2642 441 2676 3.
459 2662 500 2668 -
527 2643 764 2686 Intervenisse',
789 2645 880 2688 quod
902 2645 1112 2678 Iaumannus
1135 2639 1264 2686 duplici
1288 2647 1406 2673 errore

24 2702 177 2746 explicat
201 2704 348 2747 obstare,
373 2703 551 2749 significat
570 2705 709 2747 factum
731 2715 802 2738 esse
824 2705 914 2739 inter
932 2705 1032 2749 ipsos.
1057 2703 1134 2738 Non
1154 2707 1264 2748 potest
1287 2702 1404 2735 autem

27 2761 120 2798 istud
152 2764 300 2798 verbum
329 2765 374 2799 ad
404 2765 616 2809 affinitatem
645 2769 680 2801 et
702 2766 942 2812 cognationem
964 2763 1108 2806 referr13
1133 2774 1215 2799 nam
1238 2762 1325 2797 istae
1346 2769 1404 2794 ra-

1011 2834 1128 2880 38*
