<?xml version="1.0" encoding="UTF-8"?>
<!DOCTYPE html PUBLIC "-//W3C//DTD XHTML 1.0 Transitional//EN"
    "http://www.w3.org/TR/xhtml1/DTD/xhtml1-transitional.dtd">
<html xmlns="http://www.w3.org/1999/xhtml" xml:lang="en" lang="en">
 <head>
  <title>
</title>
<meta http-equiv="Content-Type" content="text/html;charset=utf-8" />
  <meta name='ocr-system' content='tesseract 3.04.00' />
  <meta name='ocr-capabilities' content='ocr_page ocr_carea ocr_par ocr_line ocrx_word'/>
</head>
<body>
  <div class='ocr_page' id='page_1' title='image "./operaquaesupeappx01salluoft_0709.png"; bbox 0 0 1630 3034; ppageno 0'>
   <div class='ocr_carea' id='block_1_1' title="bbox 499 158 1526 224">
    <p class='ocr_par' dir='ltr' id='par_1_1' title="bbox 499 158 1526 224">
     <span class='ocr_line' id='line_1_1' title="bbox 499 158 1526 224; baseline 0.002 -15"><span class='ocrx_word' id='word_1_1' title='bbox 499 158 860 224; x_wconf 62' lang='lat' dir='ltr'><strong>IUGpRTHA.</strong></span> <span class='ocrx_word' id='word_1_2' title='bbox 921 164 1050 209; x_wconf 77' lang='lat' dir='ltr'>cAP.</span> <span class='ocrx_word' id='word_1_3' title='bbox 1079 166 1194 208; x_wconf 86' lang='lat' dir='ltr'>LXI.</span> <span class='ocrx_word' id='word_1_4' title='bbox 1440 169 1526 211; x_wconf 76' lang='lat'>829</span> 
     </span>
    </p>
   </div>
   <div class='ocr_carea' id='block_1_2' title="bbox 107 281 1599 727">
    <p class='ocr_par' dir='ltr' id='par_1_2' title="bbox 107 281 1599 727">
     <span class='ocr_line' id='line_1_2' title="bbox 145 281 1525 343; baseline -0.001 -16"><span class='ocrx_word' id='word_1_5' title='bbox 145 282 357 328; x_wconf 89' lang='lat' dir='ltr'>iudicium</span> <span class='ocrx_word' id='word_1_6' title='bbox 393 283 592 343; x_wconf 85' lang='lat' dir='ltr'>fugerat,</span> <span class='ocrx_word' id='word_1_7' title='bbox 637 281 761 340; x_wconf 88' lang='lat' dir='ltr'>quod</span> <span class='ocrx_word' id='word_1_8' title='bbox 805 281 846 325; x_wconf 92' lang='lat' dir='ltr'>ei</span> <span class='ocrx_word' id='word_1_9' title='bbox 887 297 972 342; x_wconf 87' lang='lat' dir='ltr'>per</span> <span class='ocrx_word' id='word_1_10' title='bbox 1007 297 1259 327; x_wconf 83' lang='lat' dir='ltr'>maxumam</span> <span class='ocrx_word' id='word_1_11' title='bbox 1288 282 1525 329; x_wconf 80' lang='lat' dir='ltr'>amicitiam</span> 
     </span>
     <span class='ocr_line' id='line_1_3' title="bbox 107 378 1523 441; baseline 0.001 -18"><span class='ocrx_word' id='word_1_12' title='bbox 107 399 109 401; x_wconf 91' lang='grc'><em>·</em></span> <span class='ocrx_word' id='word_1_13' title='bbox 144 395 351 424; x_wconf 84' lang='lat' dir='ltr'>maxuma</span> <span class='ocrx_word' id='word_1_14' title='bbox 390 380 522 441; x_wconf 88' lang='lat' dir='ltr'>copia</span> <span class='ocrx_word' id='word_1_15' title='bbox 564 378 748 423; x_wconf 82' lang='lat' dir='ltr'>fallendi</span> <span class='ocrx_word' id='word_1_16' title='bbox 792 384 923 435; x_wconf 80' lang='lat' dir='ltr'>erat,</span> <span class='ocrx_word' id='word_1_17' title='bbox 952 379 1100 423; x_wconf 89' lang='lat' dir='ltr'>multis</span> <span class='ocrx_word' id='word_1_18' title='bbox 1132 379 1523 440; x_wconf 84' lang='lat' dir='ltr'>pollicitationibus</span> 
     </span>
     <span class='ocr_line' id='line_1_4' title="bbox 145 455 1599 538; baseline 0.001 -18"><span class='ocrx_word' id='word_1_19' title='bbox 145 476 420 538; x_wconf 84' lang='lat' dir='ltr'>aggreditur.</span> <span class='ocrx_word' id='word_1_20' title='bbox 489 477 559 522; x_wconf 88' lang='lat' dir='ltr'>Ac</span> <span class='ocrx_word' id='word_1_21' title='bbox 593 476 740 537; x_wconf 88' lang='lat' dir='ltr'>primo</span> <span class='ocrx_word' id='word_1_22' title='bbox 780 475 939 533; x_wconf 76' lang='lat' dir='ltr'>efficIt‚</span> <span class='ocrx_word' id='word_1_23' title='bbox 974 476 1037 520; x_wconf 89' lang='lat' dir='ltr'>uti</span> <span class='ocrx_word' id='word_1_24' title='bbox 1066 475 1125 519; x_wconf 87' lang='lat' dir='ltr'>ad</span> <span class='ocrx_word' id='word_1_25' title='bbox 1155 492 1202 520; x_wconf 87' lang='lat' dir='ltr'>se</span> <span class='ocrx_word' id='word_1_26' title='bbox 1239 476 1524 536; x_wconf 89' lang='lat' dir='ltr'>colloquendi</span> <span class='ocrx_word' id='word_1_27' title='bbox 1593 455 1599 461; x_wconf 17' lang='grc' dir='ltr'>ἢ</span> 
     </span>
     <span class='ocr_line' id='line_1_5' title="bbox 145 571 1526 634; baseline 0 -17"><span class='ocrx_word' id='word_1_28' title='bbox 145 575 290 634; x_wconf 86' lang='lat' dir='ltr'>gratia</span> <span class='ocrx_word' id='word_1_29' title='bbox 332 573 532 619; x_wconf 84' lang='lat' dir='ltr'>occultus</span> <span class='ocrx_word' id='word_1_30' title='bbox 567 573 734 626; x_wconf 83' lang='lat' dir='ltr'>veniat3</span> <span class='ocrx_word' id='word_1_31' title='bbox 780 571 942 617; x_wconf 84' lang='lat' dir='ltr'>deinde</span> <span class='ocrx_word' id='word_1_32' title='bbox 988 572 1080 617; x_wconf 89' lang='lat' dir='ltr'>fide</span> <span class='ocrx_word' id='word_1_33' title='bbox 1116 572 1244 633; x_wconf 83' lang='lat' dir='ltr'>data,</span> <span class='ocrx_word' id='word_1_34' title='bbox 1291 574 1326 620; x_wconf 80' lang='lat' dir='ltr'>si</span> <span class='ocrx_word' id='word_1_35' title='bbox 1360 574 1526 634; x_wconf 85' lang='lat' dir='ltr'>Iugur-</span> 
     </span>
     <span class='ocr_line' id='line_1_6' title="bbox 143 668 1527 727; baseline 0 -13"><span class='ocrx_word' id='word_1_36' title='bbox 143 669 269 714; x_wconf 85' lang='lat' dir='ltr'>tham</span> <span class='ocrx_word' id='word_1_37' title='bbox 311 671 460 715; x_wconf 82' lang='lat' dir='ltr'>vivum</span> <span class='ocrx_word' id='word_1_38' title='bbox 504 676 580 714; x_wconf 92' lang='lat' dir='ltr'>aut</span> <span class='ocrx_word' id='word_1_39' title='bbox 618 675 824 714; x_wconf 81' lang='lat' dir='ltr'>necatum</span> <span class='ocrx_word' id='word_1_40' title='bbox 870 670 953 714; x_wconf 77' lang='lat' dir='ltr'>sibi</span> <span class='ocrx_word' id='word_1_41' title='bbox 992 669 1267 726; x_wconf 87' lang='lat' dir='ltr'>tradidisset,</span> <span class='ocrx_word' id='word_1_42' title='bbox 1310 668 1431 727; x_wconf 83' lang='lat' dir='ltr'>fore,</span> <span class='ocrx_word' id='word_1_43' title='bbox 1477 677 1527 714; x_wconf 88' lang='lat' dir='ltr'>ut</span> 
     </span>
    </p>
   </div>
   <div class='ocr_carea' id='block_1_3' title="bbox 145 767 1525 828">
    <p class='ocr_par' dir='ltr' id='par_1_3' title="bbox 145 767 1525 828">
     <span class='ocr_line' id='line_1_7' title="bbox 145 767 1525 828; baseline 0.001 -17"><span class='ocrx_word' id='word_1_44' title='bbox 145 767 207 811; x_wconf 80' lang='lat' dir='ltr'>illi</span> <span class='ocrx_word' id='word_1_45' title='bbox 250 773 424 812; x_wconf 86' lang='lat' dir='ltr'>senatus</span> <span class='ocrx_word' id='word_1_46' title='bbox 472 768 782 828; x_wconf 86' lang='lat' dir='ltr'>impunitatem</span> <span class='ocrx_word' id='word_1_47' title='bbox 828 773 871 811; x_wconf 91' lang='lat' dir='ltr'>et</span> <span class='ocrx_word' id='word_1_48' title='bbox 894 782 1003 818; x_wconf 75' lang='lat' dir='ltr'>.sua</span> <span class='ocrx_word' id='word_1_49' title='bbox 1051 767 1197 811; x_wconf 89' lang='lat' dir='ltr'>omnia</span> <span class='ocrx_word' id='word_1_50' title='bbox 1238 767 1525 827; x_wconf 85' lang='lat' dir='ltr'>concederet,</span> 
     </span>
    </p>
   </div>
   <div class='ocr_carea' id='block_1_4' title="bbox 140 878 1534 2807">
    <p class='ocr_par' dir='ltr' id='par_1_4' title="bbox 141 878 1529 1218">
     <span class='ocr_line' id='line_1_8' title="bbox 143 878 1526 924; baseline 0.002 -13"><span class='ocrx_word' id='word_1_51' title='bbox 143 883 350 922; x_wconf 82' lang='lat' dir='ltr'>quentem</span> <span class='ocrx_word' id='word_1_52' title='bbox 391 878 662 913; x_wconf 80' lang='lat' dir='ltr'>Numidiam</span> <span class='ocrx_word' id='word_1_53' title='bbox 693 880 796 913; x_wconf 82' lang='lat' dir='ltr'>multi</span> <span class='ocrx_word' id='word_1_54' title='bbox 827 879 986 924; x_wconf 81' lang='lat' dir='ltr'>vastique</span> <span class='ocrx_word' id='word_1_55' title='bbox 1019 878 1085 912; x_wconf 86' lang='lat' dir='ltr'>loci</span> <span class='ocrx_word' id='word_1_56' title='bbox 1117 882 1236 919; x_wconf 83' lang='lat' dir='ltr'>erant,</span> <span class='ocrx_word' id='word_1_57' title='bbox 1267 878 1292 916; x_wconf 87' lang='lat' dir='ltr'>i.</span> <span class='ocrx_word' id='word_1_58' title='bbox 1322 889 1353 913; x_wconf 87' lang='lat' dir='ltr'>e.</span> <span class='ocrx_word' id='word_1_59' title='bbox 1389 885 1424 913; x_wconf 88' lang='lat' dir='ltr'>et</span> <span class='ocrx_word' id='word_1_60' title='bbox 1449 891 1526 914; x_wconf 87' lang='lat' dir='ltr'>eam</span> 
     </span>
     <span class='ocr_line' id='line_1_9' title="bbox 145 937 1528 984; baseline 0 -12"><span class='ocrx_word' id='word_1_61' title='bbox 145 939 336 974; x_wconf 79' lang='lat' dir='ltr'>Numidiae</span> <span class='ocrx_word' id='word_1_62' title='bbox 365 944 523 984; x_wconf 80' lang='lat' dir='ltr'>partem,</span> <span class='ocrx_word' id='word_1_63' title='bbox 549 951 639 984; x_wconf 88' lang='lat' dir='ltr'>quae</span> <span class='ocrx_word' id='word_1_64' title='bbox 660 940 911 984; x_wconf 82' lang='lat' dir='ltr'>frequentatur.</span> <span class='ocrx_word' id='word_1_65' title='bbox 957 939 1034 974; x_wconf 76' lang='lat' dir='ltr'>Non</span> <span class='ocrx_word' id='word_1_66' title='bbox 1070 942 1121 973; x_wconf 82' lang='lat' dir='ltr'>est</span> <span class='ocrx_word' id='word_1_67' title='bbox 1156 938 1286 983; x_wconf 80' lang='lat' dir='ltr'>igitur,</span> <span class='ocrx_word' id='word_1_68' title='bbox 1322 937 1414 980; x_wconf 89' lang='lat' dir='ltr'>quod</span> <span class='ocrx_word' id='word_1_69' title='bbox 1447 949 1528 972; x_wconf 88' lang='lat' dir='ltr'>cum</span> 
     </span>
     <span class='ocr_line' id='line_1_10' title="bbox 141 997 1529 1047; baseline -0.001 -13"><span class='ocrx_word' id='word_1_70' title='bbox 141 999 246 1044; x_wconf 81' lang='lat' dir='ltr'>Bipp.</span> <span class='ocrx_word' id='word_1_71' title='bbox 270 1004 304 1035; x_wconf 90' lang='lat' dir='ltr'>et</span> <span class='ocrx_word' id='word_1_72' title='bbox 326 1000 499 1035; x_wconf 79' lang='lat' dir='ltr'>Muellero</span> <span class='ocrx_word' id='word_1_73' title='bbox 522 1000 695 1035; x_wconf 76' lang='lat' dir='ltr'>scribatur</span> <span class='ocrx_word' id='word_1_74' title='bbox 721 1014 807 1047; x_wconf 81' lang='lat' dir='ltr'>qua</span> <span class='ocrx_word' id='word_1_75' title='bbox 828 1013 883 1046; x_wconf 81' lang='lat' dir='ltr'>pr.</span> <span class='ocrx_word' id='word_1_76' title='bbox 908 1005 959 1036; x_wconf 82' lang='lat' dir='ltr'>est</span> <span class='ocrx_word' id='word_1_77' title='bbox 984 1000 1045 1041; x_wconf 89' lang='grc' dir='ltr'>Ν.,</span> <span class='ocrx_word' id='word_1_78' title='bbox 1070 1009 1283 1042; x_wconf 84' lang='lat' dir='ltr'>quamquam</span> <span class='ocrx_word' id='word_1_79' title='bbox 1316 1008 1380 1041; x_wconf 86' lang='lat' dir='ltr'>per</span> <span class='ocrx_word' id='word_1_80' title='bbox 1402 1008 1440 1031; x_wconf 86' lang='lat' dir='ltr'>se</span> <span class='ocrx_word' id='word_1_81' title='bbox 1462 997 1529 1032; x_wconf 81' lang='lat' dir='ltr'>ista</span> 
     </span>
     <span class='ocr_line' id='line_1_11' title="bbox 143 1056 1528 1105; baseline -0.003 -11"><span class='ocrx_word' id='word_1_82' title='bbox 143 1060 343 1095; x_wconf 81' lang='lat' dir='ltr'>coniectura</span> <span class='ocrx_word' id='word_1_83' title='bbox 366 1072 434 1095; x_wconf 91' lang='lat' dir='ltr'>non</span> <span class='ocrx_word' id='word_1_84' title='bbox 458 1061 556 1095; x_wconf 86' lang='lat' dir='ltr'>mala</span> <span class='ocrx_word' id='word_1_85' title='bbox 579 1065 642 1095; x_wconf 76' lang='lat' dir='ltr'>est.</span> <span class='ocrx_word' id='word_1_86' title='bbox 689 1063 852 1097; x_wconf 83' lang='lat' dir='ltr'>Ceterum</span> <span class='ocrx_word' id='word_1_87' title='bbox 878 1067 949 1104; x_wconf 83' lang='lat' dir='ltr'>est,</span> <span class='ocrx_word' id='word_1_88' title='bbox 983 1061 1073 1105; x_wconf 87' lang='lat' dir='ltr'>quod</span> <span class='ocrx_word' id='word_1_89' title='bbox 1099 1057 1308 1093; x_wconf 81' lang='lat' dir='ltr'>Gerlachius</span> <span class='ocrx_word' id='word_1_90' title='bbox 1330 1056 1450 1098; x_wconf 89' lang='lat' dir='ltr'>eiecit,</span> <span class='ocrx_word' id='word_1_91' title='bbox 1475 1069 1528 1091; x_wconf 86' lang='lat' dir='ltr'>re-</span> 
     </span>
     <span class='ocr_line' id='line_1_12' title="bbox 143 1120 1529 1165; baseline -0.002 -11"><span class='ocrx_word' id='word_1_92' title='bbox 143 1120 333 1165; x_wconf 87' lang='lat' dir='ltr'>tinendum,</span> <span class='ocrx_word' id='word_1_93' title='bbox 358 1134 466 1165; x_wconf 88' lang='lat' dir='ltr'>quum</span> <span class='ocrx_word' id='word_1_94' title='bbox 490 1121 525 1156; x_wconf 88' lang='lat' dir='ltr'>in</span> <span class='ocrx_word' id='word_1_95' title='bbox 548 1122 624 1157; x_wconf 87' lang='lat' dir='ltr'>solo</span> <span class='ocrx_word' id='word_1_96' title='bbox 647 1123 720 1158; x_wconf 89' lang='lat' dir='ltr'>cod.</span> <span class='ocrx_word' id='word_1_97' title='bbox 743 1124 850 1159; x_wconf 79' lang='lat' dir='ltr'>Acad.</span> <span class='ocrx_word' id='word_1_98' title='bbox 876 1123 974 1165; x_wconf 73' lang='lat' dir='ltr'>desit,</span> <span class='ocrx_word' id='word_1_99' title='bbox 995 1122 1031 1156; x_wconf 89' lang='lat' dir='ltr'>in</span> <span class='ocrx_word' id='word_1_100' title='bbox 1047 1121 1102 1156; x_wconf 88' lang='lat' dir='ltr'>ed.</span> <span class='ocrx_word' id='word_1_101' title='bbox 1126 1121 1278 1156; x_wconf 84' lang='lat' dir='ltr'>Haverc.</span> <span class='ocrx_word' id='word_1_102' title='bbox 1301 1121 1419 1153; x_wconf 86' lang='lat' dir='ltr'>autem</span> <span class='ocrx_word' id='word_1_103' title='bbox 1445 1128 1529 1152; x_wconf 81' lang='lat' dir='ltr'>casn</span> 
     </span>
     <span class='ocr_line' id='line_1_13' title="bbox 142 1182 503 1218; baseline 0.003 -2"><span class='ocrx_word' id='word_1_104' title='bbox 142 1182 310 1217; x_wconf 78' lang='lat' dir='ltr'>excidisse</span> <span class='ocrx_word' id='word_1_105' title='bbox 332 1182 503 1218; x_wconf 75' lang='lat' dir='ltr'>videatur.</span> 
     </span>
    </p>

    <p class='ocr_par' dir='ltr' id='par_1_5' title="bbox 140 1240 1534 2807">
     <span class='ocr_line' id='line_1_14' title="bbox 236 1240 1528 1291; baseline -0.002 -14"><span class='ocrx_word' id='word_1_106' title='bbox 236 1246 269 1286; x_wconf 71' lang='grc' dir='ltr'>ς.</span> <span class='ocrx_word' id='word_1_107' title='bbox 294 1244 326 1278; x_wconf 81' lang='lat'>4.</span> <span class='ocrx_word' id='word_1_108' title='bbox 352 1245 441 1278; x_wconf 74' lang='lat' dir='ltr'>clam</span> <span class='ocrx_word' id='word_1_109' title='bbox 475 1245 518 1279; x_wconf 90' lang='lat' dir='ltr'>de</span> <span class='ocrx_word' id='word_1_110' title='bbox 543 1245 719 1280; x_wconf 73' lang='lat' dir='ltr'>Massivae</span> <span class='ocrx_word' id='word_1_111' title='bbox 742 1247 847 1291; x_wconf 82' lang='lat' dir='ltr'>nece]</span> <span class='ocrx_word' id='word_1_112' title='bbox 881 1244 978 1280; x_wconf 84' lang='lat' dir='ltr'>Olim</span> <span class='ocrx_word' id='word_1_113' title='bbox 1002 1245 1092 1278; x_wconf 84' lang='lat' dir='ltr'>clam</span> <span class='ocrx_word' id='word_1_114' title='bbox 1116 1246 1196 1278; x_wconf 91' lang='lat' dir='ltr'>ante</span> <span class='ocrx_word' id='word_1_115' title='bbox 1218 1242 1365 1278; x_wconf 84' lang='lat' dir='ltr'>vadibus</span> <span class='ocrx_word' id='word_1_116' title='bbox 1386 1240 1528 1286; x_wconf 80' lang='lat' dir='ltr'>legebu-</span> 
     </span>
     <span class='ocr_line' id='line_1_15' title="bbox 143 1301 1531 1349; baseline -0.001 -13"><span class='ocrx_word' id='word_1_117' title='bbox 143 1307 211 1344; x_wconf 91' lang='lat' dir='ltr'>tur,</span> <span class='ocrx_word' id='word_1_118' title='bbox 235 1303 296 1347; x_wconf 87' lang='lat' dir='ltr'>qui</span> <span class='ocrx_word' id='word_1_119' title='bbox 319 1304 414 1338; x_wconf 86' lang='lat' dir='ltr'>vocis</span> <span class='ocrx_word' id='word_1_120' title='bbox 438 1306 545 1349; x_wconf 76' lang='grc' dir='ltr'><strong>Ιοειιε,</strong></span> <span class='ocrx_word' id='word_1_121' title='bbox 572 1307 670 1340; x_wconf 86' lang='lat' dir='ltr'>nulla</span> <span class='ocrx_word' id='word_1_122' title='bbox 695 1306 855 1340; x_wconf 86' lang='lat' dir='ltr'>codicum</span> <span class='ocrx_word' id='word_1_123' title='bbox 880 1304 1086 1340; x_wconf 87' lang='lat' dir='ltr'>auctoritate</span> <span class='ocrx_word' id='word_1_124' title='bbox 1109 1304 1279 1345; x_wconf 80' lang='lat' dir='ltr'>firmatus,</span> <span class='ocrx_word' id='word_1_125' title='bbox 1303 1302 1428 1336; x_wconf 86' lang='lat' dir='ltr'>merito</span> <span class='ocrx_word' id='word_1_126' title='bbox 1451 1301 1531 1335; x_wconf 89' lang='lat' dir='ltr'>inde</span> 
     </span>
     <span class='ocr_line' id='line_1_16' title="bbox 144 1362 1530 1411; baseline -0.002 -13"><span class='ocrx_word' id='word_1_127' title='bbox 144 1374 165 1398; x_wconf 86' lang='lat' dir='ltr'>a</span> <span class='ocrx_word' id='word_1_128' title='bbox 190 1364 340 1399; x_wconf 87' lang='lat' dir='ltr'>Grutero</span> <span class='ocrx_word' id='word_1_129' title='bbox 364 1371 521 1401; x_wconf 79' lang='lat' dir='ltr'>mutatus</span> <span class='ocrx_word' id='word_1_130' title='bbox 544 1372 603 1401; x_wconf 80' lang='lat' dir='ltr'>est.</span> <span class='ocrx_word' id='word_1_131' title='bbox 651 1367 720 1402; x_wconf 89' lang='lat' dir='ltr'>Sed</span> <span class='ocrx_word' id='word_1_132' title='bbox 745 1368 836 1411; x_wconf 87' lang='lat' dir='ltr'>quod</span> <span class='ocrx_word' id='word_1_133' title='bbox 860 1367 1014 1400; x_wconf 85' lang='lat' dir='ltr'>eiusdem</span> <span class='ocrx_word' id='word_1_134' title='bbox 1038 1366 1199 1409; x_wconf 76' lang='lat' dir='ltr'>exemplo</span> <span class='ocrx_word' id='word_1_135' title='bbox 1223 1363 1390 1404; x_wconf 87' lang='lat' dir='ltr'>obtinuit,</span> <span class='ocrx_word' id='word_1_136' title='bbox 1424 1365 1463 1396; x_wconf 89' lang='lat' dir='ltr'>nt</span> <span class='ocrx_word' id='word_1_137' title='bbox 1486 1362 1530 1395; x_wconf 87' lang='lat' dir='ltr'>de</span> 
     </span>
     <span class='ocr_line' id='line_1_17' title="bbox 143 1423 1529 1472; baseline -0.001 -14"><span class='ocrx_word' id='word_1_138' title='bbox 143 1428 220 1468; x_wconf 76' lang='lat' dir='ltr'>post</span> <span class='ocrx_word' id='word_1_139' title='bbox 245 1427 428 1460; x_wconf 82' lang='lat' dir='ltr'>Massivae</span> <span class='ocrx_word' id='word_1_140' title='bbox 451 1428 706 1470; x_wconf 81' lang='lat' dir='ltr'>collocaretur,</span> <span class='ocrx_word' id='word_1_141' title='bbox 730 1432 887 1472; x_wconf 82' lang='lat' dir='ltr'>repetere</span> <span class='ocrx_word' id='word_1_142' title='bbox 910 1426 1106 1471; x_wconf 84' lang='lat' dir='ltr'>noluimus,</span> <span class='ocrx_word' id='word_1_143' title='bbox 1132 1437 1239 1469; x_wconf 89' lang='lat' dir='ltr'>quum</span> <span class='ocrx_word' id='word_1_144' title='bbox 1263 1427 1403 1470; x_wconf 85' lang='lat' dir='ltr'>praeter</span> <span class='ocrx_word' id='word_1_145' title='bbox 1426 1423 1529 1457; x_wconf 86' lang='lat' dir='ltr'>Com-</span> 
     </span>
     <span class='ocr_line' id='line_1_18' title="bbox 144 1484 1530 1532; baseline 0.001 -15"><span class='ocrx_word' id='word_1_146' title='bbox 144 1485 225 1518; x_wconf 85' lang='lat' dir='ltr'>mel.</span> <span class='ocrx_word' id='word_1_147' title='bbox 249 1485 364 1521; x_wconf 83' lang='lat' dir='ltr'>Palat.</span> <span class='ocrx_word' id='word_1_148' title='bbox 388 1486 422 1521; x_wconf 85' lang='lat'>2.</span> <span class='ocrx_word' id='word_1_149' title='bbox 446 1488 525 1522; x_wconf 90' lang='lat' dir='ltr'>Sen.</span> <span class='ocrx_word' id='word_1_150' title='bbox 552 1489 585 1522; x_wconf 96' lang='grc'>1.</span> <span class='ocrx_word' id='word_1_151' title='bbox 620 1493 655 1524; x_wconf 85' lang='lat' dir='ltr'>ct</span> <span class='ocrx_word' id='word_1_152' title='bbox 686 1489 774 1523; x_wconf 88' lang='lat' dir='ltr'>Tur.</span> <span class='ocrx_word' id='word_1_153' title='bbox 798 1490 833 1523; x_wconf 89' lang='lat'>1.</span> <span class='ocrx_word' id='word_1_154' title='bbox 857 1500 976 1524; x_wconf 83' lang='lat' dir='ltr'>omnes</span> <span class='ocrx_word' id='word_1_155' title='bbox 1005 1488 1043 1522; x_wconf 89' lang='lat' dir='ltr'>in</span> <span class='ocrx_word' id='word_1_156' title='bbox 1074 1488 1219 1532; x_wconf 71' lang='lat' dir='ltr'>vulgato</span> <span class='ocrx_word' id='word_1_157' title='bbox 1243 1486 1363 1521; x_wconf 85' lang='lat' dir='ltr'>ordine</span> <span class='ocrx_word' id='word_1_158' title='bbox 1386 1484 1530 1519; x_wconf 85' lang='lat' dir='ltr'>minime</span> 
     </span>
     <span class='ocr_line' id='line_1_19' title="bbox 142 1544 1530 1594; baseline 0.001 -15"><span class='ocrx_word' id='word_1_159' title='bbox 142 1544 371 1588; x_wconf 86' lang='lat' dir='ltr'>improbando</span> <span class='ocrx_word' id='word_1_160' title='bbox 404 1549 627 1584; x_wconf 83' lang='lat' dir='ltr'>consentiant.</span> <span class='ocrx_word' id='word_1_161' title='bbox 679 1550 871 1594; x_wconf 86' lang='lat' dir='ltr'>Perperam</span> <span class='ocrx_word' id='word_1_162' title='bbox 905 1554 1023 1584; x_wconf 86' lang='lat' dir='ltr'>autern</span> <span class='ocrx_word' id='word_1_163' title='bbox 1053 1548 1246 1582; x_wconf 64' lang='lat' dir='ltr'>Muellerus</span> <span class='ocrx_word' id='word_1_164' title='bbox 1277 1548 1322 1582; x_wconf 86' lang='lat' dir='ltr'>ad</span> <span class='ocrx_word' id='word_1_165' title='bbox 1354 1558 1454 1581; x_wconf 81' lang='lat' dir='ltr'>voces</span> <span class='ocrx_word' id='word_1_166' title='bbox 1486 1546 1530 1580; x_wconf 81' lang='lat' dir='ltr'>de</span> 
     </span>
     <span class='ocr_line' id='line_1_20' title="bbox 143 1607 1530 1654; baseline 0.001 -15"><span class='ocrx_word' id='word_1_167' title='bbox 143 1617 225 1639; x_wconf 78' lang='lat' dir='ltr'>nece</span> <span class='ocrx_word' id='word_1_168' title='bbox 248 1607 477 1651; x_wconf 80' lang='lat' dir='ltr'>supplendum</span> <span class='ocrx_word' id='word_1_169' title='bbox 500 1615 615 1645; x_wconf 82' lang='lat' dir='ltr'>censet</span> <span class='ocrx_word' id='word_1_170' title='bbox 639 1613 764 1654; x_wconf 83' lang='lat' dir='ltr'>facta,</span> <span class='ocrx_word' id='word_1_171' title='bbox 794 1621 863 1643; x_wconf 89' lang='lat' dir='ltr'>non</span> <span class='ocrx_word' id='word_1_172' title='bbox 886 1611 1089 1644; x_wconf 80' lang='lat' dir='ltr'>recordatus</span> <span class='ocrx_word' id='word_1_173' title='bbox 1111 1610 1155 1644; x_wconf 88' lang='lat' dir='ltr'>de</span> <span class='ocrx_word' id='word_1_174' title='bbox 1175 1620 1259 1643; x_wconf 79' lang='lat' dir='ltr'>nece</span> <span class='ocrx_word' id='word_1_175' title='bbox 1292 1609 1456 1642; x_wconf 82' lang='lat' dir='ltr'>iudicium</span> <span class='ocrx_word' id='word_1_176' title='bbox 1479 1607 1530 1641; x_wconf 82' lang='lat' dir='ltr'>ita</span> 
     </span>
     <span class='ocr_line' id='line_1_21' title="bbox 143 1666 1528 1714; baseline 0 -14"><span class='ocrx_word' id='word_1_177' title='bbox 143 1667 273 1701; x_wconf 88' lang='lat' dir='ltr'>dictum</span> <span class='ocrx_word' id='word_1_178' title='bbox 299 1679 392 1711; x_wconf 81' lang='lat' dir='ltr'>esse,</span> <span class='ocrx_word' id='word_1_179' title='bbox 417 1673 456 1705; x_wconf 90' lang='lat' dir='ltr'>ut</span> <span class='ocrx_word' id='word_1_180' title='bbox 485 1674 581 1705; x_wconf 86' lang='lat' dir='ltr'>arcto</span> <span class='ocrx_word' id='word_1_181' title='bbox 611 1682 702 1705; x_wconf 86' lang='lat' dir='ltr'>nexu</span> <span class='ocrx_word' id='word_1_182' title='bbox 731 1674 918 1714; x_wconf 86' lang='lat' dir='ltr'>utrumque</span> <span class='ocrx_word' id='word_1_183' title='bbox 951 1671 1162 1705; x_wconf 63' lang='lat' dir='ltr'>rocabulum</span> <span class='ocrx_word' id='word_1_184' title='bbox 1196 1668 1434 1711; x_wconf 79' lang='lat' dir='ltr'>contineatur,</span> <span class='ocrx_word' id='word_1_185' title='bbox 1468 1666 1528 1711; x_wconf 91' lang='lat' dir='ltr'>qui</span> 
     </span>
     <span class='ocr_line' id='line_1_22' title="bbox 144 1727 1531 1775; baseline -0.001 -13"><span class='ocrx_word' id='word_1_186' title='bbox 144 1741 225 1762; x_wconf 81' lang='lat' dir='ltr'>usus</span> <span class='ocrx_word' id='word_1_187' title='bbox 247 1730 446 1765; x_wconf 71' lang='lat' dir='ltr'>tritissimus</span> <span class='ocrx_word' id='word_1_188' title='bbox 480 1735 535 1765; x_wconf 78' lang='lat' dir='ltr'>est</span> <span class='ocrx_word' id='word_1_189' title='bbox 569 1731 604 1765; x_wconf 89' lang='lat' dir='ltr'>in</span> <span class='ocrx_word' id='word_1_190' title='bbox 637 1732 759 1775; x_wconf 84' lang='lat' dir='ltr'>legum</span> <span class='ocrx_word' id='word_1_191' title='bbox 783 1731 892 1766; x_wconf 81' lang='lat' dir='ltr'>titulis</span> <span class='ocrx_word' id='word_1_192' title='bbox 917 1731 1114 1765; x_wconf 74' lang='lat' dir='ltr'>afferendis.</span> <span class='ocrx_word' id='word_1_193' title='bbox 1160 1730 1281 1773; x_wconf 67' lang='lat' dir='ltr'>Neque</span> <span class='ocrx_word' id='word_1_194' title='bbox 1304 1727 1531 1773; x_wconf 77' lang='lat' dir='ltr'>participium</span> 
     </span>
     <span class='ocr_line' id='line_1_23' title="bbox 144 1789 1530 1836; baseline -0.002 -13"><span class='ocrx_word' id='word_1_195' title='bbox 144 1789 376 1834; x_wconf 82' lang='lat' dir='ltr'>desiderabit,</span> <span class='ocrx_word' id='word_1_196' title='bbox 399 1792 459 1835; x_wconf 81' lang='lat' dir='ltr'>qui</span> <span class='ocrx_word' id='word_1_197' title='bbox 481 1792 694 1836; x_wconf 73' lang='lat' dir='ltr'>reputaverit</span> <span class='ocrx_word' id='word_1_198' title='bbox 712 1792 930 1827; x_wconf 70' lang='lat' dir='ltr'>substantiva</span> <span class='ocrx_word' id='word_1_199' title='bbox 953 1803 1033 1826; x_wconf 85' lang='lat' dir='ltr'>cum</span> <span class='ocrx_word' id='word_1_200' title='bbox 1057 1790 1326 1835; x_wconf 71' lang='lat' dir='ltr'>praepositione,</span> <span class='ocrx_word' id='word_1_201' title='bbox 1351 1799 1441 1831; x_wconf 87' lang='lat' dir='ltr'>quae</span> <span class='ocrx_word' id='word_1_202' title='bbox 1461 1797 1530 1821; x_wconf 90' lang='lat' dir='ltr'>non</span> 
     </span>
     <span class='ocr_line' id='line_1_24' title="bbox 144 1848 1531 1898; baseline -0.002 -14"><span class='ocrx_word' id='word_1_203' title='bbox 144 1862 187 1884; x_wconf 83' lang='lat' dir='ltr'>ex</span> <span class='ocrx_word' id='word_1_204' title='bbox 210 1852 318 1886; x_wconf 78' lang='lat' dir='ltr'>verbo</span> <span class='ocrx_word' id='word_1_205' title='bbox 342 1853 510 1896; x_wconf 82' lang='lat' dir='ltr'>pendeat,</span> <span class='ocrx_word' id='word_1_206' title='bbox 545 1852 664 1886; x_wconf 84' lang='lat' dir='ltr'>iuncta</span> <span class='ocrx_word' id='word_1_207' title='bbox 685 1853 760 1887; x_wconf 73' lang='lat' dir='ltr'>vim</span> <span class='ocrx_word' id='word_1_208' title='bbox 791 1854 924 1888; x_wconf 89' lang='lat' dir='ltr'>habere</span> <span class='ocrx_word' id='word_1_209' title='bbox 954 1852 1121 1898; x_wconf 80' lang='lat' dir='ltr'>genitivi,</span> <span class='ocrx_word' id='word_1_210' title='bbox 1155 1855 1194 1885; x_wconf 91' lang='lat' dir='ltr'>ut</span> <span class='ocrx_word' id='word_1_211' title='bbox 1227 1848 1452 1896; x_wconf 79' lang='lat' dir='ltr'>grammatici</span> <span class='ocrx_word' id='word_1_212' title='bbox 1475 1848 1531 1882; x_wconf 92' lang='lat' dir='ltr'>lo-</span> 
     </span>
     <span class='ocr_line' id='line_1_25' title="bbox 143 1909 1532 1957; baseline -0.001 -13"><span class='ocrx_word' id='word_1_213' title='bbox 143 1915 315 1956; x_wconf 85' lang='lat' dir='ltr'>quuntur,</span> <span class='ocrx_word' id='word_1_214' title='bbox 351 1913 538 1957; x_wconf 61' lang='lat' dir='ltr'>obiectivi,</span> <span class='ocrx_word' id='word_1_215' title='bbox 572 1917 633 1948; x_wconf 88' lang='lat' dir='ltr'>aut</span> <span class='ocrx_word' id='word_1_216' title='bbox 655 1913 836 1957; x_wconf 69' lang='lat' dir='ltr'>adiectivi,</span> <span class='ocrx_word' id='word_1_217' title='bbox 870 1920 910 1949; x_wconf 87' lang='lat' dir='ltr'>ut</span> <span class='ocrx_word' id='word_1_218' title='bbox 934 1914 1037 1947; x_wconf 83' lang='lat' dir='ltr'>facile</span> <span class='ocrx_word' id='word_1_219' title='bbox 1060 1915 1154 1956; x_wconf 79' lang='lat' dir='ltr'>patet</span> <span class='ocrx_word' id='word_1_220' title='bbox 1177 1910 1234 1945; x_wconf 80' lang='lat' dir='ltr'>his</span> <span class='ocrx_word' id='word_1_221' title='bbox 1257 1909 1424 1953; x_wconf 83' lang='lat' dir='ltr'>exemplis</span> <span class='ocrx_word' id='word_1_222' title='bbox 1448 1919 1532 1942; x_wconf 84' lang='lat' dir='ltr'>con·-</span> 
     </span>
     <span class='ocr_line' id='line_1_26' title="bbox 143 1964 1531 2018; baseline -0.002 -13"><span class='ocrx_word' id='word_1_223' title='bbox 143 1971 324 2006; x_wconf 73' lang='lat' dir='ltr'>sideratis:</span> <span class='ocrx_word' id='word_1_224' title='bbox 354 1964 614 2018; x_wconf 32' lang='lat' dir='ltr'>Ennius-apud</span> <span class='ocrx_word' id='word_1_225' title='bbox 637 1973 708 2010; x_wconf 85' lang='lat' dir='ltr'>Cic.</span> <span class='ocrx_word' id='word_1_226' title='bbox 737 1973 779 2008; x_wconf 90' lang='lat' dir='ltr'>de</span> <span class='ocrx_word' id='word_1_227' title='bbox 803 1973 921 2009; x_wconf 75' lang='lat' dir='ltr'>Divin.</span> <span class='ocrx_word' id='word_1_228' title='bbox 942 1974 980 2014; x_wconf 90' lang='lat'>1,</span> <span class='ocrx_word' id='word_1_229' title='bbox 1014 1972 1071 2015; x_wconf 81' lang='lat'>58,</span> <span class='ocrx_word' id='word_1_230' title='bbox 1098 1971 1179 2006; x_wconf 78' lang='lat'><strong>132.</strong></span> <span class='ocrx_word' id='word_1_231' title='bbox 1228 1971 1309 2005; x_wconf 72' lang='lat' dir='ltr'>Non</span> <span class='ocrx_word' id='word_1_232' title='bbox 1333 1970 1441 2003; x_wconf 80' lang='lat' dir='ltr'>habeo</span> <span class='ocrx_word' id='word_1_233' title='bbox 1465 1969 1531 2002; x_wconf 85' lang='lat' dir='ltr'>de-</span> 
     </span>
     <span class='ocr_line' id='line_1_27' title="bbox 144 2030 1532 2079; baseline -0.002 -12"><span class='ocrx_word' id='word_1_234' title='bbox 144 2033 245 2077; x_wconf 77' lang='lat' dir='ltr'>nique</span> <span class='ocrx_word' id='word_1_235' title='bbox 274 2034 378 2067; x_wconf 84' lang='lat' dir='ltr'>nauci</span> <span class='ocrx_word' id='word_1_236' title='bbox 412 2035 570 2069; x_wconf 81' lang='lat' dir='ltr'>Marsum</span> <span class='ocrx_word' id='word_1_237' title='bbox 604 2045 796 2079; x_wconf 83' lang='lat' dir='ltr'>augurem,</span> <span class='ocrx_word' id='word_1_238' title='bbox 833 2033 910 2067; x_wconf 68' lang='lat' dir='ltr'>Non</span> <span class='ocrx_word' id='word_1_239' title='bbox 942 2034 1083 2067; x_wconf 84' lang='lat' dir='ltr'>vicanos</span> <span class='ocrx_word' id='word_1_240' title='bbox 1117 2033 1340 2076; x_wconf 79' lang='lat' dir='ltr'>haruspices,</span> <span class='ocrx_word' id='word_1_241' title='bbox 1374 2042 1442 2064; x_wconf 80' lang='lat' dir='ltr'>non</span> <span class='ocrx_word' id='word_1_242' title='bbox 1477 2030 1532 2064; x_wconf 86' lang='lat' dir='ltr'>de</span> 
     </span>
     <span class='ocr_line' id='line_1_28' title="bbox 145 2091 1532 2141; baseline -0.002 -14"><span class='ocrx_word' id='word_1_243' title='bbox 145 2094 268 2127; x_wconf 84' lang='lat' dir='ltr'>circo</span> <span class='ocrx_word' id='word_1_244' title='bbox 293 2096 568 2141; x_wconf 80' lang='lat' dir='ltr'>astrologos.</span> <span class='ocrx_word' id='word_1_245' title='bbox 593 2096 645 2130; x_wconf 87' lang='lat' dir='ltr'>ld.</span> <span class='ocrx_word' id='word_1_246' title='bbox 670 2095 713 2128; x_wconf 81' lang='lat' dir='ltr'>de</span> <span class='ocrx_word' id='word_1_247' title='bbox 735 2093 778 2127; x_wconf 78' lang='lat' dir='ltr'>N.</span> <span class='ocrx_word' id='word_1_248' title='bbox 805 2094 845 2126; x_wconf 89' lang='lat' dir='ltr'>D.</span> <span class='ocrx_word' id='word_1_249' title='bbox 875 2093 922 2134; x_wconf 83' lang='lat'>11,</span> <span class='ocrx_word' id='word_1_250' title='bbox 944 2092 1004 2136; x_wconf 81' lang='lat'>49,</span> <span class='ocrx_word' id='word_1_251' title='bbox 1028 2093 1108 2128; x_wconf 81' lang='lat'>125.</span> <span class='ocrx_word' id='word_1_252' title='bbox 1156 2093 1250 2127; x_wconf 83' lang='lat' dir='ltr'>Illud</span> <span class='ocrx_word' id='word_1_253' title='bbox 1275 2092 1319 2125; x_wconf 86' lang='lat' dir='ltr'>ab</span> <span class='ocrx_word' id='word_1_254' title='bbox 1345 2091 1532 2125; x_wconf 80' lang='lat' dir='ltr'>Aristotele</span> 
     </span>
     <span class='ocr_line' id='line_1_29' title="bbox 145 2150 1532 2201; baseline -0.003 -14"><span class='ocrx_word' id='word_1_255' title='bbox 145 2155 446 2199; x_wconf 81' lang='lat' dir='ltr'>animadversum,</span> <span class='ocrx_word' id='word_1_256' title='bbox 487 2168 510 2189; x_wconf 92' lang='lat' dir='ltr'>a</span> <span class='ocrx_word' id='word_1_257' title='bbox 542 2168 625 2201; x_wconf 83' lang='lat' dir='ltr'>quo</span> <span class='ocrx_word' id='word_1_258' title='bbox 657 2156 886 2201; x_wconf 84' lang='lat' dir='ltr'>pleraque</span> <span class='ocrx_word' id='word_1_259' title='bbox 920 2155 996 2198; x_wconf 78' lang='lat' dir='ltr'>quis</span> <span class='ocrx_word' id='word_1_260' title='bbox 1026 2159 1138 2198; x_wconf 76' lang='lat' dir='ltr'>potest</span> <span class='ocrx_word' id='word_1_261' title='bbox 1171 2165 1239 2187; x_wconf 80' lang='lat' dir='ltr'>non</span> <span class='ocrx_word' id='word_1_262' title='bbox 1269 2150 1421 2186; x_wconf 80' lang='lat' dir='ltr'>mirari?</span> <span class='ocrx_word' id='word_1_263' title='bbox 1451 2151 1532 2195; x_wconf 83' lang='lat' dir='ltr'>lug.</span> 
     </span>
     <span class='ocr_line' id='line_1_30' title="bbox 145 2212 1532 2262; baseline -0.002 -13"><span class='ocrx_word' id='word_1_264' title='bbox 145 2216 308 2254; x_wconf 77' lang='lat' dir='ltr'>XXXIII,</span> <span class='ocrx_word' id='word_1_265' title='bbox 331 2215 366 2250; x_wconf 75' lang='grc'>4.</span> <span class='ocrx_word' id='word_1_266' title='bbox 397 2217 536 2251; x_wconf 86' lang='lat' dir='ltr'>Scelera</span> <span class='ocrx_word' id='word_1_267' title='bbox 560 2218 596 2251; x_wconf 83' lang='lat' dir='ltr'>in</span> <span class='ocrx_word' id='word_1_268' title='bbox 616 2222 753 2262; x_wconf 84' lang='lat' dir='ltr'>patrem</span> <span class='ocrx_word' id='word_1_269' title='bbox 772 2218 982 2260; x_wconf 78' lang='lat' dir='ltr'>fratresque.</span> <span class='ocrx_word' id='word_1_270' title='bbox 1007 2215 1129 2256; x_wconf 83' lang='lat' dir='ltr'>xcm,</span> <span class='ocrx_word' id='word_1_271' title='bbox 1151 2214 1186 2248; x_wconf 79' lang='lat'>2.</span> <span class='ocrx_word' id='word_1_272' title='bbox 1232 2213 1382 2257; x_wconf 80' lang='lat' dir='ltr'>Quidam</span> <span class='ocrx_word' id='word_1_273' title='bbox 1406 2212 1532 2257; x_wconf 82' lang='lat' dir='ltr'>Ligus,</span> 
     </span>
     <span class='ocr_line' id='line_1_31' title="bbox 146 2274 1534 2316; baseline -0.003 -5"><span class='ocrx_word' id='word_1_274' title='bbox 146 2288 195 2311; x_wconf 79' lang='lat' dir='ltr'>ex</span> <span class='ocrx_word' id='word_1_275' title='bbox 226 2277 496 2312; x_wconf 82' lang='lat' dir='ltr'>cohortibus</span> <span class='ocrx_word' id='word_1_276' title='bbox 519 2277 748 2311; x_wconf 68' lang='lat' dir='ltr'>auxiliaribus</span> <span class='ocrx_word' id='word_1_277' title='bbox 771 2278 916 2311; x_wconf 84' lang='lat' dir='ltr'>miles.</span> <span class='ocrx_word' id='word_1_278' title='bbox 940 2275 1063 2316; x_wconf 74' lang='lat' dir='ltr'>xciv,</span> <span class='ocrx_word' id='word_1_279' title='bbox 1087 2276 1121 2309; x_wconf 87' lang='lat'>1.</span> <span class='ocrx_word' id='word_1_280' title='bbox 1171 2274 1279 2308; x_wconf 81' lang='lat' dir='ltr'>Scuta</span> <span class='ocrx_word' id='word_1_281' title='bbox 1305 2285 1354 2308; x_wconf 70' lang='lat' dir='ltr'>ea·</span> <span class='ocrx_word' id='word_1_282' title='bbox 1379 2274 1534 2308; x_wconf 83' lang='lat' dir='ltr'>coriis.</span> 
     </span>
     <span class='ocr_line' id='line_1_32' title="bbox 147 2332 1532 2378; baseline -0.002 -8"><span class='ocrx_word' id='word_1_283' title='bbox 147 2338 259 2371; x_wconf 71' lang='lat' dir='ltr'>Varro</span> <span class='ocrx_word' id='word_1_284' title='bbox 293 2339 336 2372; x_wconf 87' lang='lat' dir='ltr'>de</span> <span class='ocrx_word' id='word_1_285' title='bbox 363 2339 408 2371; x_wconf 77' lang='lat' dir='ltr'>R.</span> <span class='ocrx_word' id='word_1_286' title='bbox 442 2338 487 2371; x_wconf 83' lang='lat' dir='ltr'>R.</span> <span class='ocrx_word' id='word_1_287' title='bbox 519 2338 557 2378; x_wconf 92' lang='lat'>1,</span> <span class='ocrx_word' id='word_1_288' title='bbox 584 2336 640 2373; x_wconf 87' lang='lat'>15.</span> <span class='ocrx_word' id='word_1_289' title='bbox 698 2338 794 2373; x_wconf 79' lang='lat' dir='ltr'>Lites</span> <span class='ocrx_word' id='word_1_290' title='bbox 823 2350 874 2372; x_wconf 74' lang='lat' dir='ltr'>ez·</span> <span class='ocrx_word' id='word_1_291' title='bbox 905 2336 1148 2371; x_wconf 85' lang='lat' dir='ltr'>limitibus.</span> <span class='ocrx_word' id='word_1_292' title='bbox 1190 2334 1318 2370; x_wconf 76' lang='lat' dir='ltr'>Catuli.</span> <span class='ocrx_word' id='word_1_293' title='bbox 1353 2334 1471 2377; x_wconf 76' lang='lat' dir='ltr'>XXV,</span> <span class='ocrx_word' id='word_1_294' title='bbox 1497 2332 1532 2368; x_wconf 85' lang='lat'>5.</span> 
     </span>
     <span class='ocr_line' id='line_1_33' title="bbox 149 2395 1534 2443; baseline -0.001 -12"><span class='ocrx_word' id='word_1_295' title='bbox 149 2399 207 2432; x_wconf 87' lang='lat' dir='ltr'>De</span> <span class='ocrx_word' id='word_1_296' title='bbox 240 2399 319 2432; x_wconf 88' lang='lat' dir='ltr'>via</span> <span class='ocrx_word' id='word_1_297' title='bbox 352 2399 529 2432; x_wconf 83' lang='lat' dir='ltr'>mulier.</span> <span class='ocrx_word' id='word_1_298' title='bbox 560 2398 675 2432; x_wconf 87' lang='lat' dir='ltr'>Plaut.</span> <span class='ocrx_word' id='word_1_299' title='bbox 707 2398 801 2435; x_wconf 83' lang='lat' dir='ltr'>Rud.</span> <span class='ocrx_word' id='word_1_300' title='bbox 825 2399 881 2443; x_wconf 85' lang='lat'>11,</span> <span class='ocrx_word' id='word_1_301' title='bbox 906 2398 951 2438; x_wconf 88' lang='grc'>6,</span> <span class='ocrx_word' id='word_1_302' title='bbox 983 2396 1040 2432; x_wconf 84' lang='grc'>19.</span> <span class='ocrx_word' id='word_1_303' title='bbox 1091 2395 1181 2438; x_wconf 76' lang='lat' dir='ltr'>Quid</span> <span class='ocrx_word' id='word_1_304' title='bbox 1215 2396 1299 2430; x_wconf 80' lang='lat' dir='ltr'>mihi</span> <span class='ocrx_word' id='word_1_305' title='bbox 1323 2400 1464 2431; x_wconf 81' lang='lat' dir='ltr'>erat—</span> <span class='ocrx_word' id='word_1_306' title='bbox 1486 2396 1534 2430; x_wconf 77' lang='lat' dir='ltr'>in</span> 
     </span>
     <span class='ocr_line' id='line_1_34' title="bbox 149 2455 1533 2498; baseline -0.002 -6"><span class='ocrx_word' id='word_1_307' title='bbox 149 2470 311 2493; x_wconf 78' lang='lat' dir='ltr'>navem</span> <span class='ocrx_word' id='word_1_308' title='bbox 342 2457 608 2493; x_wconf 78' lang='lat' dir='ltr'>inscensio?</span> <span class='ocrx_word' id='word_1_309' title='bbox 640 2459 729 2494; x_wconf 86' lang='lat' dir='ltr'>Sall.</span> <span class='ocrx_word' id='word_1_310' title='bbox 753 2461 829 2495; x_wconf 86' lang='lat' dir='ltr'>Cat.</span> <span class='ocrx_word' id='word_1_311' title='bbox 852 2457 1010 2498; x_wconf 77' lang='lat' dir='ltr'>XXXV,</span> <span class='ocrx_word' id='word_1_312' title='bbox 1038 2455 1073 2489; x_wconf 84' lang='lat'>2.</span> <span class='ocrx_word' id='word_1_313' title='bbox 1134 2455 1438 2492; x_wconf 79' lang='lat' dir='ltr'>Conscientia</span> <span class='ocrx_word' id='word_1_314' title='bbox 1480 2456 1533 2491; x_wconf 89' lang='lat' dir='ltr'>de</span> 
     </span>
     <span class='ocr_line' id='line_1_35' title="bbox 146 2516 1534 2565; baseline -0.003 -11"><span class='ocrx_word' id='word_1_315' title='bbox 146 2521 246 2565; x_wconf 77' lang='lat' dir='ltr'>culp</span> <span class='ocrx_word' id='word_1_316' title='bbox 257 2532 292 2554; x_wconf 88' lang='lat' dir='ltr'>a.</span> <span class='ocrx_word' id='word_1_317' title='bbox 325 2520 479 2554; x_wconf 80' lang='lat' dir='ltr'>Historr.</span> <span class='ocrx_word' id='word_1_318' title='bbox 503 2520 651 2565; x_wconf 83' lang='lat' dir='ltr'>Fragm.</span> <span class='ocrx_word' id='word_1_319' title='bbox 676 2520 750 2554; x_wconf 87' lang='lat' dir='ltr'>Inc.</span> <span class='ocrx_word' id='word_1_320' title='bbox 775 2519 842 2560; x_wconf 73' lang='lat'>17,</span> <span class='ocrx_word' id='word_1_321' title='bbox 871 2518 906 2553; x_wconf 82' lang='lat'>6.</span> <span class='ocrx_word' id='word_1_322' title='bbox 932 2517 1027 2552; x_wconf 86' lang='lat' dir='ltr'>Gerl.</span> <span class='ocrx_word' id='word_1_323' title='bbox 1085 2516 1217 2552; x_wconf 84' lang='lat' dir='ltr'>Sertori</span> <span class='ocrx_word' id='word_1_324' title='bbox 1244 2528 1331 2562; x_wconf 84' lang='lat' dir='ltr'>per</span> <span class='ocrx_word' id='word_1_325' title='bbox 1360 2516 1534 2551; x_wconf 79' lang='lat' dir='ltr'>montis</span> 
     </span>
     <span class='ocr_line' id='line_1_36' title="bbox 140 2578 1534 2626; baseline -0.003 -12"><span class='ocrx_word' id='word_1_326' title='bbox 140 2583 195 2625; x_wconf 84' lang='lat' dir='ltr'>fu</span> <span class='ocrx_word' id='word_1_327' title='bbox 204 2592 275 2626; x_wconf 87' lang='lat' dir='ltr'>ga.</span> <span class='ocrx_word' id='word_1_328' title='bbox 322 2580 390 2615; x_wconf 82' lang='lat' dir='ltr'>His</span> <span class='ocrx_word' id='word_1_329' title='bbox 413 2581 519 2622; x_wconf 82' lang='lat' dir='ltr'>adde,</span> <span class='ocrx_word' id='word_1_330' title='bbox 557 2591 649 2624; x_wconf 88' lang='lat' dir='ltr'>quae</span> <span class='ocrx_word' id='word_1_331' title='bbox 672 2581 717 2616; x_wconf 86' lang='lat' dir='ltr'>ad</span> <span class='ocrx_word' id='word_1_332' title='bbox 751 2593 781 2615; x_wconf 79' lang='lat' dir='ltr'>c,</span> <span class='ocrx_word' id='word_1_333' title='bbox 805 2580 898 2621; x_wconf 79' lang='lat' dir='ltr'>mv,</span> <span class='ocrx_word' id='word_1_334' title='bbox 922 2580 956 2614; x_wconf 82' lang='lat'>6.</span> <span class='ocrx_word' id='word_1_335' title='bbox 991 2578 1034 2612; x_wconf 80' lang='lat' dir='ltr'>de</span> <span class='ocrx_word' id='word_1_336' title='bbox 1056 2578 1180 2612; x_wconf 88' lang='lat' dir='ltr'>eodem</span> <span class='ocrx_word' id='word_1_337' title='bbox 1202 2589 1267 2612; x_wconf 80' lang='lat' dir='ltr'>usu</span> <span class='ocrx_word' id='word_1_338' title='bbox 1289 2579 1363 2612; x_wconf 82' lang='lat' dir='ltr'>sine</span> <span class='ocrx_word' id='word_1_339' title='bbox 1385 2587 1534 2621; x_wconf 84' lang='lat' dir='ltr'>praepo-</span> 
     </span>
     <span class='ocr_line' id='line_1_37' title="bbox 147 2637 1533 2686; baseline -0.004 -10"><span class='ocrx_word' id='word_1_340' title='bbox 147 2641 283 2676; x_wconf 84' lang='lat' dir='ltr'>sitionis</span> <span class='ocrx_word' id='word_1_341' title='bbox 305 2641 468 2684; x_wconf 80' lang='lat' dir='ltr'>diximus,</span> <span class='ocrx_word' id='word_1_342' title='bbox 491 2646 526 2676; x_wconf 84' lang='lat' dir='ltr'>et</span> <span class='ocrx_word' id='word_1_343' title='bbox 549 2642 696 2686; x_wconf 83' lang='lat' dir='ltr'>Grysar.</span> <span class='ocrx_word' id='word_1_344' title='bbox 719 2641 795 2676; x_wconf 76' lang='lat' dir='ltr'>Art.</span> <span class='ocrx_word' id='word_1_345' title='bbox 817 2640 940 2675; x_wconf 79' lang='lat' dir='ltr'>Latine</span> <span class='ocrx_word' id='word_1_346' title='bbox 961 2638 1134 2673; x_wconf 83' lang='lat' dir='ltr'>scribendi</span> <span class='ocrx_word' id='word_1_347' title='bbox 1157 2651 1190 2683; x_wconf 84' lang='lat' dir='ltr'>p.</span> <span class='ocrx_word' id='word_1_348' title='bbox 1209 2637 1290 2673; x_wconf 83' lang='lat'>185.</span> <span class='ocrx_word' id='word_1_349' title='bbox 1316 2639 1348 2680; x_wconf 78' lang='lat'>§-</span> <span class='ocrx_word' id='word_1_350' title='bbox 1372 2637 1464 2671; x_wconf 76' lang='grc'>2.-</span> <span class='ocrx_word' id='word_1_351' title='bbox 1480 2637 1533 2671; x_wconf 81' lang='lat' dir='ltr'>De</span> 
     </span>
     <span class='ocr_line' id='line_1_38' title="bbox 149 2697 1531 2747; baseline -0.004 -11"><span class='ocrx_word' id='word_1_352' title='bbox 149 2702 358 2736; x_wconf 86' lang='lat' dir='ltr'>Bomilcaris</span> <span class='ocrx_word' id='word_1_353' title='bbox 380 2702 467 2747; x_wconf 76' lang='lat' dir='ltr'>fuga</span> <span class='ocrx_word' id='word_1_354' title='bbox 488 2701 609 2736; x_wconf 89' lang='lat' dir='ltr'>iudicii</span> <span class='ocrx_word' id='word_1_355' title='bbox 640 2713 674 2736; x_wconf 80' lang='lat' dir='ltr'>v.</span> <span class='ocrx_word' id='word_1_356' title='bbox 697 2712 804 2746; x_wconf 79' lang='lat' dir='ltr'>supra</span> <span class='ocrx_word' id='word_1_357' title='bbox 837 2713 868 2734; x_wconf 88' lang='lat' dir='ltr'>c.</span> <span class='ocrx_word' id='word_1_358' title='bbox 893 2699 1036 2734; x_wconf 73' lang='lat' dir='ltr'>XXXV.</span> <span class='ocrx_word' id='word_1_359' title='bbox 1061 2719 1106 2725; x_wconf 97' lang='lat'>—</span> <span class='ocrx_word' id='word_1_360' title='bbox 1142 2699 1278 2734; x_wconf 84' lang='lat' dir='ltr'>Deinde</span> <span class='ocrx_word' id='word_1_361' title='bbox 1301 2709 1421 2733; x_wconf 83' lang='lat' dir='ltr'>omnes</span> <span class='ocrx_word' id='word_1_362' title='bbox 1445 2697 1531 2731; x_wconf 85' lang='lat' dir='ltr'>Ger-</span> 
     </span>
     <span class='ocr_line' id='line_1_39' title="bbox 151 2757 1528 2807; baseline -0.003 -12"><span class='ocrx_word' id='word_1_363' title='bbox 151 2762 257 2797; x_wconf 79' lang='lat' dir='ltr'>lachii</span> <span class='ocrx_word' id='word_1_364' title='bbox 282 2765 317 2797; x_wconf 89' lang='lat' dir='ltr'>et</span> <span class='ocrx_word' id='word_1_365' title='bbox 348 2763 418 2798; x_wconf 77' lang='lat' dir='ltr'>mei</span> <span class='ocrx_word' id='word_1_366' title='bbox 449 2762 545 2797; x_wconf 85' lang='lat' dir='ltr'>codd.</span> <span class='ocrx_word' id='word_1_367' title='bbox 582 2762 769 2807; x_wconf 82' lang='lat' dir='ltr'>praebent3</span> <span class='ocrx_word' id='word_1_368' title='bbox 802 2760 940 2798; x_wconf 80' lang='lat' dir='ltr'>eortius</span> <span class='ocrx_word' id='word_1_369' title='bbox 976 2760 1058 2796; x_wconf 83' lang='lat' dir='ltr'>dein</span> <span class='ocrx_word' id='word_1_370' title='bbox 1090 2757 1250 2804; x_wconf 59' lang='grc' dir='ltr'>εει-ἱρείη</span> <span class='ocrx_word' id='word_1_371' title='bbox 1286 2768 1320 2793; x_wconf 74' lang='lat' dir='ltr'>v.</span> <span class='ocrx_word' id='word_1_372' title='bbox 1353 2757 1459 2793; x_wconf 71' lang='lat' dir='ltr'>indic,</span> <span class='ocrx_word' id='word_1_373' title='bbox 1487 2776 1528 2781; x_wconf 83' lang='lat'><em>-</em></span> 
     </span>
    </p>
   </div>
  </div>
 </body>
</html>
