1630 3034
140 167 225 208 484
514 158 560 202 C.
590 158 931 202 SALLUSTI
970 159 1194 204 ‚CRISPI

144 279 252 325 dum
279 277 498 333 attribuit,
534 277 592 324 A.
629 276 850 321 Manlium
884 277 1085 337 legatum
1134 292 1236 322 cum
1272 277 1531 323 cohortibus
1571 288 1573 290 ’

147 376 362 438 expeditis
399 373 458 419 ad
494 374 714 434 oppidum
746 375 890 432 Laris,
925 374 1002 418 ubi
1027 374 1298 435 stipendium
1333 381 1379 420 et
1408 391 1534 420 com—

147 480 343 519 meatum
378 473 618 529 locaverat,
654 473 719 516 ire
753 472 892 529 iubet,
930 471 1127 531 dicitque
1167 488 1214 517 se
1248 472 1537 533 praedabun—

149 573 258 617 dum
305 575 413 631 post
459 584 631 629 paucos
676 568 770 612 dies
816 569 979 614 eodem
1027 575 1273 614 venturum.
1347 569 1424 614 Sic
1468 570 1539 614 in-

75 684 102 713 st
150 673 284 730 cepto
321 682 402 713 suo
439 667 664 711 occultato
699 667 852 727 pergit
885 666 944 710 ad
978 667 1146 711 flumen
1180 665 1224 711 T
1228 682 1373 715 anam.

288 764 406 809 XCI.
483 764 695 810 Ceterum
737 765 782 809 in
826 765 981 809 itinere
1028 763 1191 808 cotidie
1237 779 1377 824 pecus
1414 779 1543 809 exer--

151 933 325 969 Donatist.
351 932 410 975 vl,
435 932 493 966 28.
520 933 635 967 forma
672 933 821 967 Laribus
844 932 1055 970 inveniatur.
1086 933 1139 967 De
1163 933 1259 967 urbis
1281 932 1349 967 situ
1374 933 1420 967 cf.
1444 933 1546 967 Man-

152 995 241 1030 nerti
275 995 408 1040 Geogr.
442 994 571 1030 Graec.
603 998 637 1028 et
668 995 776 1029 Rom.
809 994 914 1029 Tom.
951 995 995 1028 X.
1020 995 1060 1028 P.
1086 994 1129 1028 11.
1156 1006 1191 1038 p.
1214 993 1295 1028 332.
1343 993 1547 1028 Accusativi

152 1056 353 1092 terminatio
376 1056 413 1090 in
437 1055 467 1088 is
491 1055 527 1088 h.
553 1055 575 1088 l.
599 1055 731 1091 intacta
755 1056 967 1101 permansit,
992 1055 1084 1099 quod
1108 1054 1328 1100 ignorantiae
1354 1055 1548 1089 scribarum

153 1119 318 1158 debetur3
352 1128 387 1150 v·
411 1116 457 1150 ad
480 1104 556 1150 cat.
582 1117 618 1158 1,
643 1117 678 1151 1.
711 1138 755 1143 —-
791 1119 969 1163 Dicitque,
1005 1116 1098 1160 qnod
1127 1127 1246 1150 omnes
1277 1117 1393 1158 codd.,
1415 1128 1459 1150 ne
1482 1127 1550 1150 uno

155 1179 297 1223 quidem
331 1180 501 1221 excepto,
542 1182 679 1220 tenent,
715 1179 875 1221 Cortius,
907 1178 1108 1213 futilissima
1131 1177 1434 1222 argumentatione
1455 1189 1549 1221 usus,
1572 1166 1575 1174 Ὗ

153 1245 322 1284 tanquam
352 1238 510 1283 spurium
541 1239 671 1276 omisit.
719 1236 930 1274 Gerlach'ius
965 1240 1002 1274 in
1036 1243 1186 1283 utraque
1219 1239 1371 1274 editione
1395 1239 1550 1281 retinuit,

156 1302 215 1337 sed
242 1301 277 1335 in
302 1302 513 1335 Commentt.
548 1312 582 1344 p.
607 1301 689 1335 321.
713 1301 803 1335 haec
827 1301 982 1346 scripsit:
1017 1302 1107 1345 „vel
1135 1301 1307 1344 omnibus*
1329 1300 1430 1335 codd.
1459 1300 1552 1334 iuvi-

156 1363 200 1398 tis
225 1362 294 1407 (l)
318 1362 389 1395 hoc
416 1362 563 1395 verbum
587 1362 788 1396 deleverim.
836 1363 1004 1408 Inprimis
1026 1363 1119 1398 enim
1143 1363 1208 1397 sub
1231 1363 1337 1396 finem
1359 1362 1553 1408 Iugurthae

157 1429 208 1459 cst
232 1424 453 1467 perspicuum
479 1422 574 1467 (?)‚
602 1424 714 1458 multa
738 1423 910 1458 eiusmodi
935 1424 1009 1469 (ἓ)
1044 1435 1066 1458 a
1099 1423 1273 1458 Sallustio
1297 1423 1428 1458 omissa
1450 1427 1484 1459 et
1507 1423 1553 1458 ab

157 1487 296 1521 insulsis
320 1484 562 1531 grammaticis
587 1488 707 1528 postea
731 1485 846 1519 alieno
870 1485 948 1520 loco
972 1485 1183 1530 interposita
1208 1496 1292 1519 esse.
1336 1489 1430 1519 recte
1457 1485 1550 1518 eort.

157 1548 294 1582 confert
317 1547 412 1580 infra
438 1556 514 1589 cap.
540 1544 622 1581 109.
647 1546 810 1589 quamvis
834 1558 903 1581 non
927 1546 1156 1592 negaverim,
1189 1547 1302 1581 multa
1326 1557 1418 1590 quae
1440 1545 1476 1579 in
1500 1556 1554 1579 se-

157 1608 311 1643 rior-ibus
335 1607 410 1652 (?)
446 1605 607 1640 Sallustii
645 1605 785 1652 scriptis
819 1613 1025 1652 occurrunt,
1056 1608 1092 1642 in
1129 1608 1250 1652 priora
1282 1607 1354 1652 (?)
1389 1619 1457 1641 nou
1482 1611 1555 1641 esse

158 1669 352 1705 inferenda.
378 1667 456 1702 fieri
481 1666 574 1700 enim
597 1666 722 1711 potuit,
747 1673 786 1703 ut
808 1670 1007 1704 labentibus
1029 1668 1128 1703 annis
1156 1668 1228 1713 (?)
1252 1669 1373 1702 durior
1395 1669 1469 1703 eius
1493 1668 1555 1702 fie-

160 1735 213 1765 ret
239 1729 428 1765 0ratio.·‘!!
463 1728 503 1762 In
545 1728 671 1772 quibus
704 1727 822 1762 verbis
840 1727 884 1762 ·si
919 1728 996 1772 quis
1025 1733 1159 1764 tantam
1182 1729 1302 1763 iudicii
1326 1730 1556 1765 subtilitatem

160 1797 364 1835 tantumque
388 1802 536 1825 acumen
560 1789 673 1824 inesse
696 1789 809 1834 dicat,
837 1795 876 1824 ut
894 1792 1063 1833 quantum
1086 1791 1123 1824 id
1147 1791 1212 1832 sit,
1246 1802 1316 1825 non
1341 1791 1451 1835 possit
1474 1791 1554 1832 dici,

162 1865 219 1887 me
250 1864 318 1888 non
358 1852 503 1886 habebit
535 1852 790 1896 refragantem.
824 1871 866 1876 —
906 1851 1085 1887 Occultato
1119 1863 1240 1886 omnes
1271 1852 1372 1886 codd.
1403 1853 1556 1893 habent,

162 1919 304 1960 praeter
339 1914 459 1948 Guelf.
492 1913 526 1948 3.
559 1911 594 1949 6.
620 1912 675 1949 12.
710 1916 744 1947 et
778 1912 926 1947 Eccard.
963 1913 999 1947 in
1035 1913 1163 1958 quibus
1193 1916 1244 1948 est
1276 1914 1433 1956 occulto,
1465 1914 1557 1958 quod

161 1976 301 2011 Cortius
325 1976 467 2020 recepit.

255 2037 345 2071 XCI.
371 2039 404 2080 §-
429 2036 463 2070 1.
512 2036 652 2081 cotidie]
679 2035 780 2071 Hanc
803 2035 1016 2080 scripturam
1041 2037 1238 2081 complures
1258 2038 1442 2071 servarunt
1464 2036 1559 2078 libri,

164 2102 202 2133 ut
234 2098 317 2132 Bas·
351 2098 388 2132 1.
421 2098 511 2132 Tur.
544 2098 578 2132 1.
615 2099 706 2143 Teg.
742 2098 849 2134 Rern.
875 2097 909 2132 3.
949 2098 1062 2134 Paris.
1095 2111 1126 2132 z.
1161 2098 1305 2140 Goer1.;
1339 2110 1373 2133 v.
1407 2098 1451 2133 ad
1483 2099 1559 2134 cant.

164 2159 321 2201 xm'm,
344 2159 380 2193 2.
405 2178 449 2184 —
475 2160 537 2193 ne·
554 2161 676 2194 turmis
700 2164 735 2195 et
758 2161 922 2194 centuriis
946 2171 978 2195 v·
1003 2161 1048 2195 ad
1072 2171 1103 2195 c.
1127 2159 1250 2203 XLIX,
1276 2159 1311 2193 2.
1359 2159 1562 2204 Aequaliter

164 2225 283 2255 autem
315 2221 351 2254 h.
378 2221 402 2256 l.
436 2232 503 2254 non
534 2225 586 2255 cst
615 2222 761 2266 paribus
791 2223 970 2266 partibus,
1007 2221 1067 2255 sed
1100 2220 1192 2254 iusta
1218 2220 1352 2254 ratione
1383 2221 1562 2264 utriusque

167 2281 303 2316 numeri
333 2281 484 2321 habita3
517 2294 599 2317 nam
633 2287 751 2317 turma
779 2283 926 2329 triginta
949 2288 1086 2318 tantum
1110 2282 1242 2325 equites
1265 2282 1433 2324 habebat,
1459 2293 1492 2316 v.
1516 2281 1561 2316 ad

167 2355 197 2377 c.
225 2344 418 2386 xxxvm,
441 2343 476 2379 6.
500 2362 546 2368 —
574 2345 806 2379 Distribucrat
840 2343 1230 2388 Cottiusl„mututione
1264 2347 1460 2386 temporum
1483 2341 1562 2376 Sal-

167 2403 270 2438 lustio
294 2404 400 2449 longe
425 2404 686 2439 usitatissima“
720 2417 783 2450 pro
808 2405 1016 2450 imperfecto
1037 2405 1168 2439 dictum
1201 2408 1331 2446 censet,
1355 2403 1563 2439 assentiente

168 2464 325 2509 Langio3
350 2466 693 2510 plusquamperfecto
717 2466 823 2500 etiam
850 2467 1002 2500 oss'cnsus
1020 2467 1211 2500 Muellerus
1234 2477 1301 2500 non
1325 2466 1476 2500 multum
1498 2465 1563 2499 ab·

169 2529 220 2559 cst
244 2525 325 2568 quin
351 2527 474 2569 probet
499 2527 715 2568 distribuere,
740 2527 831 2571 quod
857 2532 909 2561 est
932 2527 967 2560 in
993 2528 1112 2562 Guelf.
1137 2527 1171 2560 3.
1218 2526 1286 2560 Sed
1311 2526 1454 2571 propria
1477 2536 1560 2559 con-

169 2590 236 2620 stat
262 2586 598 2631 plusquamperfecti
631 2587 710 2630 vis;
743 2599 825 2621 num
860 2587 1083 2631 distributio,
1115 2588 1241 2622 cotidie
1265 2587 1439 2628 instituta,
1461 2586 1560 2632 cogi-

170 2651 263 2681 tatur
288 2653 370 2682 ante
395 2649 508 2690 factu,
536 2659 642 2691 quam
664 2652 698 2682 et
722 2653 839 2683 cetera
866 2649 1026 2694 nogotia,
1053 2654 1088 2684 et
1114 2650 1244 2683 utrium
1267 2648 1438 2684 confectio
1460 2660 1561 2692 pera-

170 2712 347 2753 gerentur.
394 2709 558 2752 Apertior
582 2710 670 2743 haec
694 2709 861 2754 temporis
885 2710 975 2744 ratio
999 2711 1109 2753 foret,
1133 2711 1163 2745 ni
1187 2714 1309 2744 auctor
1332 2710 1381 2743 ita
1403 2709 1561 2744 dixisset:

171 2781 210 2803 ex
235 2769 340 2805 coriis
363 2781 553 2813 pecorum,
577 2782 667 2815 quac
690 2770 817 2805 cotidie
841 2770 1091 2812 distribuerat,
1124 2775 1218 2806 utres
1240 2770 1290 2805 uti
1315 2770 1437 2806 fierent
1459 2781 1558 2804 cura-
