1630 3034
196 209 280 251 414
563 201 610 245 C.
639 194 970 243 SALLUSTI
1000 200 1222 245 CRISPI

197 334 344 379 neque
391 318 583 378 flumen,
630 332 776 377 neque
822 332 950 362 mons
1002 323 1118 373 erat,
1162 317 1239 376 qui
1280 317 1380 362 finis
1429 332 1615 362 eorum-

200 418 502 471 discerneret,
553 429 669 472 quae
723 429 794 458 res
844 429 922 458 eos
970 413 1014 458 in
1067 429 1237 474 magno
1288 414 1586 472 diuturnoque

160 514 319 559 4bello
353 513 466 556 inter
501 527 549 556 se
591 510 763 557 habuit.
835 495 1082 569 Postquam
1110 511 1338 569 utrimque
1372 510 1586 570 legiones,

197 613 304 656 item
339 610 503 653 classes
533 623 670 668 saepe
699 608 825 652 fusae
855 608 1144 668 fugataeque,
1181 613 1226 652 et
1261 608 1388 651 alteri
1425 607 1586 650 alteros

199 709 474 767 aliquantum
520 706 804 761 attriverant,
850 705 997 761 veriti,
1033 719 1090 749 ne
1126 720 1236 749 mox
1269 696 1410 749 &ictos
1445 704 1588 747 victo-

200 820 361 864 resque
413 802 615 847 defessos
663 802 772 846 alius
825 802 1154 862 aggrederetur
1180 835 1193 858 ,
1251 817 1338 861 per
1392 799 1590 844 inducias

202 973 254 1004 ret
283 970 493 1002 structuram
524 967 674 1011 imperat
707 966 788 1000 hac
823 967 1028 1012 regione
1061 972 1217 1002 nostrum
1250 967 1368 1000 locum
1402 963 1452 998 ita
1476 963 1593 1005 affert,

201 1035 239 1065 ut
261 1027 445 1063 edidimus.
492 1028 608 1072 Quam
638 1027 850 1070 scripturam
884 1032 1023 1061 mature
1050 1028 1086 1062 in
1123 1029 1221 1062 codd.
1251 1030 1457 1070 corruptam
1488 1024 1597 1058 fuisse

199 1103 269 1126 non
300 1093 352 1123 est
386 1088 540 1130 mirum,
575 1098 682 1131 quum
716 1087 878 1122 librarios
911 1089 1052 1133 fugeret
1084 1091 1251 1133 pleraque
1283 1088 1407 1131 Africa
1430 1097 1498 1120 non
1522 1084 1594 1141 {im

199 1153 334 1187 habere
359 1149 506 1191 obiecti,
530 1149 567 1182 in
590 1147 681 1193 quod
704 1159 779 1182 sese
801 1155 974 1183 exsereret
998 1149 1199 1193 imperium,
1225 1148 1285 1182 sed
1309 1147 1392 1189 loci,
1418 1147 1477 1180 ubi
1500 1146 1592 1180 vale-

200 1217 254 1248 ret
276 1210 474 1255 imperium.
522 1210 560 1244 In
591 1212 756 1253 promptu
788 1213 840 1244 est
872 1215 990 1245 autem
1023 1211 1116 1244 hanc
1137 1214 1349 1245 structuram
1380 1208 1529 1252 pendere
1552 1218 1594 1241 ex

202 1272 426 1308 intransitiva
457 1273 629 1315 potestate
652 1270 771 1312 verbi,
809 1271 900 1315 quod
934 1272 964 1305 si
999 1282 1135 1316 semper
1159 1271 1335 1305 obiectum
1359 1269 1412 1303 rei
1433 1272 1496 1303 aut
1518 1278 1596 1311 per-

201 1346 307 1369 sonae
330 1332 546 1377 requireret,
579 1330 675 1364 nullo
710 1336 812 1374 pacto
843 1336 959 1376 posset
991 1333 1190 1367 ablativum
1225 1331 1428 1366 adiunctum
1450 1330 1594 1364 habere.

201 1396 272 1431 Sed
295 1395 493 1439 imperitare
527 1392 659 1436 pariter
693 1397 797 1436 atque
828 1394 999 1437 imperare
1031 1394 1139 1428 etiam
1169 1394 1330 1428 absolute
1360 1391 1517 1436 ponitur,
1553 1400 1595 1424 ac

202 1456 378 1501 significat
409 1454 593 1499 imperium
621 1465 800 1496 exercere,
833 1454 1077 1497 imperatorem
1102 1466 1195 1498 esse,
1231 1453 1405 1488 dominari
1412 1464 1425 1493 ‚-
1448 1452 1493 1485 cf.
1516 1451 1594 1495 lug.

202 1517 331 1557 XVIII,
355 1515 408 1549 12.
463 1516 553 1550 Victi
576 1516 613 1549 in
635 1527 759 1549 nomen
783 1515 1109 1559 imperantium
1135 1526 1341 1550 concessere.
1372 1513 1535 1554 LXXXI,
1557 1512 1592 1546 l.

203 1578 379 1612 Romanos
413 1575 571 1611 caussam
604 1577 685 1610 belli
715 1576 844 1611 habere
876 1576 1064 1611 lubidinem
1098 1575 1424 1622 imperitandi.
1455 1573 1528 1608 Cic.
1551 1572 1595 1606 de

203 1639 315 1684 Legg.
339 1637 401 1680 111,
424 1636 460 1678 2,
484 1635 519 1672 5.
568 1637 690 1681 Neque
712 1637 822 1670 solum
850 1637 1118 1682 magistratibus
1139 1636 1424 1682 praescribendae
1448 1639 1498 1670 est
1520 1634 1595 1668 im-

202 1698 435 1744 perandi,
476 1697 538 1731 sed
572 1698 678 1731 etiam
714 1697 845 1730 civibus
884 1697 1141 1743 obtemperandi
1174 1699 1304 1732 modus.
1353 1697 1449 1732 Nam
1473 1700 1507 1730 et
1535 1694 1596 1740 que

205 1761 289 1794 bene
312 1760 533 1802 imperet,
555 1757 715 1801 paruerit
738 1758 929 1801 aliquando
953 1770 1088 1793 necesse
1112 1763 1184 1802 est,
1214 1763 1248 1792 et
1272 1758 1331 1802 qui
1353 1757 1507 1791 modeste
1521 1766 1594 1800 -pa-

203 1826 281 1863 ret,
301 1820 439 1854 videtur
463 1818 522 1863 qui
550 1817 739 1862 aliquando
775 1818 865 1862 imp
880 1824 982 1853 eret
1011 1819 1141 1863 dignus
1170 1830 1253 1852 esse.
1273 1818 1388 1852 Tacit.
1412 1816 1506 1851 nist.
1531 1815 1593 1857 III,

203 1881 241 1923 7,
264 1881 356 1915 med:
403 1879 577 1914 Minucius
600 1878 786 1913 adductius
808 1891 913 1924 quam
938 1881 1032 1914 civili
1053 1880 1138 1914 bello
1164 1879 1482 1923 imperitabat.
1506 1877 1592 1911 ibid.

203 1943 263 1985 IV,
291 1942 351 1984 61,
375 1940 467 1975 med.
520 1939 672 1981 Veleda,
695 1939 797 1984 virgo
820 1940 972 1974 nationis
998 1941 1211 1982 Bructerae,
1250 1940 1322 1974 late
1351 1939 1406 1973 im
1415 1938 1539 1983 perit
1551 1949 1593 1970 a-

206 2005 294 2039 bat.
327 2003 375 2037 id.
400 2000 538 2036 Annall.
561 2000 619 2040 IV,
643 1999 678 2040 4,
703 1999 739 2034 3.
786 2001 877 2034 Mihi
904 2002 1155 2046 exsequendum
1177 2012 1278 2044 reor,
1309 2004 1439 2045 quanto
1460 1999 1506 2033 sit
1530 2010 1591 2034 an·

206 2065 346 2110 gastius
374 2061 705 2107 imperitatum.
753 2061 791 2094 In
822 2061 892 2095 hoc
918 2062 1084 2096 vocabuli
1107 2074 1171 2096 usu
1193 2061 1389 2102 ablativus,
1421 2070 1490 2104 quo
1515 2070 1594 2093 ver-

206 2125 291 2159 bum
329 2129 496 2167 tanquam
523 2121 692 2156 adverbio
724 2120 908 2164 delinitur,
951 2122 1042 2156 nihil
1084 2123 1187 2167 plane
1223 2121 1431 2157 insolentiae
1471 2121 1592 2155 habet.

205 2184 342 2229 Quodsi
364 2195 448 2218 vero
471 2184 508 2217 in
531 2182 725 2217 addendum
747 2182 856 2217 fuisse
880 2187 1000 2227 putes,
1035 2188 1172 2227 reputes
1207 2187 1384 2218 auctorem
1421 2182 1593 2217 adiectivo

202 2248 386 2291 plerusque
421 2245 464 2279 ad
496 2244 699 2289 analogiam
734 2244 829 2278 vocis
859 2249 954 2279 totus
986 2255 1191 2289 usurpasse,
1215 2256 1321 2289 quam
1345 2246 1479 2279 constat
1504 2243 1594 2288 legi-

203 2307 292 2341 time
313 2305 388 2339 sine
412 2306 448 2338 in
471 2304 724 2349 praepositione
747 2304 852 2348 poni;
876 2305 924 2340 cf.
947 2306 1084 2349 Zumpt.
1111 2306 1270 2340 Gramm.
1296 2305 1372 2340 Lat.
1397 2306 1429 2346 ἓ.
1453 2303 1510 2345 u,
1535 2303 1593 2338 13.

206 2371 275 2400 not.
301 2378 336 2410 p.
359 2365 441 2401 367.
464 2365 517 2399 ed.
539 2366 597 2401 IV.
620 2365 741 2399 Bremi
764 2365 808 2400 ad
832 2365 919 2409 Nep.
945 2366 1062 2401 Praef.
1087 2367 1121 2411 §.
1141 2365 1174 2401 5.
1222 2366 1320 2400 Idem
1344 2376 1426 2400 usus
1449 2364 1485 2399 in
1508 2375 1594 2400 voce

207 2432 347 2460 cunctus
369 2426 520 2468 obtinet3
544 2437 578 2459 v.
601 2426 692 2472 Aug.
716 2426 885 2461 Matthias
909 2426 952 2461 ad
972 2427 1043 2461 Cic.
1069 2438 1102 2471 p.
1127 2427 1154 2463 I.
1179 2427 1304 2461 Manil.
1330 2437 1361 2459 c.
1385 2424 1418 2467 5,
1445 2425 1500 2462 12.
1536 2425 1594 2459 ίῖ-

207 2488 335 2522 vitates
359 2499 476 2522 omnes
510 2493 675 2522 cuncta
711 2489 820 2521 Asia
843 2492 948 2532 atque
973 2488 1123 2522 Graecia
1156 2493 1309 2523 vestrum
1335 2487 1504 2521 auxilium
1532 2497 1592 2519 es-

209 2553 362 2591 upcctare
391 2554 573 2593 coguntur.

303 2610 334 2649 §.
357 2608 393 2643 3.
438 2621 511 2644 una
533 2609 661 2654 specie]
694 2608 803 2643 Pauci
834 2608 934 2643 codd.
959 2619 1024 2652 pro
1058 2609 1169 2653 specie
1200 2608 1331 2643 habent
1353 2608 1471 2652 facie,
1495 2612 1536 2642 ut
1559 2620 1591 2642 c.

212 2669 408 2711 mmm,
430 2670 464 2704 ὃ.
513 2670 582 2705 Sed
617 2671 746 2715 specics
781 2681 921 2714 quoquo
952 2670 995 2703 de
1024 2673 1165 2703 externo
1199 2668 1324 2703 habitu
1358 2668 1508 2710 dicitur;
1541 2669 1589 2703 cl.

213 2729 411 2763 Daehnium
435 2731 479 2764 ad
502 2731 588 2774 Nep.
610 2730 742 2776 Agesil.
766 2741 796 2764 c.
824 2731 914 2774 vm,
941 2729 972 2763 l.
996 2729 1083 2764 Sall.
1108 2730 1249 2774 Fragm.
1274 2729 1425 2763 Histoi-r.
1449 2729 1508 2770 lv,
1533 2729 1589 2763 22.

215 2789 311 2823 Gerl.
361 2790 503 2835 Equites
532 2792 754 2836 cataphracti
770 2779 893 2835 ferrea
912 2791 1005 2825 omni
1024 2790 1146 2835 specie.
1171 2789 1246 2824 niv.
1265 2789 1323 2830 lv,
1345 2789 1403 2829 33,
1426 2788 1461 2823 8.
1492 2789 1591 2832 Quae
