1630 3034
131 136 191 176 88
503 130 549 173 C.
580 130 902 173 SALLUSTI
932 130 1154 175 CRISPI

137 261 288 292 rerum
328 246 628 290 humanarum
678 261 785 290 eura
827 246 1015 290 oriatur!
1060 263 1118 292 ne
1152 248 1252 307 ille,
1299 249 1376 307 qui
1411 264 1528 292 nuuc

142 344 384 388 sceleribus
421 344 507 388 suis
544 344 672 387 ferox
706 349 841 401 atque
888 344 1143 403 praeclarus
1191 350 1280 400 est,
1326 346 1529 390 omnibus

142 441 268 485 malis
325 440 600 484 excruciatus
647 439 886 498 impietatis
939 441 986 484 in
1029 447 1264 500 parentem
1308 447 1530 501 nostrum,

142 537 288 581 fratris
317 537 406 580 mei
440 536 560 580 necis
598 551 890 595 mearumque
925 537 1202 581 miseriarum
1237 538 1385 598 gravis
1420 553 1531 597 poe-

78 640 222 679 22nas
257 633 434 677 reddet.
498 632 683 676 lamiam
726 633 888 691 frater,
933 634 1081 677 animo
1125 649 1227 678 meo
1274 635 1533 689 carissume,

146 745 420 789 quamquam
463 730 545 774 tibi
592 729 829 774 immaturo
886 734 931 773 et
974 729 1094 775 unde
1142 732 1339 776 minume
1387 731 1537 785 decuit

145 894 235 928 illud
258 893 430 928 monitum
463 893 507 926 ad
533 893 611 927 Cat.
645 905 677 926 c.
701 893 769 935 m,
792 893 828 927 7.
866 905 899 937 p.
923 893 1005 928 239.
1029 914 1075 919 —
1101 895 1330 929 Transvorsos
1362 899 1452 939 agat
1478 906 1537 928 ex-

145 954 316 999 plicatum
339 960 391 989 est
415 955 459 988 ad
483 966 513 990 c.
536 955 566 986 V
568 955 595 995 1,
619 953 652 987 3.
669 973 715 979 -—
736 955 783 988 Et
803 960 882 998 post
904 955 1011 988 verba
1035 955 1172 988 Cortius
1194 956 1286 990 male
1309 955 1422 998 eiecit,
1440 955 1539 989 codd.

145 1015 329 1056 omnibus,
352 1019 490 1059 praeter
510 1015 617 1049 Fahr.
641 1015 676 1049 2.
698 1018 733 1049 et
753 1014 895 1049 l‘ratisl.
917 1015 964 1056 1.‚
987 1015 1272 1060 repugnantibus.
1290 1035 1333 1041 —
1355 1016 1426 1058 Me,
1449 1015 1540 1059 qnod

144 1075 180 1109 in
204 1077 278 1109 cod.
304 1076 448 1110 Eccard.
471 1087 540 1109 non
572 1075 723 1121 legitur,
758 1075 897 1109 Cottius
931 1076 1109 1121 eleganter
1133 1077 1254 1110 abesse
1279 1079 1401 1120 putat3
1425 1077 1483 1109 sed
1508 1087 1541 1109 v.

145 1136 190 1170 ad
215 1137 318 1170 Catil.
354 1149 374 1170 c
413 1137 552 1178 XXXI,
576 1136 611 1170 7.
646 1148 679 1179 p.
707 1137 787 1170 147.
838 1137 1045 1170 Structurae
1074 1137 1307 1180 expediendae
1344 1147 1466 1169 caussa
1506 1135 1542 1168 in

145 1197 322 1230 nonnullis
343 1197 440 1231 codd.
468 1202 546 1230 ante
560 1199 703 1241 fingere
727 1196 884 1230 additum
908 1202 959 1231 est
982 1196 1123 1237 dicunt,
1148 1197 1190 1229 de
1214 1209 1283 1240 qno
1304 1196 1544 1240 interpolatio-

146 1258 201 1292 nis
223 1269 352 1302 genere
372 1257 526 1291 diximus
551 1258 595 1291 ad
621 1256 725 1291 Catil.
749 1270 780 1291 c.
806 1259 902 1300 XXI,
927 1258 959 1291 3.
993 1269 1028 1300 p.
1053 1257 1133 1291 106.
1168 1258 1214 1291 cf.
1239 1258 1316 1302 lug.
1342 1268 1372 1290 c.
1399 1257 1491 1297 Vlll,
1509 1257 1542 1289 1.

146 1337 193 1342 —
221 1318 457 1361 Quodutinam
481 1318 736 1352 illustravimus
768 1318 811 1352 ad
840 1318 945 1353 Catil.
980 1319 1033 1360 11,
1058 1319 1093 1352 2.
1128 1331 1160 1363 p.
1185 1319 1241 1353 10.
1276 1319 1401 1362 quibus
1426 1317 1546 1351 confer

147 1390 237 1422 qnae
271 1378 353 1413 Otto
378 1379 422 1412 ad
456 1379 528 1413 Cic.
554 1379 597 1413 de
621 1379 722 1413 Finn.
747 1380 783 1420 1,
806 1379 874 1420 20,
898 1379 957 1413 67.
988 1379 1257 1424 diligentissime
1287 1379 1454 1420 contulit,
1488 1377 1547 1412 cni

147 1443 264 1474 tamen
276 1441 464 1473 concedere
486 1451 630 1483 nequeo,
654 1441 746 1484 quod
769 1440 804 1473 in
827 1439 884 1473 his
909 1439 1109 1484 significare
1124 1452 1166 1473 ex
1185 1447 1265 1474 ante
1290 1440 1390 1473 dictis
1412 1439 1546 1483 aliquid

149 1500 280 1544 colligi.
327 1500 503 1534 Nonnulla
533 1500 641 1533 huius
674 1504 868 1534 structurae
899 1501 1059 1544 exempla
1092 1501 1198 1535 etiam
1231 1500 1430 1535 Gronovius
1461 1510 1547 1533 con-

149 1559 260 1604 gessit
291 1560 334 1593 ad
359 1560 437 1594 Liv.
472 1562 616 1601 xxx‘li,
641 1560 674 1602 7,
696 1560 729 1594 6.
755 1560 814 1604 qui
829 1561 927 1595 locus
947 1565 1064 1594 tamen
1089 1560 1164 1604 ipse
1180 1561 1315 1595 alienus
1333 1565 1395 1602 est,
1419 1560 1549 1604 quippe

149 1618 211 1654 ubi
242 1620 330 1664 quod
365 1631 429 1664 pro
467 1622 550 1665 quia
583 1620 735 1664 positum
767 1621 822 1654 sit.
869 1620 1004 1654 Ibidem
1038 1621 1238 1655 Gronovius
1267 1623 1361 1655 hunc
1391 1620 1549 1655 Sallustii

149 1680 266 1714 locum
296 1681 442 1715 laudans
472 1681 591 1715 invitis
624 1681 785 1715 omnibns
821 1681 922 1714 codd.
962 1682 1082 1715 eadem
1108 1683 1173 1715 sic
1207 1692 1269 1726 pro
1293 1683 1414 1714 cadem
1439 1683 1549 1715 hoco

150 1741 257 1775 scribi
282 1742 376 1782 vult,
410 1746 503 1776 recte
527 1753 549 1776 a
574 1741 693 1776 Cortio
718 1742 909 1783 refutatus,
943 1741 1003 1785 qui
1027 1742 1143 1776 multa
1166 1743 1328 1786 exempla
1351 1742 1441 1775 idem
1468 1752 1551 1784 pro-

152 1801 301 1836 nominis
337 1813 417 1835 cum
447 1803 715 1837 demonstrativo
749 1801 922 1835 coniuncti
958 1802 1098 1846 attulit,
1133 1803 1228 1837 velut
1264 1804 1340 1837 Cat.
1364 1802 1492 1844 xxm,
1517 1802 1551 1838 4.

151 1861 211 1905 LI,
236 1861 269 1895 7.
296 1862 423 1905 Lvm,
450 1862 506 1898 10.
544 1863 688 1907 Fragm.
723 1863 874 1897 Histoi-r.
901 1863 958 1904 lll,
983 1863 1040 1905 22,
1066 1864 1123 1898 27.
1152 1864 1228 1899 Liv.
1251 1865 1311 1905 ΠΙ,
1337 1863 1393 1905 14,
1418 1863 1451 1898 5.
1478 1863 1550 1896 Cic.

153 1923 242 1966 Epp.
276 1924 319 1957 ad
352 1923 489 1956 Famm.
526 1924 601 1966 Vll,
631 1923 688 1964 17,
715 1923 770 1957 10.
804 1924 846 1956 de
870 1923 972 1956 Finn.
999 1924 1039 1965 V,
1063 1924 1120 1965 27,
1146 1923 1202 1958 80.
1229 1925 1271 1958 de
1297 1923 1368 1957 off.
1393 1924 1437 1964 ll,
1460 1923 1493 1963 1,
1517 1923 1552 1957 3.

153 1983 233 2017 Alia
256 1995 292 2018 ν.
316 1984 409 2027 apud
441 1983 660 2028 Herzogium
695 1984 738 2018 ad
772 1984 868 2017 Caes·
905 1984 950 2017 B.
978 1983 1020 2017 G.
1048 1985 1122 2026 vn,
1147 1984 1204 2025 15,
1231 1985 1264 2018 1.
1285 2003 1329 2010 —
1354 1984 1552 2028 Aliquando

155 2055 234 2078 cum
266 2043 302 2077 vi
334 2043 466 2078 dictum
498 2048 550 2078 est
586 2045 727 2078 tandem
752 2046 858 2089 aliq.,·
894 2055 928 2078 v.
954 2044 997 2077 ad
1022 2055 1050 2076 cv
1079 2045 1188 2086 LXII,
1213 2044 1246 2078 1.
1268 2063 1314 2069 —-
1343 2045 1394 2078 Nc
1427 2045 1484 2078 illc
1508 2063 1554 2069 —

155 2105 279 2139 reddet
304 2104 482 2138 verissime
498 2115 519 2139 a
545 2105 666 2139 Cortio
690 2105 880 2149 repositum
904 2116 967 2148 pro
986 2105 1134 2149 vulgato
1157 2109 1202 2139 ut
1227 2106 1285 2139 ille
1309 2125 1344 2131 —
1373 2106 1553 2147 reddat,

155 2176 246 2210 quae
269 2166 456 2199 verborum
491 2166 695 2210 depravatio
727 2166 762 2199 in
788 2165 936 2209 proclivi
970 2166 1056 2206 ruit,
1092 2177 1199 2209 quum
1234 2166 1370 2200 librarii
1395 2166 1452 2199 his
1476 2178 1556 2200 con-

155 2226 258 2262 tineri
283 2231 460 2262 censerent
484 2227 590 2268 illud,
628 2227 718 2270 quod
744 2226 926 2259 Adherbal
963 2237 1048 2259 cura
1071 2226 1215 2259 deorum
1241 2226 1406 2260 effectum
1433 2238 1556 2271 preca-

155 2290 263 2323 retur.
311 2286 379 2320 Sed
404 2299 512 2330 quum
536 2288 612 2321 vat.
637 2287 678 2323 Α.
704 2287 828 2321 Nazar.
856 2286 1041 2319 Einsiedel.
1066 2287 1176 2320 Paris.
1212 2298 1243 2323 u.
1267 2299 1298 2320 z.
1332 2287 1436 2321 Rern.
1468 2287 1501 2321 *1.
1523 2291 1558 2322 et

155 2348 268 2383 Paris.
294 2349 329 2382 b.
354 2360 399 2382 m.
429 2359 498 2382 sec.
523 2360 585 2392 pro
608 2352 645 2382 ut
670 2347 857 2382 exhibeant
881 2358 934 2387 nc,
961 2347 1052 2390 quod
1078 2348 1184 2381 etiam
1211 2348 1337 2384 Reuss,
1361 2353 1394 2382 et
1414 2347 1556 2389 Sen.2,

157 2409 192 2443 in
216 2409 344 2453 quibus
377 2413 428 2443 est
460 2415 500 2443 ut
530 2421 596 2450 nc,
633 2409 851 2452 aliquantum
887 2407 1114 2448 continuant,
1142 2413 1235 2451 putet
1258 2409 1364 2442 talem
1390 2420 1464 2442 esse
1487 2409 1558 2442 Ad-

157 2470 315 2505 herbalis
338 2470 555 2511 orationem,
580 2473 616 2503 ut
641 2472 763 2512 optato
787 2467 885 2500 linito
910 2468 1119 2507 confidenter
1141 2469 1266 2510 addat,
1299 2472 1452 2513 profecto
1476 2480 1557 2512 poe-

160 2544 221 2566 nas
245 2533 415 2565 scelerum
448 2529 613 2563 daturum
638 2530 873 2574 Iugurtham,
906 2529 935 2563 si
961 2529 1062 2562 modo
1083 2528 1131 2562 dii
1156 2541 1274 2572 preces
1298 2539 1379 2562 suas
1403 2527 1557 2562 audiant.

158 2592 223 2626 Cni
247 2591 435 2626 sententiae
455 2591 542 2623 adeo
577 2595 753 2635 repugnat
776 2591 1038 2631 coniunctium,
1072 2595 1111 2623 ut
1136 2589 1331 2624 necessario
1355 2589 1460 2622 etiam
1485 2587 1558 2621 siue

157 2653 256 2687 libris
294 2652 414 2687 reddet
442 2651 664 2685 scribendum
700 2651 764 2692 sit3
797 2650 1002 2695 pracsertim
1034 2662 1140 2694 quum
1174 2650 1223 2684 ita
1247 2652 1406 2693 assurgat
1432 2648 1557 2689 oratio,

157 2717 194 2747 ut
218 2714 363 2749 fratrem
387 2715 566 2748 mortuum
599 2715 767 2755 tanquam
791 2714 1005 2755 praesentem
1030 2711 1241 2755 alloquatur.
1290 2710 1387 2745 Mhi!
1422 2714 1473 2744 eet
1496 2721 1557 2744 nu-
