1630 3034
180 173 265 213 268
553 167 598 213 C.
629 167 950 229 SALLJJSTI
980 167 1200 212 CRISPI

181 285 276 330 fido
320 283 426 342 sibi,
469 283 686 344 imperat,
729 285 902 345 pretio,
949 285 1074 329 sicuti
1116 286 1255 329 multa
1299 286 1568 344 confecerat,

183 381 457 426 insidiatores
484 380 710 426 Massivae
744 387 900 442 paret,
937 397 990 425 ac
1024 397 1233 427 maxume
1268 384 1468 439 occulte,
1505 385 1571 429 sin

183 479 230 523 id
271 494 432 539 parum
475 478 720 538 procedat,
765 478 922 537 quovis
966 478 1104 523 modo
1140 480 1383 524 Numidam
1432 480 1571 525 inter-

149 577 319 627 5ficiat.
389 576 618 619 Bomilcar
663 581 836 620 mature
878 575 1000 636 regis
1047 575 1257 620 mandata
1303 577 1571 636 exsequitur,

184 679 228 718 et
257 689 341 734 per
371 672 574 717 homines
611 674 709 717 talis
741 673 894 733 negoti
925 673 1115 717 artifices
1151 674 1305 718 itinera
1341 689 1573 734 egressus-

183 787 273 830 que
310 771 426 825 eius,
470 776 706 830 postremo
751 770 852 813 loca
888 776 1022 829 atque
1056 777 1262 831 tempora
1299 777 1469 815 cuncta·
1493 785 1573 815 ex-

183 869 353 928 plorat,
401 867 590 923 deinde,
634 868 711 912 ubi
755 882 825 911 res
870 867 1153 927 postulabat,
1196 868 1375 913 insidias
1417 868 1571 914 tendit.

149 966 329 1027 61gitur
364 980 476 1009 unus
523 979 578 1008 ex
622 980 676 1008 eo
722 978 931 1020 numem,
977 964 1052 1023 qui
1094 965 1152 1008 ad
1197 966 1382 1009 caedem
1429 964 1574 1025 parati

183 1088 344 1112 maxume
367 1076 467 1117 voci,
493 1087 572 1110 cum
597 1075 711 1120 ellipsi
736 1074 891 1119 positae,
919 1086 1010 1119 quae
1032 1087 1093 1120 per
1117 1076 1272 1111 additam
1296 1075 1575 1110 enunciationem

183 1138 458 1173 condicionalem
490 1136 540 1171 ita
574 1137 647 1170 fere
680 1137 819 1180 plenum
857 1148 995 1170 sensum
1029 1136 1171 1181 accipit:
1204 1138 1242 1171 si
1274 1137 1574 1181 fieripossit

183 1210 355 1234 maxume.
380 1198 425 1231 cf.
450 1197 543 1232 infra
566 1210 594 1232 c.
622 1198 745 1240 XLVI,
770 1197 804 1232 4.
831 1198 1035 1239 Persuadet,
1061 1198 1114 1232 uti
1142 1199 1348 1243 Iugurtham
1374 1209 1575 1232 maxume

182 1267 320 1301 vivum,
346 1259 417 1293 sin
440 1259 487 1292 id
512 1270 672 1303 parum
694 1259 944 1303 procedat,
975 1264 1137 1293 necatum
1161 1260 1226 1293 sibi
1252 1260 1442 1293 traderent.
1485 1259 1577 1292 Con-

182 1321 291 1356 simili
315 1320 419 1353 modo
440 1320 590 1364 primum
617 1324 652 1354 et
671 1321 842 1364 principio
867 1320 916 1353 ita
940 1326 1111 1364 usurpant
1133 1320 1259 1359 Latini,
1284 1326 1322 1354 ut
1343 1321 1577 1363 subsequatur

183 1381 435 1417 condicionalis
459 1380 658 1414 enunciatio
683 1392 834 1426 negans,
859 1392 949 1424 quae
971 1381 1144 1414 reseratur
1168 1381 1212 1414 ad
1235 1392 1456 1426 suppressam
1480 1381 1576 1414 aien-

184 1448 274 1485 tem3
299 1443 345 1479 cf.
370 1442 512 1476 Terent.
537 1442 626 1475 Eun.
651 1442 724 1483 111,
747 1441 789 1483 2,
813 1441 872 1476 49.
901 1442 973 1475 Fae
992 1453 1066 1475 ores
1092 1438 1351 1486 primum'ut
1370 1442 1513 1483 κακαί,-
1537 1441 1576 1474 εἰ

182 1506 230 1539 id
253 1516 339 1538 non
361 1501 704 1545 commodumst,
739 1503 1034 1538 Utmaneat.1d.
1060 1503 1164 1537 Andr.
1184 1503 1238 1544 11,
1263 1502 1303 1544 1,
1327 1502 1386 1539 26.
1421 1503 1523 1537 Nune
1540 1507 1576 1537 te

182 1567 341 1606 obsecro,
369 1563 602 1608 principio
626 1568 664 1597 ut
686 1575 730 1597 ne
754 1565 871 1598 ducas.
922 1563 994 1597 Sed
1017 1563 1055 1597 si
1079 1564 1125 1597 id
1148 1575 1233 1597 non
1254 1568 1427 1607 potest,
1452 1564 1575 1597 saltem

181 1627 315 1671 aliquot
349 1625 424 1659 dies
454 1626 582 1668 profer.
629 1625 667 1658 lu
701 1625 762 1659 tali
797 1637 887 1659 nexu
920 1624 1030 1669 igitur
1061 1635 1165 1658 voces
1198 1635 1378 1665 maxume,
1410 1624 1574 1669 primum,

179 1687 350 1732 principio
375 1678 564 1719 vernacula
596 1685 714 1719 valent
746 1685 976 1731 womijglich3
1009 1697 1067 1718 am
1098 1685 1260 1727 liebsten,
1292 1684 1418 1718 wenn’s
1448 1685 1575 1730 irgend

179 1748 325 1793 angeht.
349 1748 396 1781 cf.
423 1747 529 1780 etiam
554 1758 660 1790 supra
684 1758 714 1780 c.
740 1746 840 1788 XIV,
865 1746 899 1780 3.
924 1757 1004 1779 cum
1030 1745 1203 1779 annotatis
1233 1757 1267 1789 p.
1288 1745 1345 1778 74.
1371 1766 1416 1771 —
1443 1745 1573 1779 Parum

177 1810 365 1855 procedat,
391 1807 441 1843 ita
465 1807 596 1842 dictum
621 1807 726 1841 etiam
746 1819 777 1842 c.
803 1808 874 1849 xl,
901 1807 934 1841 9.
961 1807 1089 1848 XLVI,
1111 1805 1145 1840 4.
1171 1805 1249 1841 Liv.
1265 1807 1293 1847 1,
1316 1806 1375 1848 57,
1399 1805 1434 1841 3.
1459 1807 1588 1842 Com-‚¹

181 1872 235 1905 De
255 1882 382 1915 parum
406 1880 492 1903 voce
516 1880 550 1903 v,
573 1869 618 1902 ad
643 1880 672 1903 c.
698 1868 838 1909 XXXI,
862 1868 897 1902 9.

275 1934 308 1975 §.
334 1930 367 1966 5.
395 1935 428 1965 et
451 1930 485 1965 6.
535 1930 708 1974 egressus]
746 1928 999 1973 Significantur
1023 1930 1091 1963 hoc
1113 1929 1288 1963 vocabulo
1316 1932 1389 1963 tam
1412 1940 1575 1974 egressus

181 1997 279 2028 extra
311 1993 458 2033 urbem,
492 2003 598 2035 quum
625 1994 721 2025 extra
745 1991 907 2031 domum,
940 1990 1150 2034 omninoque
1173 1990 1282 2024 etiam
1307 2001 1514 2035 progressus
1538 1989 1575 2023 in

183 2054 384 2100 publicum;
421 2052 466 2086 ef.
497 2052 613 2086 Tacit.
645 2052 732 2088 Ann.
767 2051 839 2093 xl,
874 2050 938 2092 12,
964 2051 998 2086 3.
1038 2051 1241 2084 Messallina
1271 2053 1378 2085 multo
1409 2051 1576 2085 comitatu

182 2116 356 2150 ventitare
375 2115 513 2148 domum
535 2114 668 2157 (Silii),
693 2114 957 2159 egressibus
985 2113 1242 2147 adhaerescere.
1268 2112 1315 2146 ib.
1341 2113 1424 2154 XV,
1449 2110 1516 2153 36,
1539 2111 1575 2147 3.

182 2177 316 2212 Audire
344 2176 416 2220 (se)
440 2182 591 2210 secretas
615 2176 739 2210 civium
765 2175 1008 2218 querimonias,
1041 2175 1132 2219 quod
1149 2180 1285 2208 tantum
1309 2173 1469 2208 aditurus
1488 2176 1577 2207 esset

181 2239 270 2280 iter,
303 2238 399 2271 cuius
423 2248 466 2271 ne
488 2237 643 2271 modicos
667 2236 804 2281 quidem
829 2247 1047 2280 egressus
1071 2236 1273 2269 tolerarent.
1316 2233 1431 2267 conr.
1465 2233 1575 2268 Plura

185 2298 305 2333 Taciti
330 2298 491 2341 exempla
515 2299 661 2343 collegit
684 2295 898 2334 Boetticher.
925 2295 958 2329 in
984 2296 1068 2331 Lex.
1095 2295 1211 2331 Tacit.
1237 2295 1274 2330 h.
1299 2305 1332 2328 v.
1365 2306 1398 2339 p.
1423 2293 1501 2328 17⁰.
1528 2313 1575 2320 —

185 2359 359 2393 Postremo
384 2370 452 2392 non
475 2359 640 2403 temporis
664 2359 722 2392 sed
754 2357 1065 2401 comprehendendi
1097 2356 1132 2390 vi
1165 2356 1313 2401 positum
1339 2359 1406 2397 est,
1440 2355 1484 2389 de
1506 2365 1577 2399 qun

184 2419 264 2453 vide
288 2421 330 2453 ad
355 2431 385 2453 c.
414 2421 514 2461 xvi,
538 2420 572 2454 3.
606 2437 651 2445 —·
692 2420 744 2452 1⁴52-
777 2430 824 2452 eo
861 2429 1022 2462 numero,
1061 2419 1138 2463 qui
1172 2438 1216 2443 -—
1249 2417 1411 2462 parati
1444 2419 1574 2450 erant

185 2480 324 2524 proprie
357 2480 427 2513 dici
452 2481 599 2515 debebat
632 2493 673 2515 cz·
706 2490 854 2514 eorum
887 2491 920 2513 u.
954 2480 1030 2523 qui
1064 2485 1152 2519 otc.;
1187 2479 1246 2513 sed
1282 2489 1390 2522 quum
1414 2487 1575 2510 numerus

187 2553 250 2585 pro
275 2541 317 2573 iis
341 2542 438 2574 rebus
462 2541 620 2583 dicatur,
649 2551 739 2583 quae
771 2540 888 2583 aliquo
925 2551 1069 2574 numero
1101 2540 1338 2582 continentur,
1372 2547 1573 2582 pronomen,

187 2603 277 2636 unde
302 2603 513 2636 vocabulum
537 2614 700 2636 numerus
729 2603 876 2645 pendere
901 2602 1021 2641 debet,
1057 2601 1261 2636 attractione
1293 2610 1372 2633 cum
1405 2597 1471 2631 huc
1496 2597 1574 2640 ipsa

187 2674 271 2696 voce
296 2662 375 2696 coit.
405 2663 449 2697 cf.
474 2664 548 2706 lug.
576 2664 708 2704 xvm,
732 2662 764 2698 ⁴.
793 2664 951 2696 Herculis
971 2663 1138 2696 exercitus
1157 2662 1281 2695 amisso
1303 2661 1387 2693 duce
1408 2658 1502 2692 brt-vi
1520 2659 1574 2691 ‹11-

187 2724 326 2757 labitur.
380 2724 429 2756 Es
453 2736 500 2757 co
526 2736 700 2757 numero
730 2725 848 2764 Medi,
877 2725 1000 2759 Persae
1023 2729 1056 2757 et
1078 2722 1231 2757 Armenia·
1250 2721 1394 2754 navibus
1415 2719 1449 2752 in
1474 2719 1573 2762 Afri-

186 2797 263 2819 cam
290 2785 485 2819 transvecti.
515 2784 614 2818 Catil.
644 2786 793 2825 xxxii,
817 2785 850 2819 3.
887 2786 925 2820 C.
950 2785 1101 2818 Manlius
1131 2795 1169 2817 cs
1200 2794 1274 2816 suu
1312 2791 1490 2814 numero
1526 2779 1574 2813 ad
