1630 3034
169 177 239 221 ’88
529 171 575 213 C.
606 169 951 213 SALLUSTI
983 168 1216 213 oms-1¹1

322 287 424 334 VII.
495 287 590 333 Sed
638 302 692 331 ea
736 291 1002 346 tempestate
1047 300 1244 347 coepere
1275 292 1338 331 ‘se
1383 285 1578 346 quisque
1599 260 1609 274 Ἃ

186 381 334 439 magis
391 379 610 425 extollere
628 413 640 435 ,
694 377 932 437 magisque
985 376 1216 438 ingenium
1267 376 1314 422 i'n
1352 378 1579 439 ‘promptu

149 471 378 515 2habere.
446 472 564 515 Nam
598 469 784 530 regibus
828 469 936 514 boni
970 474 1109 528 qua'm
1139 469 1250 516 mali
1283 469 1580 529 suspectiores

186 569 310 620 sunt,
358 577 628 622 semperque
674 560 747 606 his
794 561 939 606 aliena
988 562 1123 607 virtus
1167 561 1467 607 formidolosa
1502 568 1578 608 est.

277 730 351 764 vn.
398 731 432 772 5.
456 728 490 763 1.
526 739 667 773 coepere
699 739 737 764 se
768 728 911 774 quisque
933 730 1052 775 magis
1075 730 1259 775 extollere]
1295 728 1427 764 Vocem
1448 728 1579 780 magis,

186 799 294 832 quam
319 787 458 822 Cottius
485 786 605 822 invitis
630 787 705 822 fere
728 787 890 822 omnibus
914 787 1013 821 codd.
1044 787 1245 831 expulerat,
1280 797 1362 821 cum
1387 786 1582 827 Gerlachio

186 845 414 881 restituimus.
461 845 554 881 Nam
576 856 614 879 se
636 846 755 890 mag-is
779 846 939 880 extollere
969 856 1040 879 non
1063 849 1115 880 est
1144 845 1372 889 potentiorem
1386 841 1496 890 fieri,
1520 845 1582 880 sed

187 915 225 938 se
258 904 396 950 erigere
429 907 465 938 et
496 902 644 937 liberius
681 903 868 947 respirare.
925 903 1036 937 Haud
1069 904 1165 937 male
1186 903 1344 949 Langius
1378 903 1584 949 germanice

185 961 316 996 reddit:
354 961 406 996 sie
436 961 556 1006 fingen
588 971 634 994 an
678 960 756 995 sich
785 962 889 995 mehr
919 972 965 995 zu
997 962 1131 995 ffihlen.
1199 961 1346 996 Poterat
1385 961 1483 995 enini
1509 960 1584 994 iam
1616 961 1621 969 “

185 1020 250 1053 sub
273 1019 415 1064 regibus
445 1019 622 1053 libertatis
655 1030 697 1053 ac
720 1019 900 1064 dignitatis
933 1029 1019 1053 suae
1048 1030 1168 1053 sensus
1201 1018 1389 1062 paullatim
1422 1017 1583 1062 excitari,

186 1087 404 1120 quamquam
427 1077 527 1121 regio
551 1075 701 1120 imperio
723 1084 915 1119 repressuS.
963 1076 1127 1120 Expulsis
1150 1076 1262 1122 igitur
1285 1075 1443 1121 tyrannis
1465 1076 1585 1121 magis

183 1145 222 1167 se
245 1135 468 1168 extollebant.
482 1153 529 1159 —-
552 1135 607 1168 De
627 1132 758 1177 plurali
782 1144 864 1167 cum
887 1134 1093 1178 pronomine
1116 1136 1258 1180 quisque
1280 1135 1464 1169 coniuncto
1485 1143 1521 1169 V.
1538 1133 1584 1167 ad
1617 1127 1630 1168 ¹,

185 1192 244 1231 w,
263 1191 298 1225 2.
357 1191 501 1226 Addidit
523 1190 663 1225 eortius
688 1202 730 1224 ex
753 1190 856 1224 Livio
880 1192 987 1225 haec:
1020 1192 1065 1233 11,
1089 1191 1146 1225 19.
1180 1193 1277 1226 missi
1299 1190 1585 1226 honoratissimus
1629 1201 1630 1237 j

183 1249 328 1292 quisque
361 1261 402 1283 cz·
425 1249 595 1293 patribus.
630 1248 704 1289 Ul,
731 1247 788 1281 19.
824 1248 949 1283 delecti
972 1250 1204 1284 nobilissimus
1227 1250 1389 1295 quisque,
1422 1249 1482 1295 qui
1505 1251 1585 1284 Ro-

183 1317 279 1339 mam
303 1307 536 1340 mitterentur.
571 1305 693 1344 XXII,
715 1305 771 1339 51.
801 1307 935 1350 primus
958 1308 1102 1352 quisque
1125 1309 1232 1343 oculis
1255 1308 1470 1353 auribusque*
1490 1307 1584 1342 hau-

183 1363 255 1396 rire
290 1368 428 1397 tantum
460 1363 633 1408 gaudium
674 1363 860 1406 cupientes.
903 1364 983 1409 lug.
1004 1365 1034 1407 Ι,
1062 1365 1096 1399 4.
1130 1366 1174 1401 cf.
1205 1365 1393 1402 Ruhnken.
1426 1366 1472 1400 ad
1499 1365 1585 1401 Ter.

184 1419 314 1455 Heaut.
347 1422 376 1462 1,
401 1420 435 1461 1,
461 1420 521 1454 71.
562 1420 741 1455 Drakenb.
775 1420 820 1455 ad
851 1421 928 1456 Liv.
961 1422 1021 1465 Π,
1050 1423 1110 1465 22,
1138 1423 1173 1457 7.
1212 1421 1451 1458 Ruddima‘nn.
1469 1423 1583 1458 lnstt.

185 1477 348 1510 Gramm.
373 1477 417 1511 T.
439 1478 487 1512 II.
519 1490 555 1522 p.
574 1478 655 1512 369.
687 1479 824 1514 Hertel.
849 1480 894 1514 ad
917 1480 1002 1514 Tac.
1029 1480 1147 1526 Agric.
1173 1492 1204 1515 c.
1224 1480 1260 1515 3.
1284 1500 1331 1506 —
1614 1523 1617 1525 .

277 1537 309 1577 §.
333 1534 367 1568 3.
394 1536 526 1580 adepta
550 1535 733 1580 libertate]
775 1537 920 1571 Passive
943 1537 1098 1582 positum
1121 1538 1269 1583 adeptus
1290 1536 1334 1573 'ut
1358 1549 1482 1582 saepe,
1505 1537 1584 1583 Ing.

185 1593 242 1633 CI,
262 1592 296 1627 9.
334 1594 417 1626 dum
438 1605 545 1638 prope
574 1595 646 1627 iam
670 1595 837 1638 adeptam
860 1596 1041 1629 victoriam
1064 1597 1215 1630 retinere
1239 1596 1344 1641 cupit.
1379 1596 1467 1630 Tac.
1492 1596 1584 1630 Ann-

186 1651 216 1691 Ι,
238 1651 269 1684 7.
295 1656 465 1696 tunquam
491 1653 618 1696 adepto
645 1650 854 1696 principatu.
892 1652 965 1687 Cic.
992 1653 1035 1687 de
1058 1652 1196 1688 Seneet.
1220 1653 1255 1695 2,
1273 1654 1306 1688 4.
1340 1654 1487 1688 eandem
1509 1654 1585 1697 (se-

185 1710 296 1752 nect.)
333 1713 500 1743 accusant
535 1710 712 1753 adeptam.
765 1709 862 1743 Suet.
889 1709 1011 1745 Tiber.
1043 1710 1101 1745 38.
1146 1712 1282 1745 biennio
1313 1712 1487 1746 contlnuo‘
1504 1715 1584 1756 poet

185 1767 353 1809 adeptum
380 1767 564 1810 imperium
585 1767 711 1811 pedem
741 1771 847 1811 porta
868 1778 937 1800 non
961 1769 1094 1802 extulit.
1153 1769 1313 1813 Egerunt
1345 1769 1388 1803 de
1408 1767 1482 1803 hoc·
1503 1780 1585 1812 pas-

183 1823 260 1857 sivo
286 1824 534 1866 deponentium
557 1836 624 1858 usu
648 1835 690 1858 ex
714 1824 889 1858 veteribus
911 1824 1080 1859 Priscian.
1106 1826 1198 1869 Vlll,
1223 1826 1256 1870 ⁴,
1277 1826 1333 1861 15.
1361 1839 1396 1870 p.
1414 1824 1485 1860 367
1508 1837 1584 1870 sqq.

184 1882 250 1915 Ed.
274 1883 396 1915 Krehl.
422 1886 456 1916 et
481 1883 574 1916 Gell.
600 1883 678 1923 XV,
707 1881 784 1924 13.;
818 1886 893 1916 tum
918 1881 1002 1918 Ger.
1027 1882 1054 1918 1.
1080 1883 1178 1918 Voss.
1204 1883 1246 1918 de
1270 1878 1509 1928 Analog.·111,
1537 1883 1585 1924 6.‚

185 1940 305 1974 Sanct.
331 1940 420 1977 Min,
439 1941 501 1982 111,
522 1940 555 1973 2.
582 1952 616 1984 p.
637 1939 705 1973 391
724 1952 798 1984 sqq.
833 1940 896 1974 Ed.
922 1940 1055 1974 Bauer.
1071 1967 1081 1982 ‚
1105 1941 1342 1976 Ruddimann.
1368 1936 1494 1975 Ins-titt.
1522 1940 1584 1974 Gr.

184 1998 264 2034 vol.
284 2000 310 2032 Ι.
335 1998 416 2032 Lib.
440 1999 500 2039 ΙΙΙ,
521 1997 556 2032 3.
590 2010 624 2042 p.
643 1997 725 2031 288.
762 1998 825 2032 Ed.
853 1997 980 2032 Stallb.
996 2024 1006 2041 ‚
1039 1998 1208 2033 vechner.
1232 1998 1413 2033 Hellenol.
1444 2009 1480 2042 p.
1503 1996 1586 2039 1⁰⁴,

185 2056 286 2097 116..
312 2056 515 2100 Zumptius,
551 2056 712 2089 Gramm.
736 2056 814 2090 Lat.
837 2051 868 2100 5
890 2055 949 2097 81,
973 2055 1006 2097 1,
1025 2055 1060 2089 2.
1093 2068 1126 2100 p.
1150 2055 1229 2091 ⁴51.
1244 2082 1254 2100 ,
1291 2056 1349 2090 cui
1374 2056 1492 2090 tamen
1515 2066 1584 2089 non

185 2114 395 2147 assentimur
418 2113 606 2155 statuenti,
638 2125 707 2147 non
731 2114 833 2157 plano
860 2113 1036 2156 passivam
1060 2107 1134 2148 ess'e
1166 2114 1290 2148 talium
1315 2111 1584 2158 participiorum

184 2171 281 2212 vim,
316 2183 426 2215 eoque
459 2181 481 2205 a
503 2172 659 2215 probatis
691 2160 918 2215 scriptoribus
951 2175 1162 2204 structnmm
1193 2172 1314 2206 ablatt.
1340 2172 1584 2206 absolutorum

186 2228 336 2269 evitari,
372 2239 484 2271 neque
507 2230 688 2264 emendate
720 2240 743 2263 a
767 2227 933 2262 Sallustio
958 2227 1028 2261 dici
1062 2228 1192 2272 adepta
1217 2230 1395 2271 libertate,
1420 2232 1461 2264 ct·
1477 2236 1500 2263 a
1522 2228 1584 2263 Li·

188 2284 247 2317 vio
275 2286 413 2326 xxvii,
435 2285 470 2326 8,
490 2286 548 2320 17.
581 2287 690 2320 classe
710 2287 867 2331 partim,
890 2289 926 2320 et
950 2284 1110 2327 xxvm,
1131 2285 1188 2328 19,
1205 2287 1239 2320 9.
1262 2287 1395 2332 partito
1419 2284 1582 2321 exercitu.

187 2343 293 2375 Cuius
318 2344 368 2376 rci
401 2347 439 2377 nt
464 2355 525 2387 per
548 2356 585 2378 se
608 2345 802 2389 probabilis
826 2354 952 2378 caussa
984 2355 1054 2378 non
1078 2343 1227 2388 intelligi
1261 2347 1394 2388 potest,
1427 2344 1478 2379 itu
1501 2355 1584 2378 con-

186 2401 335 2433 trarium
362 2401 604 2436 demonstrant
629 2402 652 2435 ii
680 2402 768 2445 loci,
794 2402 920 2445 quibus
944 2396 1040 2435 aliud
1065 2412 1172 2445 qnam
1198 2401 1584 2446 praeteritum-tempus

188 2458 339 2501 legitur,
378 2460 474 2492 velut
497 2460 615 2493 I‘laut.
643 2459 805 2493 Trinum.
831 2459 876 2502 ll,
899 2459 934 2501 2,
962 2459 1019 2494 88.
1053 2470 1117 2491 non
1144 2464 1265 2493 aclatc
1296 2454 1583 2504 vernm'ingem'o

186 2515 393 2557 adipiscitur
417 2518 601 2559 sapientia.
658 2519 703 2560 Q.
730 2518 816 2551 Fal».
842 2517 937 2552 Mnx.
962 2517 1056 2560 apud
1079 2516 1188 2550 I’risc.
1215 2516 1304 2557 VIII,
1328 2516 1361 2554 4,
1380 2515 1438 2550 16.
1472 2517 1581 2558 (Vett.

186 2571 269 2604 hist.
297 2573 441 2617 Frngnn.
470 2574 533 2606 Ed.
560 2575 760 2608 Frotsclicr.
783 2575 824 2615 II,
846 2573 879 2608 ὃ.
905 2586 940 2618 p.
960 2574 1061 2619 365.)
1085 2575 1204 2609 amitti
1227 2585 1332 2620 quam
1355 2570 1477 2619 apisci,
1502 2574 1526 2609 ἰ.
1549 2583 1582 2609 e.

186 2627 353 2672 adipisci,
378 2641 410 2663 v.
435 2629 552 2664 Tacit.
576 2632 664 2665 Ann.
691 2633 753 2679 nl,
775 2631 834 2673 27,
858 2642 889 2665 a.
917 2631 1008 2666 med.

280 2688 313 2728 §.
339 2685 371 2719 ⁴.
421 2688 566 2723 sinmlac
590 2690 672 2725 bem
693 2690 832 2734 petit-m
858 2695 946 2732 crat,
964 2692 1061 2733 etc]
1092 2689 1156 2725 vix
1181 2691 1254 2727 ullo
1278 2691 1357 2725 Ioco
1381 2687 1480 2725 codd.
1503 2698 1581 2726 mn-
