1630 3034
136 193 234 234 ,164
460 225 464 230 .
523 185 567 228 C.
599 185 921 228 SALLUSTI
950 185 1173 244 CRISBI

150 302 386 350 ostendere
431 302 607 361 coepit,
655 303 825 346 animus
870 317 1009 363 aeger
1045 303 1229 347 avaritia
1264 302 1395 347 facile
1433 317 1543 347 con-

115 409 305 447 2vorsus
353 406 431 443 est.
508 397 722 443 Ceterum
766 399 913 443 socius
956 405 1000 444 et
1041 386 1299 443 administer
1346 399 1544 444 omnium

150 497 436 542 consiliorum
467 496 703 539 assumitur
731 496 952 550 Scaurus;
989 497 1066 555 qui
1101 496 1278 540 tametsi
1314 513 1340 540 a
1376 496 1544 555 princi-

150 595 252 655 pio,
299 593 529 653 plerisque
561 608 615 637 ex
648 593 842 637 factione
880 594 973 637 eius
1017 593 1265 653 corruptis,
1313 607 1546 637 acerrume

149 706 309 751 regem
345 691 718 750 impugnaverat,
753 696 902 734 tamen
929 689 1238 751 magnitudine
1268 689 1490 750 pecuniae
1520 704 1548 732 a

118 789 276 838 3bono
310 787 595 845 honestoque
625 787 669 830 in
696 803 887 847 pravum
919 786 1167 832 abstractus
1197 793 1274 832 est.
1346 786 1442 831 Sed
1470 786 1548 830 lu-

151 964 368 999 curatissime
392 963 438 997 sit
462 962 790 997 administrandum.
827 963 929 999 Caes.
953 963 998 998 Β.
1023 963 1061 997 C.
1085 963 1138 1005 1,—
1150 962 1218 1005 25,
1241 962 1276 998 3.
1313 963 1386 1005 Quo
1403 961 1550 1006 facilius

152 1037 193 1060 ex
219 1030 366 1069 utraque
388 1028 492 1068 parte
517 1024 644 1057 bellum
668 1024 917 1058 administrare
939 1029 1065 1068 posset.
1091 1024 1167 1058 Liv.
1181 1025 1225 1064 X,
1249 1023 1308 1065 24,
1325 1024 1383 1057 16.
1408 1023 1480 1058 Cic.
1507 1022 1550 1055 de

151 1085 270 1120 Divin.
288 1087 333 1128 II,
357 1085 415 1124 36,
439 1084 497 1118 76.
525 1084 689 1117 Ceterum
713 1084 982 1119 administrabat
1006 1084 1050 1118 ad
1075 1083 1304 1128 Calpurnium
1329 1083 1550 1118 referendum

152 1150 224 1188 est,
248 1158 316 1180 non
340 1147 499 1180 obstante
527 1144 559 1179 ei
584 1145 774 1180 sententiae
797 1145 1009 1186 indicativo3
1034 1156 1067 1179 V.
1093 1145 1137 1179 ad
1154 1145 1286 1186 LXIII,
1311 1145 1346 1180 1.
1374 1164 1417 1169 -
1443 1145 1551 1188 Aspe-

152 1208 294 1242 ritatem
319 1207 342 1240 i.
369 1218 398 1240 e.
425 1206 670 1241 difficultatem
695 1218 776 1240 cum
800 1207 956 1251 periculo
981 1206 1225 1248 coniunctam,
1253 1206 1467 1240 vocabulum
1482 1204 1551 1238 hoc

152 1279 254 1302 sensu
279 1278 301 1301 a
324 1267 493 1302 Sallustio
518 1271 685 1302 amatum.
711 1267 757 1303 cf.
791 1279 820 1301 c.
845 1266 1008 1309 xmm,
1034 1268 1066 1301 1.
1102 1267 1248 1304 mun,
1272 1266 1308 1300 3.
1343 1265 1492 1306 Lxxv,
1515 1265 1550 1298 2.

154 1329 266 1371 XCII,
287 1328 322 1362 4.
372 1329 502 1362 Eodem
537 1329 641 1370 modo
667 1329 867 1372 frequenter
892 1330 1023 1374 legitur
1048 1340 1104 1362 res
1134 1339 1283 1372 aspera,
1314 1339 1368 1361 res
1393 1337 1551 1370 asperae,

154 1391 334 1436 negotium
360 1401 534 1434 asperum,
556 1394 594 1423 ut
618 1390 694 1423 Cat.
710 1391 755 1432 X,
779 1390 812 1423 2.
840 1390 918 1439 LII,
944 1389 1001 1424 28.
1026 1390 1105 1434 lug.
1129 1390 1215 1433 1⁴11,
1240 1389 1274 1425 (i.
1298 1388 1495 1430 LXXXIX,
1516 1387 1551 1421 6.

155 1451 316 1493 XCVIII,
341 1450 374 1486 1.
398 1468 443 1475 —·
470 1451 657 1485 Ostendere
681 1451 894 1494 explicatum
920 1463 950 1485 c.
977 1449 1119 1493 xxm,
1145 1449 1179 1483 1.
1204 1469 1249 1474 -
1283 1450 1444 1484 Avaritia‘
1463 1449 1552 1482 Cur-

152 1513 221 1546 tius
246 1523 430 1556 perperam
455 1512 564 1545 refert
588 1512 634 1545 ad
658 1522 841 1546 conversus
866 1517 936 1552 est,·
965 1522 1046 1545 nam
1072 1509 1210 1544 animus
1234 1510 1406 1551 consulis,
1431 1509 1553 1543 multis

154 1573 343 1608 virtutibus
370 1572 529 1618 insignis,
553 1584 621 1605 non
645 1576 755 1616 potest
779 1571 815 1605 in
839 1571 1044 1606 universum
1067 1583 1177 1617 aeger
1201 1571 1281 1605 dici.
1328 1572 1447 1613 Quare
1471 1580 1552 1604 con-

153 1634 367 1679 iungendam
390 1638 442 1667 est
466 1635 621 1667 avaritia
646 1644 767 1679 aeger,
791 1637 832 1668 ut
855 1633 1041 1678 aegritudo
1067 1633 1111 1667 ad
1130 1636 1260 1667 certam
1280 1631 1437 1675 aliquam
1453 1641 1552 1665 caus-

153 1706 228 1728 sam
253 1698 449 1728 revocetur.

199 1757 232 1798 §.
261 1755 295 1790 2.
333 1760 367 1789 et
391 1753 611 1798 administer]
647 1754 766 1788 Struv.
793 1754 912 1788 Guelf.
938 1753 972 1788 4.
996 1753 1030 1790 9.
1055 1754 1111 1788 12.
1146 1767 1187 1788 ac
1214 1754 1392 1793 ministem-
1423 1752 1552 1787 Franc.

154 1815 225 1850 luc.
250 1815 283 1848 1.
313 1815 432 1849 Guelf.
447 1814 503 1850 10.
529 1816 687 1849 Leid.11.
714 1819 746 1847 et
770 1815 948 1853 minister,-
973 1819 1163 1858 utrumque
1186 1815 1320 1847 sactum
1345 1815 1444 1857 lapsu
1465 1813 1554 1846 scri-

154 1877 290 1910 barum.
340 1876 555 1911 Administer
578 1887 600 1910 a
623 1875 763 1909 Wassio
787 1875 980 1918 explicatur
1002 1875 1282 1918 praecipuus
1306 1875 1464 1908 minister
1496 1873 1553 1906 vel

154 1937 320 1976 adinton
343 1935 444 1970 nubis
469 1936 518 1970 ita
542 1937 657 1980 potius
681 1947 702 1970 a.
724 1936 881 1970 ministro
905 1935 1049 1969 differre
1073 1934 1223 1975 videtur,
1247 1938 1286 1969 ut
1310 1946 1376 1969 non
1401 1939 1472 1969 tam
1489 1945 1552 1978 ge-

153 1997 340 2030 rendorum
374 1997 596 2042 negotiorum
629 1997 763 2030 socium
800 1997 974 2042 significet
1007 1996 1072 2040 (cs.
1100 1995 1173 2029 cic.
1198 2007 1231 2038 p.
1255 1995 1375 2029 Flacc.
1401 2007 1432 2029 c.
1457 1994 1490 2036 2,
1517 1993 1550 2028 5.

153 2058 267 2091 socii·
291 2058 528 2099 consiliorum,
567 2057 774 2090 ministri
798 2058 1078 2100 comitesque
1102 2057 1303 2100 vexantur.)
1328 2067 1435 2100 quam
1459 2066 1552 2097 eum,

153 2118 213 2162 qui
245 2118 352 2152 alicui
383 2117 555 2152 obnoxius
584 2129 810 2161 quaecunque
849 2117 903 2151 illi
937 2117 1173 2151 collibuerunt
1195 2117 1338 2161 exsequi
1366 2122 1401 2151 et
1426 2126 1554 2161 parare

153 2191 221 2213 non
244 2183 398 2213 recusat.
432 2179 477 2212 cf.
506 2178 580 2212 Cic.
607 2178 642 2211 iu
668 2178 764 2212 verr.
787 2179 833 2219 11,
860 2178 927 2219 54,
955 2178 1034 2212 136.
1070 2179 1312 2213 'l'imarchidcs
1337 2183 1412 2212 erat
1437 2178 1551 2211 admi-

153 2241 260 2274 nister·
284 2241 384 2274 istius
409 2240 651 2283 cupiditatum,
678 2240 738 2282 qui
765 2240 861 2273 Iocus
886 2239 964 2272 inde
989 2250 1011 2273 a
1038 2240 1072 2281 §.
1092 2238 1168 2274 134.
1194 2240 1294 2282 quasi
1311 2237 1553 2273 commentarii

153 2301 262 2335 instar
286 2306 336 2335 eut
360 2301 465 2334 liuius
489 2300 667 2334 vocabuli.
701 2300 747 2334 id.
774 2313 808 2345 p.
835 2301 953 2344 Quint.
980 2311 1009 2334 c.
1031 2299 1098 2341 25,
1123 2300 1182 2334 80.
1210 2300 1414 2334 Administri
1437 2305 1472 2334 ct
1495 2310 1552 2332 m-

155 2363 282 2396 tellites
314 2365 395 2396 Sex.
419 2362 561 2395 Naevii.
588 2373 621 2396 V.
648 2361 741 2395 infra
765 2374 796 2395 c.
822 2361 985 2402 Lxxlv‚
1011 2362 1043 2395 1.
1085 2361 1311 2405 Quamquam
1344 2365 1446 2395 tenue
1477 2371 1554 2394 esee

154 2423 246 2456 istud
265 2423 463 2464 discrimen,
489 2434 601 2466 neque
618 2422 748 2466 ubique
772 2421 995 2455 observatum
1014 2422 1119 2456 facile
1143 2423 1306 2457 concedo.
1330 2442 1370 2450 -
1398 2421 1552 2456 Assumi-

155 2489 212 2518 tur
242 2495 289 2519 ec.
315 2495 336 2517 a
359 2483 492 2518 Bestia.
516 2502 562 2508 -—·
600 2483 764 2517 Frictione
789 2483 886 2516 eiua
914 2483 1068 2527 bangius
1102 2483 1253 2528 pessime
1285 2483 1394 2517 refert
1421 2481 1465 2515 ad
1493 2481 1551 2515 Iu-

154 2543 343 2588 gurtham,
368 2556 476 2587 quum
493 2544 564 2578 iam
590 2544 729 2578 Cortiua
753 2542 942 2577 monuisset
965 2543 1138 2578 Scaurum
1168 2543 1432 2588 intelligendum
1456 2551 1551 2582 enam

155 2615 265 2647 nequo
283 2604 385 2638 aliter
403 2605 469 2638 loci
486 2617 606 2640 scii-un
620 2611 654 2640 et
678 2606 821 2649 liuguae
844 2604 935 2638 ratio
959 2604 1156 2649 intelligere
1180 2604 1270 2638 uiuit.
1322 2604 1417 2637 Bene
1438 2602 1550 2635 Muel-

158 2664 251 2698 lerus
273 2664 325 2697 sic
349 2664 615 2709 interpretatur:
663 2677 803 2710 „quum
831 2665 901 2700 iam
927 2665 1070 2709 plurimi
1097 2677 1138 2700 cx
1163 2665 1236 2700 eius
1267 2663 1391 2698 etnicis
1415 2662 1551 2695 Romae

157 2725 302 2768 pecunia
317 2726 508 2770 Iugurthae
527 2727 679 2771 corrupti
704 2730 853 2761 essentf‘
903 2728 932 2760 A
955 2727 1123 2771 prim-ipio
1140 2731 1254 2760 autem
1274 2736 1341 2758 non
1366 2727 1417 2756 est
1439 2723 1550 2762 initio,

158 2783 206 2819 ita
229 2790 266 2819 ut
291 2785 401 2828 priori
424 2787 572 2830 tempori
591 2788 701 2822 serius
722 2788 863 2831 aliquod
882 2792 1096 2833 opponatur,
1121 2786 1181 2820 aod
1207 2785 1273 2820 ista
1294 2783 1444 2818 dictione
1471 2793 1547 2826 per-
