1630 3034
79 179 109 218 8
441 173 487 214 C.
517 171 859 215 SALLUSTI
889 171 1117 220 CRISPI

83 305 219 349 quam
266 294 478 349 regerent
523 303 672 345 casus,
727 293 772 333 et
807 303 862 333 eo
897 289 1210 349 magnitudinis
1244 292 1470 350 procede-

84 393 208 445 rent,
244 386 308 431 uti
343 401 430 446 pro
465 385 725 431 mortalibus
761 386 908 448 gloria
937 387 1105 432 aeterni
1129 369 1300 435 fierent.

85 642 189 685 plane
211 642 316 677 modo
339 641 469 677 Graeci
491 640 611 676 dicunt
633 640 675 679 τὰ
699 639 819 686 πολύ,
842 641 885 679 τὸ
910 641 1061 685 λοιπόν,
1084 642 1158 678 alia
1180 641 1353 688 plurima3
1382 641 1476 687 apud

85 702 229 737 Latinos
261 703 417 737 eiusdem
450 701 589 747 generis
611 706 663 737 est
682 704 905 748 plerumque,
939 705 1129 738 maximam
1148 709 1307 748 partem,
1340 703 1385 737 de
1407 713 1478 747 qua

85 763 277 798 accusativi
299 763 434 799 ratione
458 764 503 797 cf.
528 764 757 798 Ramshornii
781 764 938 798 Gramm.
962 765 1037 799 Lat.
1063 767 1096 807 §.
1117 765 1199 806 132,
1219 764 1253 799 5.
1273 775 1308 808 p.
1325 763 1407 798 236.
1431 782 1477 788 —

87 822 277 867 Sequentia
309 824 457 869 pessime
485 826 622 869 accepit
654 825 901 867 Kunhardtus,
936 826 1090 869 protasin
1114 830 1191 870 post
1213 836 1314 859 casus
1338 824 1480 857 demum

84 883 295 928 finiendam,
320 887 551 930 copulamque
575 886 758 920 delendam
779 898 930 928 censens,
954 897 1166 930 quamquam
1190 898 1234 920 ne
1255 886 1379 920 caussa
1401 884 1480 928 qui-

85 944 165 977 dem
188 948 262 979 tam
284 945 420 989 ineptae
442 947 645 981 mutationis
667 946 797 989 addita,
820 947 887 981 nisi
910 948 1000 981 forte
1029 959 1139 992 neque
1162 967 1208 972 —-
1234 951 1268 981 et
1288 945 1482 990 particulae

85 1005 181 1039 male
210 1017 293 1040 eum
321 1007 530 1042 habuerunt.
577 1007 647 1042 Sed
677 1019 799 1042 earum
829 1019 931 1042 usum
956 1007 1027 1041 iam
1052 1007 1191 1041 eortius
1214 1008 1298 1042 satis
1322 1007 1482 1041 illustra-

86 1069 205 1108 verat,
244 1067 325 1102 coll.
349 1067 429 1112 Iug.
457 1068 536 1110 XX,
560 1066 592 1103 5.
627 1069 755 1111 XXIV,
779 1067 811 1103 5.
845 1069 976 1110 XXXI,
1001 1068 1056 1103 16.
1090 1069 1214 1108 LXIX,
1239 1069 1273 1102 1.
1297 1068 1422 1108 LXXI,
1447 1065 1482 1103 5.

86 1125 244 1169 LXXIV,
269 1127 303 1162 1.
347 1128 540 1172 LXXXIV,
564 1128 599 1164 3.
643 1129 818 1171 LXXXV,
842 1129 876 1163 6.
925 1130 1008 1166 Ter.
1031 1130 1123 1163 Eun.
1151 1130 1193 1171 V,
1220 1129 1256 1171 5,
1279 1128 1336 1163 21.
1379 1127 1482 1162 Ovid.

85 1187 232 1222 Metam.
256 1189 350 1232 XIV,
373 1188 454 1226 841.
493 1190 540 1224 cf.
572 1190 680 1225 etiam
711 1192 854 1226 Passov.
890 1190 934 1225 ad
958 1189 1077 1223 Taciti
1100 1190 1220 1225 Germ.
1244 1202 1276 1225 c.
1301 1190 1344 1223 II.
1369 1201 1403 1233 p.
1425 1187 1482 1223 86.

87 1248 170 1284 Car.
192 1249 310 1285 Beier.
335 1250 381 1284 ad
405 1250 479 1287 Cic.
503 1250 546 1286 de
571 1250 644 1285 off.
667 1253 693 1294 I,
710 1251 768 1294 21,
787 1251 843 1288 72.
863 1262 896 1295 p.
914 1250 994 1285 169.
1019 1255 1054 1285 et
1077 1252 1121 1285 ad
1145 1250 1257 1295 111„4‚
1278 1251 1334 1284 20.
1351 1262 1384 1295 p.
1398 1248 1481 1284 215.

86 1309 256 1345 Kuehner
279 1311 323 1346 ad
347 1311 421 1349 Cic.
449 1311 558 1348 Tusc.
583 1312 611 1354 I,
635 1311 667 1346 4.
691 1311 726 1349 7.
750 1312 871 1356 Neque
893 1315 1010 1347 tamen
1033 1312 1282 1357 negligendum
1305 1315 1368 1354 est,
1393 1310 1485 1354 quod

88 1370 316 1406 Frotscherus
339 1371 476 1406 monuit
499 1373 543 1406 ad
568 1372 734 1416 Quinctil.
745 1373 790 1416 X,
808 1372 842 1415 1,
863 1372 897 1406 2.
917 1385 951 1417 p.
961 1373 996 1407 9.
1020 1372 1081 1408 ubi
1106 1377 1184 1416 post
1206 1383 1315 1417 neque
1338 1376 1486 1417 ponatur

90 1435 136 1473 ct,
159 1431 402 1477 gradationem
421 1432 510 1476 fieri,
536 1433 754 1467 Graecorum
774 1444 911 1477 quoque
927 1430 1012 1469 οὔτε
1034 1452 1081 1458 -
1104 1446 1142 1469 τε
1159 1433 1337 1478 particulis
1354 1432 1487 1466 indica-

89 1495 174 1527 tam.
199 1493 297 1528 Idem
316 1492 458 1527 uberius
475 1498 676 1537 persecutus
695 1497 747 1527 est
761 1494 915 1538 Herzog.
929 1494 972 1528 ad
986 1494 1088 1530 Catil.
1100 1495 1247 1537 XXXII,
1258 1495 1290 1528 1.
1303 1506 1336 1538 p.
1348 1493 1428 1527 164.
1440 1513 1487 1518 —

89 1552 197 1587 Haud
220 1552 323 1597 pauci
347 1553 446 1588 codd.
471 1553 573 1587 vario
595 1554 672 1586 loco
696 1554 833 1588 casibus
857 1554 913 1587 vel
939 1566 962 1588 a
986 1556 1121 1589 casibus
1144 1556 1317 1595 inserunt,
1355 1553 1488 1587 scilicet

90 1617 129 1648 ut
153 1613 199 1647 ad
222 1613 420 1659 legitimam
444 1617 658 1648 structuram
681 1614 770 1648 nihil
789 1613 896 1655 desit;
919 1615 979 1648 sed
1003 1626 1037 1649 v.
1063 1615 1107 1649 ad
1131 1615 1207 1650 Cat.
1231 1627 1260 1648 c.
1286 1615 1343 1655 LI,
1366 1613 1423 1647 38.

183 1676 239 1708 uti
257 1686 324 1719 pro
347 1676 570 1720 mortalibus]
598 1676 714 1719 Vulgo
738 1675 906 1708 edebatur
929 1675 988 1708 ubi
1007 1687 1071 1719 pro
1095 1681 1216 1716 mort.,·
1250 1676 1310 1710 sed
1333 1677 1388 1710 uti
1406 1687 1490 1711 vera

91 1734 264 1778 scriptura
287 1740 363 1779 est,
387 1737 530 1771 firmata
554 1736 761 1771 auctoritate
785 1735 884 1770 codd.
908 1736 979 1769 lnc.
1004 1737 1036 1769 2.
1064 1737 1184 1770 Guelf.
1202 1738 1235 1771 2.
1253 1738 1287 1773 4.
1313 1738 1488 1772 Commel.

90 1794 168 1831 Pal.
191 1795 227 1830 6.
251 1796 286 1832 9.
310 1797 418 1832 Bern.
443 1798 478 1832 3.
502 1801 535 1832 et
559 1797 675 1832 Berol.
700 1797 756 1838 2.‚
789 1797 916 1840 quibus
946 1797 1114 1831 accedunt
1146 1797 1267 1832 Guelf.
1292 1799 1350 1834 1⁰.
1375 1798 1430 1833 12.
1456 1803 1491 1833 et

91 1855 169 1892 Pal.
200 1855 258 1891 10.
283 1861 322 1892 ut
346 1858 575 1892 ostendentes.
626 1859 715 1892 Eam
740 1857 949 1891 Gerlachius
973 1856 1008 1890 in
1034 1861 1127 1891 textu
1151 1859 1296 1893 maioris
1319 1859 1373 1893 ed.
1397 1864 1492 1893 recte

92 1927 291 1959 expressam
315 1922 350 1953 et
373 1918 410 1952 in
434 1919 644 1953 Commentt.
669 1931 702 1962 p.
728 1916 808 1952 215.
833 1918 1030 1960 defensam,
1063 1930 1181 1953 rursus
1211 1919 1247 1953 in
1279 1919 1414 1953 minore
1436 1920 1490 1954 ed.

93 1976 243 2020 pessime
276 1978 449 2022 deseruit,
483 1980 632 2025 vulgata
665 1978 836 2013 restituta.
890 1980 956 2013 Ubi
988 1979 1081 2012 enim
1111 1980 1155 2013 ad
1181 1991 1219 2013 eo
1241 1981 1392 2014 relatum
1424 1991 1492 2014 non

94 2041 208 2081 potest
242 2039 310 2073 nisi
344 2041 410 2075 loci
441 2044 645 2084 potestatem
678 2040 829 2081 habere,
860 2039 929 2073 hoc
959 2051 1078 2074 sensu:
1112 2041 1157 2074 ad
1182 2044 1314 2074 certum
1339 2040 1492 2084 aliquem

95 2099 348 2144 magnitudinis
369 2101 523 2146 gradum
546 2104 580 2134 et
603 2099 704 2145 quasi
735 2100 924 2134 terminum
956 2101 1268 2145 progrederentur,
1303 2112 1403 2144 quem
1434 2101 1495 2135 ubi

96 2160 318 2205 attigerunt,
354 2171 423 2195 non
447 2161 598 2204 amplius
622 2162 786 2195 mortales
810 2165 910 2201 sunt,
942 2163 1000 2195 sed
1038 2161 1201 2195 continuo
1224 2161 1340 2206 gloria
1363 2162 1495 2196 aeterni

95 2220 194 2255 fiunt.
242 2222 342 2265 Quae
363 2221 533 2255 sententia
554 2231 662 2265 quam
686 2233 810 2265 parum
834 2222 917 2255 huic
942 2222 1019 2254 loco
1042 2222 1228 2256 conveniat
1251 2223 1365 2265 quivis
1388 2222 1495 2266 videt,

97 2291 208 2323 quum
232 2279 419 2315 Sallustius
442 2282 511 2315 hoc
535 2281 650 2326 potius
674 2282 788 2315 dicere
812 2282 915 2323 velit,
939 2281 1100 2316 homines
1123 2287 1268 2317 naturae
1291 2294 1375 2317 suae
1395 2283 1493 2317 intir-

97 2339 258 2374 mitatem
282 2341 452 2377 industria
473 2344 660 2377 emendare
683 2354 802 2387 posse,
835 2348 1015 2387 tantosque
1028 2344 1133 2386 ficri,
1165 2349 1203 2377 ut
1235 2356 1341 2387 supra
1363 2349 1497 2378 morta-

99 2401 171 2434 lem
203 2402 440 2437 condicionem
472 2404 555 2438 elati
589 2404 705 2449 gloria
731 2404 863 2438 aeterni
897 2405 992 2438 liant.
1041 2404 1080 2437 In
1106 2411 1268 2448 promptu
1292 2408 1344 2438 est
1366 2408 1496 2446 autem,

100 2461 264 2496 librarios
288 2474 346 2504 co,
379 2463 471 2506 quod
496 2476 577 2499 cum
600 2464 757 2510 genitivo
781 2464 817 2498 in
841 2475 947 2498 unum
978 2464 1080 2508 quasi
1109 2465 1285 2499 notionem
1309 2464 1400 2506 coit,
1432 2475 1497 2508 pro

101 2522 271 2566 primarIo
305 2525 499 2558 sententiae
532 2526 706 2560 vocabulo
740 2524 932 2566 babuisse,
970 2525 1071 2569 eique
1103 2526 1252 2559 alteram
1286 2525 1497 2569 particulam

104 2581 371 2615 accommodare
394 2584 558 2619 voluisse.
606 2585 704 2620 Tum
727 2597 788 2630 per
811 2597 848 2620 se
872 2589 986 2629 patet,
1013 2597 1076 2629 pro
1100 2592 1200 2621 mort.
1224 2588 1261 2620 h.
1286 2587 1309 2620 l.
1334 2598 1401 2620 non
1424 2598 1498 2620 esse

105 2646 272 2685 quantum
307 2643 402 2679 cadit
434 2645 470 2678 in
503 2645 678 2688 homines,
707 2652 874 2691 quantum
900 2648 935 2680 ιἰι
959 2647 1152 2680 hominibus
1166 2649 1252 2691 ficri
1272 2652 1404 2691 potest,
1438 2647 1497 2681 sed

107 2703 281 2759 bantinum
305 2705 397 2747 loco,
433 2705 456 2738 i.
486 2717 517 2739 e.
549 2710 654 2740 exuta
686 2707 888 2741 mortalium
913 2706 1167 2743 imbecillitate.
1215 2709 1332 2752 [Idem
1361 2707 1431 2742 dici
1458 2718 1498 2742 ex

109 2764 311 2799 mortalibus
336 2769 484 2810 poterat.
534 2767 581 2800 cl'.
604 2766 695 2801 inira
713 2767 757 2807 X,
775 2766 809 2803 2.
842 2767 931 2811 Fre]
