1630 3034
226 186 311 226 510
599 176 645 221 G.
674 175 1004 220 SALLUSTI
1035 175 1260 220 CRISP1

196 311 305 351 4me
336 295 557 358 pecuniae
585 294 786 355 largitor.
823 294 978 353 Atque
1002 294 1087 353 illi,
1122 293 1395 339 felicissumo
1422 295 1621 339 omnium

225 403 326 442 ante
373 394 547 439 civilem
593 391 850 448 victoriam,
895 405 1142 449 numquam
1177 407 1316 452 super
1360 391 1618 436 industriam

224 496 405 539 fortuna
439 490 545 547 fuit,
581 488 798 546 multique
835 487 1121 548 dubitavere,
1158 489 1318 533 fortior
1355 504 1412 532 an
1446 489 1621 533 felicior

227 596 369 643 esset3
404 602 507 633 nam
543 592 706 646 postea
745 600 862 644 quae
897 585 1057 629 fecerit
1091 585 1312 630 incertum
1347 585 1498 630 habeo
1533 600 1620 646 pu—

226 690 332 733 deat
366 685 514 745 magis
551 699 608 727 an
642 683 801 744 pigeat
836 681 1067 726 disserere.

362 781 527 828 XCVI.
600 780 743 841 Igitur
793 775 954 836 Sulla,
1010 784 1060 822 ut
1115 795 1251 840 supra
1309 748 1485 833 dictuni
1525 783 1621 837 est,

225 898 259 932 in
293 894 404 931 animi
438 903 594 926 recessus
623 890 824 925 coniectura
847 892 1029 933 penetrare
1063 902 1252 934 sensusque
1273 890 1412 935 assequi
1438 890 1552 924 liceat.
1578 890 1623 924 cf.

224 958 339 993 Beier.
366 956 409 991 ad
444 953 518 988 Cic.
545 953 588 986 de
621 951 693 986 Oss'.
720 953 755 994 1,
781 949 840 993 25,
865 950 922 986 88.
973 951 1176 985 Exercenda
1209 956 1258 986 est
1283 953 1389 986 etiam
1415 952 1624 986 altitudo

224 1018 379 1054 animi.
403 1014 542 1050 Ernesti
567 1014 611 1048 ad
636 1013 754 1047 Tacit.
776 1013 838 1054 ΙΙΙ,
862 1012 921 1054 44,
946 1011 979 1046 3.
1030 1012 1152 1058 Neque
1174 1014 1266 1054 loco,
1287 1025 1398 1058 neque
1420 1014 1520 1048 uultu
1543 1024 1623 1047 mu-

223 1085 299 1116 tato
323 1090 386 1123 per
409 1077 487 1111 illos
511 1075 585 1108 dies
609 1074 706 1120 egit,
732 1073 1002 1108 altitudine
1033 1074 1196 1117 animi,
1231 1085 1278 1107 an
1315 1079 1530 1119 compererat
1551 1085 1625 1107 mo-

223 1142 304 1176 dica
329 1150 412 1174 esse.
444 1134 709 1170 Drakenborch.
744 1134 788 1169 ad
821 1135 898 1169 Liv.
933 1135 1000 1178 lv,
1023 1135 1065 1177 6,
1089 1134 1147 1168 12.
1196 1135 1299 1169 Hanc
1324 1135 1545 1170 altitudinem
1566 1134 1626 1168 Ci-

222 1212 303 1235 cero
337 1194 538 1247 βαθιῖτητα
571 1199 675 1230 vocat
710 1195 746 1230 in
781 1196 870 1240 Epp.
903 1197 947 1230 ad
983 1195 1089 1230 Attic.
1124 1196 1176 1240 V,
1202 1196 1259 1239 10,
1285 1197 1377 1231 med.
1431 1196 1547 1230 Multa
1569 1196 1625 1230 vel

221 1262 408 1302 iracunde,
433 1261 488 1294 vel
511 1259 697 1293 insolenter
722 1257 777 1290 vel
800 1257 928 1290 insulse
951 1256 1139 1300 dicuntur,
1163 1269 1255 1302 quae
1277 1269 1345 1291 non
1369 1268 1434 1301 quo
1457 1262 1494 1292 te
1519 1257 1624 1291 celem

219 1337 288 1359 non
310 1322 506 1368 perscribo,
539 1320 601 1354 scd
624 1319 707 1365 quia
732 1319 958 1363 δυσεξίμητα
989 1323 1090 1362 sunt3
1124 1329 1235 1363 quare
1259 1318 1484 1354 admirabere
1508 1329 1623 1353 meam

220 1383 437 1433 βαθύτητα.

315 1448 348 1489 §-
371 1444 405 1479 4.
456 1443 569 1487 Atque
601 1442 676 1486 illi]
709 1441 928 1482 Pronomen,
965 1441 1058 1484 quod
1089 1440 1126 1474 in
1159 1440 1346 1485 perpaucis
1381 1439 1481 1475 codd.
1515 1440 1625 1485 deest,

221 1504 381 1546 Cottius,
410 1503 529 1546 Bipp.‚
561 1502 739 1547 Langius,
771 1502 964 1536 Muellerus
995 1503 1088 1536 male
1121 1501 1315 1543 eiecerunt,
1347 1501 1407 1545 qui
1430 1505 1560 1546 quanta
1587 1501 1624 1537 vi

219 1564 376 1599 narratio
410 1564 461 1598 ita
498 1549 710 1597 destituatur
743 1573 811 1596 non
834 1562 1029 1603 senserint3
1061 1573 1104 1597 eo
1130 1562 1223 1596 enim
1248 1562 1371 1596 Sullae
1395 1573 1562 1606 persona,
1585 1562 1623 1598 in

220 1633 327 1666 quam
351 1621 453 1655 unice
476 1633 540 1657 nos
564 1622 692 1657 intueri
717 1624 793 1657 vult
817 1627 951 1666 auctor,
980 1623 1080 1668 quasi
1101 1623 1137 1657 in
1162 1623 1349 1667 conspicuo
1368 1624 1621 1659 collocatur.—

218 1683 336 1717 Verba
363 1687 447 1716 ante
470 1684 605 1717 civilem
629 1684 831 1726 victoriam,
864 1695 954 1728 quae
988 1683 1095 1718 ceteri
1119 1683 1268 1717 editores
1300 1690 1395 1719 recte
1418 1686 1462 1719 ad
1485 1690 1623 1720 antece-

219 1744 338 1778 dentia
361 1744 576 1786 retulerunt,
603 1745 740 1788 Faber,
767 1750 943 1779 commate
967 1748 1042 1789 post
1069 1745 1250 1779 victoriam
1275 1745 1438 1787 sublato,
1463 1757 1544 1780 cum
1568 1758 1622 1781 se-

218 1805 404 1850 quentibus
435 1805 678 1851 coniungenda
715 1810 854 1848 censet,
899 1805 983 1850 quia
1017 1805 1125 1839 verba
1159 1809 1284 1848 postea
1316 1817 1407 1849 quae
1436 1808 1623 1851 fecerit

217 1868 398 1901 ostendant
422 1866 631 1900 Sallustium
655 1878 723 1900 non
741 1867 952 1910 felicitatem
977 1866 1120 1909 Sullae,
1147 1866 1207 1899 sed
1231 1866 1439 1901 industriam
1465 1869 1508 1902 ad
1533 1868 1622 1902 illud

218 1931 376 1972 tempus,
423 1927 518 1971 quod
555 1927 743 1962 victoriam
779 1926 922 1961 civilem
959 1926 1210 1971 praecesserit,
1259 1926 1465 1973 astringere.
1519 1929 1622 1974 Quod

219 1990 321 2034 plane
345 1993 467 2023 contra
491 1991 552 2023 est.
605 1989 751 2023 Clarum
784 1992 836 2023 est
860 1988 953 2022 enim
978 1987 1184 2022 Sallustium
1209 1999 1271 2031 ea,
1309 1999 1400 2032 quae
1421 1989 1521 2024 Sulla
1545 1993 1623 2034 post

219 2050 406 2084 victoriam
427 2049 518 2094 egit,
552 2048 636 2093 quia
660 2049 808 2083 immani
832 2049 1039 2084 crudelitate
1062 2050 1166 2084 foeda
1189 2054 1289 2091 sunt,
1315 2061 1378 2094 pro
1403 2051 1562 2085 nefandis
1586 2054 1621 2087 et

219 2110 383 2146 infaustis
415 2111 549 2145 habere
584 2120 625 2143 ac
658 2121 798 2153 prorsus
830 2110 1050 2153 abominari,
1090 2121 1202 2153 neque
1217 2110 1389 2153 felicitati
1410 2112 1486 2146 eius
1508 2123 1620 2146 annu-

159 2210 164 2215 ·
219 2182 368 2206 merare.
416 2172 536 2215 Quare
570 2182 783 2214 quamquam
816 2172 972 2206 concedit
1005 2172 1215 2205 industriam
1238 2171 1270 2205 ei
1296 2176 1328 2206 et
1348 2175 1534 2216 fortunam
1558 2184 1621 2218 per

218 2235 329 2267 totam
353 2230 461 2265 vitam
486 2233 681 2277 (nunquam
705 2244 809 2277 super
831 2232 902 2267 ind.
929 2234 954 2266 f.
974 2233 1070 2277 suit)
1096 2244 1217 2277 parem
1243 2231 1370 2272 fuisse,
1398 2234 1540 2277 felicem
1563 2238 1618 2269 ta-

218 2303 299 2326 men
324 2296 404 2326 ante
428 2292 614 2327 victoriam
640 2293 744 2327 modo
777 2293 946 2328 nominat.
993 2293 1133 2338 Quippe
1155 2297 1307 2337 fortuna
1332 2298 1385 2328 est
1408 2294 1621 2339 prosperita!

219 2354 317 2387 casui
343 2352 474 2395 debita,
499 2365 567 2388 non
592 2354 720 2388 virtute
744 2359 891 2398 ματαίας
909 2356 1067 2399 felicitas
1091 2366 1176 2389 vero
1198 2366 1343 2400 prosper
1370 2367 1490 2390 rerum
1513 2367 1619 2391 even-

218 2418 275 2448 tus
299 2425 342 2447 ex
366 2413 512 2447 consilio
537 2418 572 2449 et
594 2415 778 2459 prudentia
801 2417 971 2460 pendens3
996 2417 1041 2453 cf.
1065 2416 1248 2450 Daehnius
1274 2417 1318 2451 ad
1341 2416 1429 2462 Nep.
1447 2418 1618 2462 Lysandr.

219 2475 246 2516 Ι,
270 2475 304 2508 1.
343 2474 503 2509 Sallustii
538 2479 690 2510 mentem
723 2477 868 2522 egregie
898 2478 1075 2512 illustrant
1097 2476 1273 2511 Ciceronis
1295 2479 1428 2520 verba,
1461 2487 1551 2522 quae
1574 2488 1616 2512 ex

218 2535 356 2579 perdita
389 2536 433 2569 ad
470 2536 637 2580 Nepotem
670 2537 819 2581 epistola
846 2538 1000 2572 servavit
1031 2538 1209 2572 Aminian.
1245 2539 1407 2573 Marcell.
1440 2539 1533 2580 ΧΧΙ,
1558 2538 1614 2574 16.

220 2609 254 2641 p.
271 2597 352 2629 291.
378 2598 431 2630 ed.
459 2598 573 2631 Vtiles.
625 2598 746 2642 Neque
771 2600 862 2633 enim
888 2601 1071 2645 quicquam
1096 2599 1195 2633 aliud
1220 2604 1269 2633 est
1286 2599 1523 2643 felicitas,
1548 2600 1616 2634 nisi

220 2657 520 2691 honestarum
563 2670 713 2692 rernm
755 2662 1073 2704 prosperitas.
1142 2661 1274 2695 Velut
1307 2661 1378 2694 alio
1401 2661 1500 2694 modo
1529 2660 1614 2702 defi-

220 2719 338 2761 niam,
367 2721 524 2762 felicitas
558 2725 607 2754 est
638 2721 852 2756 consiliorum
886 2723 1091 2764 fortuna
1130 2723 1341 2756 adiutrix
1374 2721 1610 2761 bonorum3

222 2780 344 2824 quibus
367 2780 425 2824 qm*
448 2792 515 2814 non
540 2782 661 2825 utitur,
684 2783 777 2825 selis
801 2793 872 2816 csse
895 2784 988 2817 nullo
1009 2789 1114 2828 pac-'o
1136 2788 1260 2827 potest.
1283 2783 1326 2816 cf.
1353 2782 1460 2817 etium
1483 2782 1610 2817 'ru-ae.
