1630 3034
411 194 745 240 CATILINA.
809 192 945 235 GAP.
983 191 1093 233 XLI.
1357 193 1441 233 lm

134 357 139 361 .
194 315 314 362 XLI.
384 313 478 358 Sed
511 311 792 369 Allobroges
825 308 904 354 diu
939 309 984 352 in
1018 309 1190 352 incerto
1225 305 1443 359 habuere,

58 408 273 468 quidnam
341 405 499 452 consili
551 407 778 461 caperent.
868 400 922 444 In
980 400 1122 443 altera
1185 403 1315 458 parte
1368 401 1486 440 aesz

59 501 280 555 alienum,
329 496 521 540 studium
564 493 702 548 belli,
749 507 917 551 magna
962 506 1135 536 merces
1181 490 1226 533 in
1262 505 1345 548 spe
1379 489 1450 532 vi·-

61 592 254 642 ctoriae3
309 594 355 631 at
397 588 442 631 in
486 587 625 630 altera
678 584 868 627 maiores
922 597 1059 641 opes,
1114 588 1210 625 tuta
1252 581 1451 635 consilia,

64 768 100 791 a.
117 755 222 791 1827.
236 755 292 800 Π,
316 753 350 788 3.
383 751 538 796 Append.
560 763 596 797 p.
618 751 652 786 3.
701 751 801 795 Quae
826 761 934 794 quum
957 749 1009 783 ita
1034 748 1124 789 sint,
1147 746 1373 782 temerarium
1396 746 1452 780 fo-

63 818 141 854 ret,
164 816 300 847 tantum
324 812 421 845 codd.
447 821 653 844 consensum
676 809 880 853 negligere3
905 808 951 841 cf.
971 807 1044 849 LII,
1065 806 1123 839 24.
1148 806 1221 846 Lx,
1240 805 1274 837 4.

156 870 428 910 mniurationem
451 868 586 912 aperit]
619 868 648 900 Ι.
672 878 702 900 c.
726 866 877 907 indicat,
907 868 1045 905 narrat,
1070 863 1211 907 prodit,
1234 872 1305 906 qna
1326 861 1366 895 vi
1387 872 1452 895 vo·-

66 928 234 962 cabulum
254 937 358 969 saepe
379 925 522 970 legitur.
556 925 610 958 cf.
635 936 664 957 c.
684 923 778 962 XLI,
796 922 829 957 5.
854 922 964 962 XLV,
985 923 1018 955 1.
1044 921 1187 961 XLVII,
1205 921 1239 953 1.
1264 921 1309 953 cf.
1328 921 1456 953 Ruhn—

65 987 144 1031 ken.
169 985 214 1019 ad
236 984 320 1019 Ter.
342 984 450 1018 Andr.
467 982 531 1023 lv,
554 983 588 1025 1,
607 981 641 1017 8.
665 981 829 1015 Bremius
852 982 897 1014 ad
920 980 1006 1023 Nep.
1033 979 1110 1013 Dio.
1131 979 1226 1019 VIII,
1245 978 1278 1011 1.
1303 982 1338 1011 et
1362 978 1455 1010 Pas-

65 1053 142 1087 soy.
167 1041 213 1076 ad
235 1041 320 1074 Tac.
348 1041 470 1073 Germ.
496 1051 526 1073 c.
543 1039 576 1074 L
600 1051 633 1083 p.
646 1037 704 1073 85.
733 1057 773 1063 -—
801 1039 872 1072 Pro
896 1038 1043 1082 amplior
1067 1042 1188 1071 esset
1209 1036 1328 1068 decem
1353 1035 1453 1068 codd.

67 1099 249 1134 ostendunt
272 1099 419 1138 inesset,
443 1095 536 1140 quod
559 1096 697 1130 Cottius
722 1096 887 1136 damnat,
910 1095 994 1138 quia
1017 1094 1259 1127 inconcinnum
1285 1093 1341 1126 sit.
1383 1093 1455 1126 'No-

67 1148 122 1190 bis'
142 1159 329 1203 propterca
350 1153 467 1198 potius
489 1153 719 1187 reficiendum
740 1154 897 1196 videtur,
930 1152 1014 1196 quia
1042 1153 1151 1185 inesse
1182 1152 1330 1184 verbum
1353 1152 1457 1194 plane

69 1212 333 1246 incommodum
356 1215 426 1253 est,
457 1211 518 1244 ubi
543 1211 585 1245 de
608 1212 788 1248 excitando
813 1210 930 1245 animo
954 1209 1102 1250 dicitur,
1134 1220 1169 1245 v,
1195 1220 1284 1252 quae
1307 1210 1459 1242 diximus

71 1270 115 1304 ad
139 1281 169 1304 c.
187 1269 298 1310 XVII,
319 1268 353 1302 2.
379 1285 425 1301 -ε-
460 1269 594 1302 Deinde
629 1280 748 1302 omnes
781 1280 802 1303 a
827 1267 1015 1301 Gerlachio
1040 1266 1161 1300 collati
1191 1266 1275 1299 libri
1307 1267 1458 1308 habent3

71 1327 181 1361 tutius
214 1326 323 1371 igitur
354 1326 540 1361 videbatur
569 1327 636 1359 hos
672 1325 788 1369 sequi,
820 1336 925 1368 quam
960 1326 1147 1368 vulgatum
1182 1324 1263 1357 dein
1294 1324 1458 1364 retinere,

46 1419 49 1423 ,
73 1385 168 1428 quod
189 1395 316 1427 parum
336 1388 470 1423 constat
493 1395 538 1417 an
557 1383 716 1417 codicum
738 1382 808 1415 fide
827 1381 979 1423 nitatur3
1006 1382 1049 1414 cf.
1064 1381 1108 1414 ad
1118 1381 1267 1422 c.XLV,
1280 1381 1314 1415 4.
1330 1382 1461 1424 -Quam

72 1453 178 1491 saepe
207 1446 325 1481 autem
363 1444 513 1484 utraque
535 1442 729 1485 particulae
761 1441 878 1473 forma
909 1450 931 1473 a
961 1439 1085 1472 scribis
1118 1444 1316 1482 permutata
1339 1439 1461 1480 fucrit,

74 1499 250 1546 cognosci„
259 1501 372 1543 potest
393 1509 435 1532 ex
456 1498 735 1533 Drakenborchii
757 1503 840 1531 nota
863 1497 908 1531 ad
931 1497 1008 1531 Liv.
1029 1498 1091 1539 ΙΙΙ,
1109 1497 1143 1540 3,
1164 1498 1198 1533 6.
1216 1515 1262 1523 -
1287 1497 1462 1530 Pollicitus

74 1569 216 1602 operam
237 1568 358 1597 suarm·
391 1557 437 1599 cf.
462 1556 535 1592 Cic.
562 1561 650 1592 orat.
675 1556 712 1590 in
735 1554 840 1589 Catil.
863 1554 922 1596 111,
944 1554 978 1595 2,
998 1554 1031 1588 4.
1071 1556 1210 1600 legatos
1232 1555 1464 1599 Allobrogum

75 1617 155 1649 bella·
181 1615 406 1658 Transalpini
438 1619 472 1648 et
502 1615 669 1648 tumultus
695 1613 823 1646 Gallici
855 1613 1027 1646 excitanda·
1057 1625 1179 1646 caussa
1202 1607 1274 1647 cese
1297 1614 1465 1646 sollicita-

75 1679 140 1710 τοῦ.
179 1673 265 1708 ibid.
287 1671 323 1713 4,
341 1671 376 1705 9.
413 1673 509 1707 Galli
533 1672 712 1711 dcli-erunt,
744 1669 797 1704 ita
821 1670 888 1703 sibi
910 1681 982 1704 esse
1002 1672 1279 1715 praescriptum,
1303 1676 1343 1704 ut
1368 1671 1466 1715 equi·

76 1736 190 1765 tatum
213 1730 250 1763 in
276 1730 418 1763 Italiam
441 1741 543 1774 quam
563 1730 715 1773 primum
737 1729 925 1762 mitterent.
947 1747 993 1753 -—
1026 1729 1193 1769 Domum,
1217 1729 1312 1771 qnod
1339 1728 1376 1761 in
1399 1727 1467 1762 tri-

75 1789 142 1822 bus
164 1788 284 1828 abest,
310 1787 448 1821 Cottius
469 1787 590 1828 eiecit3
617 1798 692 1827 noS,
717 1784 801 1829 quid
824 1786 960 1819 codices
983 1788 1172 1829 praebeant
1193 1785 1331 1830 magis,
1356 1797 1466 1829 quam

76 1845 160 1889 quid
199 1844 365 1889 praebere
398 1845 530 1888 possint
565 1847 778 1888 spectantes,
812 1842 1025 1877 reduximus.
1079 1843 1250 1877 Librariis
1282 1843 1466 1878 omittendi

77 1914 200 1938 caussa
217 1902 314 1936 haud
337 1902 442 1935 dubie
465 1902 554 1936 haec
576 1903 668 1943 fuit,
693 1901 784 1945 quod
808 1892 871 1944 pro
893 1902 1013 1944 patria
1038 1901 1190 1944 positum
1213 1906 1402 1935 censerent.

170 1961 259 1994 XLI.
308 1961 342 2002 §-
367 1959 401 1992 1.
450 1959 486 1992 in
511 1958 664 2003 incerto]
700 1958 873 1992 Adiectivi
901 1964 1064 1992 nenti-nm
1094 1969 1175 1992 cum
1207 1959 1467 2002 praepositione

77 2018 175 2052 haud
211 2028 294 2051 raro
317 2027 383 2060 pro
416 2016 566 2060 simplici
597 2016 769 2050 adiectivo
799 2016 859 2049 vel
882 2016 1048 2050 adverbio
1070 2016 1175 2060 poni,
1199 2027 1305 2060 supra
1327 2017 1468 2050 monni-

77 2087 157 2109 mns
180 2075 224 2109 ad
259 2087 291 2108 c.
319 2074 418 2117 VIII,
442 2074 475 2107 1.
514 2074 704 2107 Formulae
736 2074 772 2107 in
809 2074 937 2107 incerto
970 2085 1042 2107 esse
1076 2073 1134 2106 vel
1165 2074 1292 2107 habere
1328 2073 1469 2108 Cottius

78 2133 168 2166 haec
200 2131 316 2165 attulit
347 2132 526 2175 exempla:
558 2131 660 2165 Auet.
692 2131 735 2165 de
765 2132 808 2166 Β.
834 2132 933 2166 Alex.
963 2131 1028 2172 16,
1056 2131 1090 2164 2.
1135 2130 1252 2164 omnia
1283 2131 1469 2164 victoribus

81 2194 183 2224 erant
198 2192 327 2233 sutura
351 2190 387 2222 in
411 2190 549 2223 incerto.
584 2188 701 2223 Tacit.
724 2188 811 2222 Ann.
837 2189 916 2230 XV,
940 2187 996 2221 17.
1032 2187 1169 2230 quando
1194 2188 1230 2220 in
1253 2188 1380 2221 incerto
1399 2188 1468 2221 ha-

82 2247 229 2281 beantur
253 2246 460 2280 Parthorum
483 2251 637 2280 conatus.
671 2247 760 2280 Sall.
784 2247 862 2290 lug.
884 2245 1010 2286 XLVI,
1028 2245 1061 2278 8.
1088 2250 1126 2278 ut
1150 2246 1271 2278 absens
1295 2257 1342 2278 an
1362 2256 1470 2289 prae-

83 2316 160 2339 sens
189 2305 412 2348 perniciosior
435 2308 541 2346 esset,
572 2304 608 2336 in
640 2304 769 2337 incerto
804 2304 1000 2337 haberetur.
1048 2303 1183 2336 Eodem
1207 2303 1311 2336 modo
1336 2303 1470 2336 dictum

83 2363 121 2397 in
151 2367 271 2406 aperto
303 2371 394 2402 esse,
425 2360 503 2404 Ing.
526 2360 567 2402 V,
594 2360 628 2395 3.
662 2360 723 2394 ubi
746 2372 780 2396 v.
806 2361 900 2398 Cort.
935 2361 972 2394 in
1005 2360 1107 2394 dubio
1137 2370 1230 2402 esse,
1265 2359 1370 2394 Catil.
1395 2360 1471 2402 LII,

83 2420 119 2455 6.
149 2421 212 2455 ubi
234 2430 268 2453 v,

177 2482 210 2522 §.
236 2479 270 2511 2.
318 2478 355 2511 in
382 2477 494 2510 altera
523 2480 628 2519 parte
652 2494 697 2500 —-
733 2480 772 2509 at
802 2476 839 2508 in
870 2476 1006 2519 altera]
1050 2475 1118 2509 His
1158 2474 1278 2509 verbis
1310 2473 1473 2516 indicari,

85 2547 176 2581 qnae
197 2536 408 2579 Allobroges
437 2539 471 2568 et
503 2534 547 2567 ad
571 2533 759 2567 ineundam
784 2532 1061 2566 coniurationem
1092 2532 1334 2575 incitaverint,
1367 2537 1402 2566 et
1425 2531 1472 2566 ad

87 2594 313 2638 aperiendam
342 2591 538 2633 moverint,
571 2592 616 2624 ab
647 2590 894 2634 interpretibus
922 2596 1018 2624 recte
1049 2591 1220 2624 monitum
1254 2594 1325 2629 θεῖς
1359 2589 1395 2622 in
1428 2599 1471 2622 eo

88 2657 206 2685 tamen
223 2654 350 2690 errant,
362 2649 454 2693 quod
472 2649 703 2693 Allobrogum
721 2648 870 2682 rationes
888 2648 1012 2691 populi
1030 2647 1184 2682 Romani
1199 2646 1391 2680 rationibus
1409 2657 1472 2688 op-

89 2708 171 2753 poni
188 2712 324 2753 putant,
341 2718 449 2752 quum
467 2706 580 2752 legati
602 2707 716 2751 potius
730 2717 815 2741 suae
837 2705 986 2741 civitatis
1011 2705 1197 2740 commoda
1219 2715 1300 2738 cum
1326 2702 1473 2747 privatis
