1630 3034
424 128 784 173 IUGURTHA.
846 129 984 172 CAP.
1013 128 1136 172 XVI.
1428 134 1484 173 97

86 252 133 291 et
174 250 277 290 tunc
324 245 369 289 in
404 245 575 290 Senatu
608 250 796 305 potenS,
843 246 947 303 quia
985 245 1139 289 consul
1178 242 1229 290 C.
1268 244 1482 289 Graccho

85 349 132 386 et
164 341 233 388 M.
270 341 428 386 Fulvio
474 341 640 385 Flacco
681 341 924 399 interfectis
971 357 1203 385 acerrume
1250 342 1482 385 victoriam

82 438 322 489 nobilitatis
376 439 419 481 in
473 437 660 497 plebem
716 444 991 482 exercuerat.
1078 437 1196 480 Eum
1253 437 1471 497 Iugurtha
1483 454 1508 492 3

82 535 258 579 tametsi
293 535 468 578 Romae
502 535 549 576 in
591 533 774 576 inimicis
811 532 1056 588 habuerat,
1104 540 1254 577 tamen
1290 549 1475 578 accura-

79 632 261 675 tissume
296 631 493 690 recepit3
541 629 691 673 dando
730 635 776 673 et
817 629 1109 689 pollicitando
1144 631 1284 674 multa
1318 630 1474 690 perfe-

80 727 161 783 cit,
208 727 272 770 uti
307 727 430 770 fama
451 760 464 782 ,
507 725 600 769 fide
621 759 634 782 ,
676 732 911 785 postremo
956 726 1159 770 omnibus
1206 726 1292 769 suis
1338 726 1471 769 rebus

78 822 368 867 commodum
408 823 531 882 regis
577 822 830 866 anteferret.
908 822 1122 866 Relicuos
1168 822 1344 881 legatos
1389 831 1504 872 ea-4

77 918 182 992 dem
215 919 285 963 via
321 934 587 980 aggressus,
640 919 883 979 plerosque
929 919 1082 979 capit3
1126 917 1282 978 paucis
1329 917 1471 961 carior

74 1085 111 1118 p.
137 1073 195 1108 39.
215 1095 260 1100 —
283 1074 355 1108 Pro
380 1079 472 1116 tum,
504 1073 596 1118 quod
633 1084 752 1107 omnes
776 1073 874 1107 codd.
898 1073 1030 1106 habere
1053 1072 1234 1116 videntur,
1269 1071 1470 1115 scripsimus

75 1139 177 1177 tunc,
210 1138 248 1168 ut
279 1134 449 1168 sententia
485 1134 661 1177 postulat,
698 1145 805 1178 quum
847 1134 892 1168 ad
926 1138 1059 1167 certum
1091 1132 1271 1176 praeteriti
1304 1131 1470 1176 temporis

72 1199 240 1238 punctum
265 1194 482 1238 respiciatur.
507 1195 546 1227 V.
571 1195 616 1227 ad
648 1206 678 1228 c.
707 1195 747 1236 V,
772 1194 805 1227 1.
837 1198 872 1228 et
904 1195 989 1235 Vll,
1012 1193 1046 1227 ἑ.
1073 1193 1221 1234 XXXII,
1246 1192 1278 1226 l.
1302 1211 1348 1217 —
1376 1193 1469 1234 Quia

72 1260 169 1288 recte
192 1254 272 1288 inde
296 1266 317 1288 a
340 1255 477 1298 Popma
508 1257 542 1288 et
572 1254 723 1288 Grutero
749 1254 863 1288 editur
886 1266 948 1298 pro
972 1255 1050 1298 qui,
1085 1253 1176 1297 quod
1199 1252 1342 1296 plurimi
1366 1252 1467 1286 codd.

71 1317 208 1356 tenent;
242 1316 448 1349 confirmant
471 1319 588 1348 tamen
610 1319 764 1349 nostram
797 1314 1010 1358 scripturam
1031 1313 1159 1347 Nazar.
1192 1314 1273 1346 Bas.
1296 1313 1330 1346 1.
1357 1313 1465 1346 Fabr.

70 1375 106 1408 1.
131 1375 210 1408 Scn.
236 1375 269 1410 1.
293 1376 397 1410 Rem.
423 1376 456 1409 2.
485 1375 604 1408 Guelf.
629 1375 664 1410 3.
695 1374 791 1408 Leid.
816 1375 863 1409 H.
887 1376 915 1410 Ι.
941 1375 986 1408 Κ.
1012 1374 1052 1408 L.
1073 1374 1124 1407 Μ.
1149 1373 1191 1409 N.
1227 1372 1315 1406 Tur.
1340 1383 1388 1406 m.
1411 1384 1463 1415 pr.

70 1435 176 1468 Bern.
203 1435 236 1470 l.
259 1435 293 1469 3.
320 1437 392 1470 Erl.
417 1437 508 1481 Teg.
531 1435 649 1470 Berol.
675 1434 708 1468 2.
735 1439 768 1468 et
793 1435 912 1471 Goerl.
955 1435 1145 1480 Caussam,
1172 1444 1235 1467 cur
1259 1434 1342 1478 quia
1364 1444 1466 1476 prae-

70 1495 253 1529 ferendum
276 1495 343 1539 sit,
374 1501 467 1531 recte
500 1494 673 1540 perspeait
697 1495 852 1529 Gronov.
887 1495 924 1528 in
948 1495 1145 1544 Observatt.
1177 1494 1238 1537 IV,
1264 1494 1297 1528 5.
1325 1506 1359 1538 p.
1383 1493 1464 1528 563.

70 1556 124 1590 ed.
157 1556 250 1599 Lips.
297 1557 337 1590 In
361 1562 522 1600 promptu
547 1561 599 1589 est
621 1555 715 1589 enim
748 1555 804 1588 his
828 1555 943 1589 verbis
970 1566 1033 1588 non
1069 1554 1220 1588 describi
1254 1554 1386 1598 Opimii
1410 1554 1461 1587 in-

68 1615 233 1660 genium,
263 1619 302 1649 ut
336 1616 640 1658 antecedentibus,
673 1616 732 1649 sed
755 1616 928 1650 rationem
951 1615 1069 1658 reddi,
1104 1627 1165 1648 cur
1187 1615 1224 1648 iu
1249 1616 1379 1649 Senatu
1400 1626 1464 1659 po-

66 1681 142 1710 tens
157 1676 281 1719 fucrit.
311 1696 353 1701 —
378 1678 447 1711 Pro
480 1678 596 1710 consul
630 1676 667 1709 in
699 1675 872 1720 plerisque
901 1676 1002 1710 libris
1032 1676 1230 1709 scribarum
1261 1675 1465 1720 ignorantia

67 1736 161 1770 dedit
188 1736 382 1770 consulibus
390 1749 404 1776 ,-
426 1736 682 1770 nominativum
706 1740 823 1770 tamen
847 1739 989 1770 servant
1011 1736 1137 1770 Nazar.
1161 1737 1246 1770 Bas.
1265 1736 1298 1770 1.
1323 1737 1462 1770 Fabric.

67 1797 102 1831 1.
123 1796 156 1830 2.
187 1797 296 1832 Acad.
321 1797 395 1832 Erl.
419 1798 508 1842 Teg.
533 1801 568 1831 et
593 1797 715 1831 Goerl.
745 1816 790 1822 -—
827 1798 1017 1831 Victoriam
1035 1808 1191 1830 exercere
1218 1796 1341 1830 eodem
1357 1797 1462 1830 modo

66 1856 199 1891 dictum
224 1857 300 1892 Cat.
324 1857 520 1900 XXXVIII,
542 1857 576 1893 4.
600 1857 662 1890 ubi
679 1868 713 1890 v,
733 1854 814 1891 coll.
836 1858 1102 1892 Drakenborch.
1126 1858 1172 1891 ad
1190 1856 1341 1899 Livsl,
1360 1855 1462 1897 22⁴.

158 1919 192 1960 §-
216 1917 251 1951 3.
298 1918 334 1950 in
358 1918 519 1961 inimicis]
545 1918 597 1951 lta
616 1917 751 1961 scripsi,
778 1917 1024 1961 praeeuntibus
1043 1917 1151 1960 Bipp.
1174 1917 1324 1961 Langio,
1349 1917 1465 1949 Muel-

65 1978 139 2012 lero
164 1983 197 2012 et
219 1978 355 2020 Fabro,
389 1990 452 2021 pro
476 1978 623 2022 vulgato
649 1978 683 2009 in
709 1977 849 2018 amicis,
886 1978 978 2020 quod
1003 1976 1213 2010 Gerlachius
1237 1976 1273 2009 in
1296 1976 1350 2011 ed.
1376 1976 1459 2010 mai.

66 2037 228 2080 reliquit,
252 2037 288 2070 in
314 2038 519 2071 Commentt.
545 2049 580 2080 p.
603 2035 684 2070 239.
709 2042 748 2076 ut
770 2037 897 2070 falsum
921 2036 1113 2076 damnavit,
1135 2036 1171 2069 in
1196 2036 1249 2070 ed.
1272 2036 1462 2071 novissima

66 2101 184 2131 autem
207 2108 270 2140 pro
294 2096 492 2130 incredibili
512 2096 746 2130 inconstantia
769 2108 833 2130 sua
856 2109 974 2130 rursus
997 2096 1157 2140 repetiit,
1184 2097 1370 2130 Weissium
1395 2097 1461 2131 ha·

66 2158 150 2190 bens
170 2156 342 2190 acuminis
365 2156 511 2190 socium.
537 2156 607 2190 Sed
631 2157 691 2200 qui
715 2158 896 2201 sequentia
918 2160 1079 2190 accurate
1101 2157 1384 2198 consideraverit,
1407 2157 1460 2191 in-

67 2217 204 2261 teuigct
228 2216 411 2260 Opimium
439 2218 576 2250 Romae
608 2229 677 2250 non
711 2218 819 2251 fuisse
852 2217 1046 2262 Iugurthae
1077 2217 1251 2257 amicum3
1281 2229 1344 2250 cur
1367 2216 1460 2250 enim

65 2287 151 2320 opus
175 2275 298 2310 fuisset
325 2276 440 2310 dando
463 2282 496 2311 et
517 2278 745 2321 pollicitando
764 2279 874 2312 multa
892 2289 971 2311 eum
991 2276 1059 2311 sibi
1081 2276 1284 2323 adiungere,
1304 2277 1364 2321 qui
1388 2277 1459 2311 iam

65 2348 88 2372 a
112 2337 268 2382 partibus
290 2337 360 2370 suis
383 2337 513 2371 staret?
537 2338 725 2381 Ipsumque
744 2340 892 2382 perfecit
923 2339 1089 2379 verbum,
1122 2338 1184 2382 (de
1207 2337 1305 2371 cuius
1320 2338 1461 2382 propria

65 2397 103 2431 vi
127 2397 172 2432 cf.
196 2398 355 2441 Herzog.
383 2399 427 2431 ad
458 2397 562 2432 Catil.
586 2399 685 2439 XIV,
707 2398 741 2432 3.
770 2410 803 2441 p.
828 2398 906 2441 72)
939 2397 1111 2438 ostendit,
1150 2409 1220 2431 non
1252 2398 1326 2431 sine
1348 2399 1460 2432 multo

64 2458 186 2493 labore
210 2457 247 2491 id
270 2462 492 2491 consecutum
515 2469 588 2493 esse
611 2459 840 2502 Iugurtham,
876 2464 913 2493 ut
944 2457 1125 2502 Opimium
1153 2458 1221 2492 sibi
1245 2457 1458 2493 conciliaret.

63 2517 224 2561 Denique
255 2518 360 2551 etiam
395 2520 534 2552 tametsi
568 2519 741 2562 particula
773 2519 919 2553 eandem
944 2519 1153 2562 scripturam
1177 2519 1320 2559 suadet,
1349 2517 1457 2561 siqui-

65 2578 145 2612 dem
169 2578 321 2612 maxime
343 2578 378 2612 in
405 2577 447 2612 iis
471 2578 770 2614 enunciationibus
794 2579 1001 2614 concessivis
1025 2580 1141 2613 locum
1175 2578 1305 2620 habet,
1338 2577 1398 2611 ubi
1423 2577 1459 2610 id

63 2639 156 2683 quod
179 2638 433 2673 consectarium
458 2644 530 2679 est,
565 2639 714 2673 insolens
738 2651 812 2673 esse
835 2639 982 2682 dicitur,
1007 2646 1040 2673 et
1064 2639 1114 2681 ei,
1139 2638 1234 2682 quod
1257 2637 1458 2670 condi-:ione

64 2698 278 2743 continetur,
312 2699 412 2744 quasi
443 2706 635 2745 repugnat3
670 2711 701 2733 ν.
726 2700 938 2734 Rarus-horn.
965 2700 1124 2734 Granum.
1158 2699 1234 2732 Lat.
1261 2699 1293 2739 §.
1317 2697 1397 2740 191,
1424 2697 1456 2730 1.

132 2771 184 2814 11.
1149 2770 1177 2813 ἶ
