1630 3034
477 188 827 238 CATILINA.
885 191 1020 245 GAP.
1050 185 1158 235 Lm.
1411 196 1513 260 7283

125 309 382 368 attendere,
437 324 556 368 quae
599 324 670 354 res
725 317 933 354 maiume
985 314 1108 354 tanta
1154 308 1339 370 negotia
1381 310 1513 354 susti-

126 404 302 447 nuisset.
379 401 590 446 Sciebam
634 416 770 461 saepe
813 396 1002 448 numero
1043 417 1183 461 parva
1224 416 1361 445 manu
1407 411 1552 451 cum3

125 494 300 554 magnis
334 492 587 552 legionibus
631 492 829 538 hostium
866 492 1169 550 contendisse,
1202 506 1514 554 *cognoveram

125 585 274 645 parvis
296 585 448 644 “copiis
481 584 602 629 bella
637 591 765 646 gesta
799 600 903 630 cum
948 584 1173 645 opulentis
1210 584 1416 644 regibus,
1453 583 1513 631 ad

121 748 294 785 Romanis
316 751 512 796 ‘magnifica
546 751 634 795 slat,
665 750 724 787 his
747 751 940 786 contrarias
969 751 1073 797 plane
1095 762 1151 785 res
1174 749 1355 785 contineri.
1412 750 1513 794 Quae

122 811 162 842 ut
180 807 282 858 'inter
311 818 348 843 se
379 808 625 852 conciliarent,
659 809 804 853 qnidam
828 811 1015 844 voluerunt
1047 813 1126 844 ante
1149 808 1326 852 facundia
1359 807 1515 850 suppleri

121 865 300 914 etsi'seio,
334 863 428 910 iluod
451 877 557 910 quam
586 866 740 911 ineptum
771 867 818 902 sit
847 878 951 902 nemo
982 879 1053 901 non
1082 866 1186 900 videt.
1234 865 1395 900 Dahlius‘
1415 875 1513 907 vern,

119 921 304 956 Teucrum
326 926 483 967 secutus,
517 923 610 958 hanc
632 925 730 959 viam
753 925 852 967 iniit,
883 928 924 960 ut
947 925 996 958 ad
1019 925 1081 958 hoo
1104 923 1254 968 explicet
1277 923 1515 967 quamvis-vel

119 991 224 1024 quum
246 984 378 1024 tamen,
403 982 496 1025 quod
519 982 637 1026 ipsum
661 992 730 1016 non
753 982 917 1016 Latinum
941 986 1016 1024 est,
1039 992 1147 1026 quum
1171 981 1219 1014 ad
1236 981 1304 1014 'hoc
1327 978 1514 1024 copulandi

120 1035 268 1079 tantum,
293 1048 362 1072 non
387 1039 598 1072 concedendi
621 1039 695 1073 vim
717 1040 869 1082 habeat,
893 1051 926 1073 v.
951 1041 997 1075 ad
1021 1051 1053 1073 c.
1078 1039 1209 1079 xxxi,
1228 1037 1262 1072 8.
1296 1041 1330 1071 et
1353 1037 1513 1070 Draken-

119 1093 244 1128 horcht
270 1095 315 1128 ad
338 1095 415 1129 Liv.
436 1097 532 1137 XXI,
551 1095 608 1137 52,
625 1096 680 1131 10.
716 1097 811 1139 Quid
833 1096 989 1142 Langius
1020 1100 1138 1130 autem
1162 1094 1229 1128 sibi
1252 1094 1358 1135 velit,
1393 1105 1514 1128 omnes

119 1150 344 1186 difficultates
367 1153 522 1187 sublatas
545 1164 703 1191 censens,
726 1153 758 1187 si
785 1155 898 1198 fuisse
931 1153 1185 1195 „strictissimo
1224 1163 1326 1185 sensu
1348 1151 1513 1194 accipias,

113 1209 226 1252 fuisse
251 1209 452 1252 aliquando,
477 1222 546 1244 non
571 1210 723 1254 amplius
748 1214 858 1253 essc,“
881 1211 1040 1254 equidem
1064 1222 1132 1244 non
1154 1220 1330 1252 assequor.
1378 1208 1449 1242 Sed
1468 1219 1513 1241 ne

118 1265 176 1300 his
199 1267 399 1301 refellendis
430 1268 533 1301 multi
564 1267 692 1311 simus,
725 1268 911 1301 tenendum
935 1272 1004 1311 est,
1039 1279 1107 1301 non
1140 1267 1294 1301 diversas
1326 1266 1514 1300 sententIas

119 1333 143 1356 a
166 1322 336 1358 Sallustio
361 1325 530 1367 proferri,
567 1326 627 1358 sed
655 1325 804 1369 singulis
835 1325 929 1358 idem
952 1324 1158 1366 consilium,
1192 1324 1338 1358 eandem
1361 1328 1512 1356 mentem

119 1391 214 1422 esse,
240 1381 330 1414 hanc
353 1393 498 1425 nempe,
522 1386 562 1416 ut
586 1384 815 1423 demonstret,
848 1393 938 1425 quae
960 1383 1071 1427 vulgo
1095 1381 1347 1426 magnitudinis
1371 1392 1514 1416 caussae

117 1441 301 1480 putentur,
334 1449 376 1472 ea
399 1439 518 1473 omnia
541 1439 712 1473 Romanis
736 1439 901 1472 defuisse.
947 1439 1024 1474 Non
1049 1439 1228 1473 habebant
1250 1437 1344 1470 enim
1366 1448 1516 1482 magnos

118 1495 302 1536 exercitus,
328 1499 362 1528 et
383 1495 564 1539 copiarum
590 1497 674 1539 vim,
693 1508 761 1529 non
785 1500 953 1540 perpetua
976 1497 1140 1531 fortunae
1163 1495 1280 1539 gratia
1303 1495 1514 1539 gaudebant,

118 1551 180 1585 sed
211 1563 314 1596 saepe
346 1552 420 1586 eius
460 1552 665 1587 violentiam
699 1554 954 1596 toleraverant,
999 1564 1111 1597 neque
1150 1553 1372 1596 eloquentiae
1408 1551 1515 1585 laude

119 1609 276 1644 Graecos
300 1613 362 1644 aut
391 1609 478 1643 belli
501 1611 620 1655 gloria
645 1611 767 1645 Gallos
798 1612 1018 1656 aequabant3
1049 1611 1108 1644 sed
1131 1611 1260 1644 harum
1290 1621 1407 1643 rerum
1433 1609 1514 1644 loco

117 1666 290 1700 Romanis
313 1678 508 1710 paucorum
542 1668 676 1702 civium
698 1669 845 1713 egregia
867 1669 980 1703 vir-tus
1004 1667 1089 1709 fuit,
1125 1678 1216 1711 quae
1239 1667 1360 1701 omnia
1391 1670 1514 1710 patra-

117 1723 179 1757 vit.
229 1723 334 1757 Vides
371 1726 592 1768 praeclaram
636 1737 718 1760 sane
758 1726 830 1761 loci
870 1726 922 1763 ita
963 1725 1132 1760 intellecti
1172 1736 1248 1762 esse
1291 1723 1513 1766 sententiam,

117 1792 273 1825 veraque
295 1782 468 1817 brevitate
489 1783 674 1828 insignem.

210 1839 404 1883 legionibus
449 1840 624 1885 hostium]
673 1841 846 1886 Legiones
888 1840 1015 1877 latiore
1056 1839 1260 1886 significatu
1298 1838 1342 1873 de
1388 1837 1514 1882 quovis

117 1896 272 1930 exercitu
305 1896 412 1931 etiam
452 1897 604 1933 aliorum
636 1899 846 1943 populorum
889 1898 960 1932 dici
996 1897 1199 1932 observavit
1234 1896 1397 1939 Cottius,
1432 1896 1512 1929 coll.

116 1954 195 1998 lug.
223 1953 395 1997 LXXIX,
423 1954 458 1988 4.
496 1962 682 2000 postquam
722 1957 896 2001 utrimque
937 1956 1093 2000 legiones
1132 1958 1239 1999 fusae
1273 1956 1512 1998 fugataeque.

54 2038 62 2041 γ»
117 2009 196 2046 Liv.
222 2011 284 2053 ΠΙ,
304 2011 339 2052 3,
360 2011 396 2046 3.
430 2013 614 2045 exercitum
650 2018 685 2048 et
717 2015 871 2059 legiones
903 2014 1050 2048 hostium
1085 2013 1215 2047 adesse.
1244 2029 1292 2036 —-
1337 2011 1514 2044 Fortunae

117 2068 322 2102 violentiam
346 2079 415 2102 non
439 2079 520 2101 cum
553 2070 693 2114 Curtio,
718 2071 851 2105 Dahlio
885 2075 920 2104 et
952 2071 1102 2104 Miillero
1133 2071 1176 2103 de
1199 2067 1430 2103 seditionibus
1462 2066 1515 2100 ci-

119 2124 237 2166 vium,
270 2125 332 2158 sed
361 2126 603 2161 tantummodo
637 2129 682 2161 de
712 2128 893 2172 cladibus,
927 2128 1053 2171 quibus
1089 2127 1241 2170 respubl.
1274 2125 1371 2158 haud
1403 2125 1514 2162 semel

120 2180 371 2225 affligebatur,
428 2181 609 2227 intelligo,
656 2185 755 2218 velut
804 2194 915 2228 quum
955 2183 1053 2218 Galli
1105 2184 1231 2217 urbem
1272 2180 1515 2223 incendissent,

120 2237 282 2281 Pyrrhus
314 2240 349 2270 et
370 2237 552 2272 Hannibal
581 2241 836 2285 rempublicam
870 2241 907 2275 in
930 2251 1106 2276 summum
1139 2239 1325 2274 discrimen
1349 2238 1516 2273 adduxis-

121 2297 210 2336 sent,
233 2296 294 2328 aut
317 2304 433 2337 quum*
452 2294 586 2331 Cimbri
610 2303 644 2331 et
660 2298 837 2332 Teutones
861 2299 1092 2333 imminerent.
1144 2299 1335 2341 perperam
1357 2295 1514 2340 langius

121 2351 168 2387 ed
201 2350 266 2384 illa
300 2353 458 2394 tempora
491 2354 615 2397 respici
648 2360 769 2400 putat,
814 2356 939 2399 quibus
973 2357 1104 2391 Brutus
1134 2353 1369 2399 Tarquinium
1402 2364 1514 2398 regno

121 2408 290 2452 pelleret,
325 2412 386 2442 aut
409 2409 579 2445 Horatius
603 2412 724 2446 Cocles
756 2416 792 2446 et
820 2413 961 2447 Mucius
982 2413 1157 2451 Scaevola
1187 2412 1312 2447 urbem
1336 2411 1517 2445 obsidione

121 2466 337 2506 liberarent3
377 2465 467 2500 haec
501 2468 593 2502 enim
634 2470 796 2504 fortunae
837 2469 953 2513 potius
993 2470 1162 2506 beneficio
1193 2480 1300 2513 quam
1333 2467 1517 2512 iniquitate

122 2523 336 2559 acciderunt.
393 2522 464 2557 Sed
493 2525 642 2560 fortasse
677 2539 719 2561 eo
751 2528 871 2571 lapsus
901 2532 972 2570 est,
1006 2527 1100 2570 quod
1133 2527 1334 2560 violentiam
1365 2528 1516 2560 tolerare

122 2581 260 2625 putavit
284 2591 358 2613 esse
380 2581 563 2616 violentiae
588 2585 764 2626 resistcre,
797 2597 903 2628 quum
928 2584 1042 2629 potius
1065 2583 1109 2616 sit
1131 2584 1331 2617 violentiam
1356 2583 1514 2627 experiri.

124 2639 181 2673 Ad
211 2638 401 2672 dictionem
434 2644 515 2672 aute
551 2641 634 2685 aliq.
667 2653 738 2674 esse
778 2653 841 2685 pro
874 2653 1037 2686 superare
1069 2642 1152 2684 aliq.
1186 2641 1325 2674 Cottius
1366 2639 1514 2674 contulit

124 2695 239 2730 Tacit.
274 2695 383 2731 Histt.
415 2695 482 2736 lv,
519 2695 578 2730 55.
626 2698 797 2739 Classicus
838 2700 1018 2739 nobilitate
1058 2700 1243 2744 opibusque
1287 2702 1369 2736 unte
1413 2697 1512 2735 ulios.
