1630 3034
525 145 883 189 IUGURTHA.
918 145 1044 189 CAP.
1077 145 1204 189 LVII.
1434 151 1519 192 313

136 277 267 320 vere,
313 261 472 320 sudes,
516 263 631 323 pila,
679 266 914 322 praeterea
949 261 1054 322 pice
1102 268 1146 305 et
1176 260 1390 321 sulphure
1420 269 1519 308 tae—

136 359 241 403 dam
277 358 458 404 mixtam
507 358 678 404 ardenti
720 357 907 402 mittere.
979 357 1074 402 Sed
1108 373 1164 403 ne
1197 358 1296 402 illos
1326 359 1560 418 quidem,6

136 549 296 590 ardenti,·
324 549 361 584 in
391 549 534 583 Martia.
553 559 589 593 p.
606 549 732 593 picem
759 528 922 590 sulphure
947 550 990 581 et
1014 546 1128 581 taeda
1151 547 1296 581 mistam
1319 548 1466 584 ardenti
1475 563 1498 584 a
1507 563 1520 591 ;

134 608 172 642 in
195 609 274 643 aliis
295 614 413 643 autem
436 609 547 644 aliter.
594 608 663 642 Sed
686 618 804 640 omnes
835 607 909 639 sere
931 605 1204 651 discrepantiae,
1235 608 1292 641 vel
1315 607 1351 641 in
1375 611 1532 654 copulae.

134 669 224 710 loco,
249 670 306 703 vel
328 670 364 703 in
388 681 472 704 casu
494 670 681 703 verborum
703 669 798 713 pice,
821 669 965 702 taedam
988 673 1022 701 et
1046 668 1186 702 ardenti
1209 674 1406 711 cernuntur,
1433 671 1522 704 unde

133 729 310 772 probabili
344 730 541 764 coniectura
571 731 704 764 fontem
739 733 915 764 tantarum
947 728 1132 762 turbarum
1167 729 1315 762 assecuti
1348 730 1522 774 videmur,

133 801 220 833 quas
242 790 371 834 partim
395 803 476 825 casu
504 796 618 833 ortas,
653 790 778 834 partim
810 802 852 824 ex
883 788 1150 832 interpolatione
1181 790 1358 833 profectas
1386 790 1522 826 iudiea-

132 861 223 885 mus.
270 852 361 886 Nam
393 852 550 896 primum
573 852 700 895 copula
724 852 838 886 alieno
863 852 941 885 loco
972 853 1049 883 orta
1073 854 1123 882 est
1155 860 1198 883 ex
1223 850 1371 885 confinio
1396 864 1522 887 vocum

131 912 300 955 sulphure
323 913 486 953 taedam,
521 912 644 946 litteris
668 917 765 946 e—t
787 921 971 955 perperam
994 909 1172 950 conflatis;
1205 921 1273 953 quo
1298 913 1405 945 semel
1428 914 1521 948 facto

133 972 223 1005 nihil
246 972 315 1006 fuit
337 972 551 1016 proclivius,
585 984 691 1016 quam
714 976 753 1006 ut
777 978 810 1006 et
834 976 914 1005 ante
936 971 1099 1015 sulphure
1123 970 1361 1014 omitteretur,
1382 975 1461 1017 pice
1484 975 1520 1008 in

130 1033 258 1077 picem
281 1037 498 1077 mutaretur,
525 1034 667 1068 taedam
690 1036 805 1067 autem
829 1032 864 1065 in
889 1032 995 1066 taeda
1019 1031 1154 1071 abiret,
1190 1031 1257 1065 nisi
1281 1033 1372 1067 forte
1395 1035 1521 1069 ultima

131 1092 239 1127 huius
259 1093 357 1128 vocis
379 1094 496 1129 littera
519 1105 540 1128 a
564 1094 679 1138 prima.
701 1092 873 1137 sequentis
894 1092 1057 1126 vocabuli
1089 1091 1281 1135 intercepta
1304 1097 1367 1127 est.
1414 1095 1520 1128 Deni-

132 1164 200 1196 que
225 1153 387 1188 ardentia
411 1165 432 1188 a
454 1155 577 1188 scribis
600 1159 717 1189 ortum
747 1153 905 1195 videtur,
935 1151 996 1196 qui
1019 1154 1181 1195 putarent
1202 1153 1274 1186 hoc
1296 1154 1521 1199 participium

133 1212 240 1247 etiam
263 1214 307 1247 ad
331 1214 433 1248 sudes
468 1220 502 1249 et
531 1216 607 1259 pila
631 1215 852 1249 referendum
882 1224 977 1253 esse3
1005 1213 1096 1256 quod
1121 1212 1251 1246 falsum
1276 1224 1351 1247 esse
1374 1215 1524 1249 ostendit

130 1278 335 1318 praeterea,
366 1285 438 1319 qua
467 1286 554 1309 voce
587 1287 716 1309 novum
746 1275 888 1318 aliquod
921 1274 1095 1315 infertur,
1119 1284 1232 1316 neque
1254 1273 1289 1307 id
1312 1279 1522 1319 reputarunt

132 1334 287 1379 Langius
309 1339 345 1369 et
367 1336 576 1378 Muellerus,
610 1332 671 1380 qui
705 1336 830 1370 diserte
853 1339 994 1369 monent
1017 1335 1180 1368 ardentia
1214 1335 1259 1368 ad
1284 1335 1352 1368 tria
1375 1335 1437 1369 illa
1459 1348 1519 1369 su-

133 1395 205 1435 des,
226 1395 315 1440 pila,
339 1397 482 1429 taedam
505 1395 687 1440 pertinere.
735 1396 846 1430 Aliter
870 1397 1008 1430 Cottius
1027 1400 1060 1429 et
1082 1394 1303 1437 Gerlachius,
1327 1395 1387 1439 qui
1411 1398 1520 1439 verba

132 1455 182 1490 sie
213 1456 448 1499 scripserunt:
483 1467 520 1500 p.
554 1458 683 1500 picem
723 1458 887 1501 sulphure
926 1461 967 1490 et
999 1457 1117 1491 taeda
1152 1457 1295 1490 mixtam
1329 1457 1518 1499 ardentia,

132 1520 343 1560 postremam
365 1528 488 1551 vocem
513 1517 558 1550 ad
589 1518 723 1561 picem,
755 1518 899 1561 sulphur
930 1522 967 1551 ct
989 1517 1133 1551 taedam
1168 1517 1329 1557 trahunt,
1354 1518 1444 1560 quod
1467 1517 1520 1552 ita

132 1576 210 1611 fieri
232 1578 329 1611 nullo
352 1577 456 1611 modo
479 1581 612 1621 potest,
651 1577 817 1622 quoniam
854 1578 923 1611 duo
950 1578 1144 1622 posteriora
1167 1577 1341 1610 vocabula
1363 1588 1431 1611 non
1454 1589 1520 1622 pa-

131 1649 207 1671 rem
230 1639 400 1673 rationem
424 1649 504 1672 cum
529 1650 614 1673 voce
634 1640 747 1683 picem
768 1639 918 1682 habeut,
942 1639 1001 1672 sed
1022 1638 1262 1672 tantummodo
1286 1638 1330 1670 ad
1356 1648 1434 1671 eam
1459 1638 1520 1671 de—

130 1698 317 1733 finiendam
340 1699 470 1734 valent.
518 1700 705 1734 Praeterea
735 1699 771 1733 in
802 1700 870 1733 hac
892 1699 1064 1743 scriptura
1096 1700 1165 1733 hoc
1188 1698 1340 1732 maxime
1363 1698 1521 1741 offendit,

130 1759 224 1803 qnod
255 1760 331 1794 sola
362 1760 449 1803 picis
479 1759 624 1794 omissio
661 1771 729 1794 nou
761 1761 1027 1794 accommodata
1061 1765 1112 1794 est
1144 1758 1354 1793 defensionis
1378 1759 1517 1793 rationi.

131 1819 201 1854 Sed
224 1820 297 1854 alia
319 1832 374 1854 res
397 1825 470 1863 est,
501 1820 531 1854 si
562 1821 704 1854 taedam
728 1820 935 1864 primariam
961 1819 1214 1854 ennuciationis
1238 1830 1360 1853 vocem
1386 1819 1521 1861 feceris,

131 1880 259 1923 quippe
282 1890 352 1922 qua
383 1891 450 1913 non
481 1879 717 1925 significetur,
762 1885 800 1914 ut
837 1881 947 1914 Cortii
979 1881 1097 1925 opinio
1129 1884 1202 1921 est,
1233 1878 1383 1913 materia
1415 1879 1522 1913 facile

130 1941 311 1974 flammam
341 1940 559 1984 concipiens,
588 1952 659 1984 qua
686 1942 799 1975 ‘taeda
832 1942 964 1975 arbor
989 1941 1164 1981 abundat,
1199 1939 1366 1983 cuiusque
1389 1940 1520 1974 mentio

131 2005 184 2034 est
206 2001 298 2044 apud
322 2001 421 2034 Caes.
450 2002 493 2036 B.
520 2002 558 2034 C.
582 2001 626 2042 11,
651 2001 708 2041 ll,
735 2001 769 2034 2.
820 2001 933 2044 Cupas
956 1999 1102 2035 taeda
1127 2011 1170 2032 ac
1192 2000 1270 2043 pice
1294 2001 1447 2042 refertas
1469 2000 1518 2032 in·

132 2061 304 2102 cendunt,
339 2061 397 2094 sed
429 2061 634 2105 praegnanti
669 2072 770 2094 sensu
793 2071 903 2105 genus
928 2060 1104 2104 quoddam
1127 2060 1330 2101 missilium,
1355 2071 1397 2093 ex
1420 2061 1518 2105 ligno

133 2121 256 2155 taedae
279 2121 465 2154 factorum.
514 2121 616 2164 Quae
639 2131 746 2164 quum
771 2126 895 2164 suapte
918 2124 1042 2154 natura
1066 2119 1186 2154 facilia
1214 2125 1325 2154 essent
1348 2121 1392 2154 ad
1416 2132 1519 2154 exar-

130 2182 357 2223 descendum,
385 2186 460 2215 tum
483 2181 573 2214 haec
597 2181 650 2214 vis
675 2182 871 2227 augebatur
895 2182 1014 2214 addita
1036 2182 1110 2224 pice
1135 2185 1170 2214 et
1192 2181 1365 2223 sulphure,
1390 2181 1518 2224 quibus

133 2241 227 2275 illita
259 2246 293 2275 et
323 2241 462 2275 incensa
500 2242 746 2283 mittebantnr3
780 2242 814 2275 id
850 2242 944 2275 enim
975 2241 1195 2284 significatur
1226 2240 1342 2274 verbis
1374 2242 1452 2285 pice
1485 2246 1521 2275 et

132 2302 297 2345 sulphure
338 2303 481 2336 taedam
520 2304 709 2336 mixtam
745 2304 944 2336 ardenti.
998 2302 1051 2334 De
1083 2301 1330 2334 consuetudine
1365 2307 1519 2335 veterum

133 2362 207 2407 igni
231 2362 355 2396 missili
379 2363 496 2397 utendi
521 2365 568 2396 cf.
594 2364 670 2397 Liv.
695 2364 800 2405 XLll,
823 2363 882 2404 64,
905 2362 938 2396 3.
989 2362 1131 2395 Perseus
1149 2363 1285 2404 faces
1317 2363 1519 2396 taedam-

130 2435 213 2468 que
238 2428 272 2457 et
294 2425 470 2458 malleolos
494 2429 642 2468 stuppae
667 2426 772 2458 illitos
804 2425 880 2468 pice
910 2424 1032 2466 parari
1055 2423 1160 2456 iubet.
1192 2422 1287 2463 xxi,
1311 2421 1345 2464 8,
1370 2422 1425 2455 10.
1477 2422 1519 2455 101

132 2484 284 2527 (missile
315 2485 464 2528 telum),
496 2486 583 2519 sicut
617 2486 652 2519 in
682 2486 772 2529 pilo,
815 2484 1025 2529 quadratum
1061 2487 1187 2526 stuppa
1219 2483 1518 2527 circumligabant,

132 2546 351 2590 linebantque
380 2547 467 2588 pice.
528 2546 626 2587 Quod
659 2557 759 2590 quum
792 2545 943 2578 medium
978 2553 1156 2576 accensum
1191 2543 1404 2583 mitteretur,
1438 2554 1516 2576 con-

133 2611 336 2650 ceptumque
360 2606 434 2650 ipso
457 2610 551 2638 motu
576 2606 683 2639 multo
707 2607 872 2639 maiorem
898 2606 1014 2649 ignem
1034 2606 1167 2647 ferret,
1202 2615 1303 2637 arma
1327 2604 1440 2637 omitti
1463 2614 1517 2636 co·

131 2668 251 2710 gebat.
275 2667 467 2709 xxxvm,
491 2666 525 2707 6,
549 2665 582 2698 2.
611 2667 680 2700 Alii
704 2678 777 2699 cum
804 2666 1004 2699 ardentibus
1021 2662 1174 2708 facibus,
1202 2665 1264 2698 alii
1285 2669 1444 2708 stuppam
1463 2663 1517 2706 pi·

133 2739 270 2772 cemque
295 2732 329 2762 et
353 2727 528 2762 malleolos
554 2728 711 2770 ferentes
736 2728 918 2762 aduenere.
952 2725 1068 2761 Tacit.
1093 2725 1225 2760 Histor.
1257 2724 1303 2766 11,
1326 2724 1384 2758 21.
1433 2723 1517 2756 Am-
