1630 3034
151 213 235 254 154
491 210 537 251 C.
578 208 917 251 SALLUSTI
950 210 1180 253 CRISPI

148 325 348 377 habere3
393 330 514 368 tanta
557 325 737 369 saevitia
781 324 1080 370 feneratorum
1127 332 1264 385 atque
1307 327 1529 372 Praetoris

105 416 248 460 2fuit.
319 415 466 475 Saepe
509 417 700 460 maiores
743 423 966 471 vostrum,
1011 418 1192 462 miseriti
1235 419 1382 477 plebis
1428 420 1528 463 Ro-

148 523 323 562 manae,
358 507 548 553 decretis
583 508 670 552 suis
704 508 883 566 inopiae
915 508 1120 568 opitulati
1155 515 1268 568 sunt,
1303 524 1358 554 ac
1377 510 1530 554 novis-

146 651 301 684 nncz'ario
317 653 425 694 fenus
441 655 591 696 sactum.
623 652 672 689 id.
697 652 840 692 XXXV,
851 652 928 694 7‚1.
953 664 1056 697 quum
1078 654 1196 687 multis
1212 653 1413 697 senebribus
1437 653 1527 698 legi-

147 709 209 741 bus
244 710 426 742 constricta
457 711 611 744 avaritia
642 715 740 744 esset.
809 709 877 742 Sed
909 720 1037 753 parum
1066 709 1130 742 has
1161 710 1338 753 aliasque,
1373 720 1459 753 quas
1490 720 1526 743 v.

145 766 242 809 apud
271 766 392 811 Sigon.
417 767 460 800 de
483 767 589 810 antiq.
621 767 697 800 iure
721 766 787 801 civ,
812 766 916 800 Rom.
939 767 984 810 11,
1018 779 1048 800 c.
1079 767 1157 807 11.‚
1192 767 1238 801 ad
1268 767 1361 801 istud
1393 767 1529 812 malum

144 823 296 856 valuisse
319 835 361 857 ex
385 823 525 858 civitate
549 825 760 866 tollendum,
795 826 870 857 tum
893 836 935 857 ex
958 835 1082 858 earum
1114 828 1257 868 apparet
1290 824 1528 866 multitudine,

144 882 221 914 tum
245 892 287 914 ex
310 882 433 914 crebra
456 885 490 914 et
511 881 685 916 invidiosa
708 883 944 915 feneratorum
968 881 1319 923 commemoratione3
1350 893 1386 915 v.
1410 880 1526 914 Beier.

144 937 191 970 ad
216 937 288 972 Cic.
312 938 355 971 de
378 938 449 971 off.
467 939 495 981 1,
513 938 570 981 42,
590 940 669 973 150.
704 944 738 972 et
761 940 805 972 ad
829 939 874 981 11,
893 938 950 979 25,
969 938 1025 973 89.
1063 940 1179 982 Quam
1210 939 1349 983 perdita
1382 939 1529 973 istorum

144 995 254 1029 fuerit
283 996 450 1038 avaritia,
482 997 610 1040 quippe
641 996 701 1040 qui
740 996 955 1037 centesimis,
994 1006 1079 1039 quas
1118 995 1210 1039 ipsas
1241 997 1529 1042 sanguinolentas

144 1056 248 1087 vocat
272 1053 470 1087 Senecasde
492 1054 627 1087 Beneff.
646 1054 720 1095 vll,
741 1054 810 1094 10„
832 1065 899 1087 non
923 1052 1084 1093 contenti,
1108 1052 1232 1094 binas,
1258 1058 1397 1095 ternas,
1421 1053 1528 1086 adeo-

142 1121 211 1152 que
235 1110 376 1153 quinas,
401 1110 506 1152 capiti
530 1110 723 1154 detractas,
747 1111 946 1155 exigerent,
970 1111 1070 1144 docet
1092 1111 1217 1146 Horat.
1242 1111 1316 1146 Sat.
1342 1113 1368 1154 1,
1402 1112 1437 1153 2,
1469 1110 1526 1144 14.

142 1166 205 1200 ubi
227 1178 262 1199 v.
287 1167 469 1202 Heindorf.
495 1168 540 1203 cf.
565 1168 702 1202 Ernesti
726 1168 761 1202 in
785 1169 934 1212 Opuscc.
959 1168 1097 1211 philon.
1121 1171 1155 1202 et
1178 1168 1269 1203 critt.
1304 1181 1337 1214 p.
1368 1167 1425 1202 10.
1458 1167 1526 1200 Ed.

142 1224 256 1268 Lugd.
305 1225 358 1258 De
383 1225 473 1258 aeris
495 1225 602 1258 alieni
625 1226 696 1260 illis
719 1225 932 1268 temporibus
955 1225 1195 1270 magnitudine
1228 1237 1262 1260 v.
1287 1225 1359 1259 Cic.
1385 1225 1428 1258 de
1451 1223 1525 1258 Off.

142 1282 189 1322 11,
208 1281 266 1322 24,
289 1281 346 1315 84.
383 1281 506 1325 ibique
529 1283 647 1317 Beier.
676 1301 723 1308 —-
765 1283 927 1316 Liberum
950 1295 1070 1327 corpus
1100 1295 1149 1317 se.
1169 1295 1238 1317 non
1269 1284 1402 1316 habero
1443 1291 1528 1314 con-

142 1342 358 1382 queruntur,
392 1339 476 1382 quia
508 1341 568 1383 qui
601 1341 766 1374 solvendo
801 1340 953 1383 impares
982 1344 1082 1374 erant
1125 1341 1356 1374 creditoribus
1397 1337 1528 1372 servire

144 1396 336 1437 debebant3
359 1407 394 1430 v.
421 1396 496 1429 Liv.
516 1398 572 1438 vl,
588 1396 645 1438 34,
665 1397 697 1432 1.
723 1409 826 1441 quum
850 1399 922 1431 iam
946 1409 987 1431 ex
1007 1410 1046 1431 re
1069 1399 1156 1432 nihil
1180 1399 1258 1431 dari
1278 1401 1403 1442 posset,
1419 1398 1528 1439 sama

144 1457 179 1487 et
202 1465 351 1497 corpore,
376 1454 522 1488 iudicati
546 1459 579 1488 et
603 1455 756 1496 addicti,
781 1455 1005 1488 creditoribus
1027 1456 1300 1498 satisfaciebant.
1343 1454 1387 1489 cf.
1412 1453 1525 1497 Legg.

145 1511 211 1544 xil
242 1510 357 1544 Tabb.
391 1511 485 1554 apud
520 1512 612 1545 Gen.
639 1512 716 1553 XX,
743 1512 776 1547 l.
820 1512 925 1546 Tom.
953 1512 998 1546 11.
1031 1524 1065 1555 p.
1094 1513 1175 1546 290.
1201 1513 1263 1547 Ed.
1290 1511 1370 1555 Rip.
1425 1511 1528 1553 Quae

142 1567 276 1602 misera
302 1566 500 1600 debitorum
531 1568 687 1602 condicio
719 1579 932 1612 quamquam
963 1570 1061 1603 varie
1101 1569 1352 1614 mitigabatur,
1389 1579 1423 1601 v,
1446 1567 1526 1601 Liv.

142 1625 235 1666 vlu,
261 1623 319 1665 28,
353 1627 464 1666 extr.,
497 1625 627 1659 mansit
657 1629 773 1659 tamen
805 1626 1042 1669 aliquamdiu,
1066 1631 1104 1661 ut
1135 1627 1216 1660 nexi
1248 1629 1380 1668 essent,
1406 1628 1467 1658 aut
1489 1624 1527 1658 in

142 1682 283 1715 vincula
318 1682 548 1715 truderentur.
605 1682 751 1726 Quintil.
786 1684 945 1717 nectam.
974 1684 1032 1717 111.
1066 1685 1180 1718 Yalcr.
1213 1685 1308 1718 Max.
1338 1683 1394 1722 lv,
1426 1681 1461 1722 8,
1487 1681 1525 1716 3.

141 1740 252 1773 Οοιιτ.
270 1759 316 1764 ——-
347 1739 522 1772 Praetoris
544 1751 591 1773 sc.
619 1741 766 1781 urbani,
791 1740 850 1784 qui
875 1741 1011 1775 iudiciis
1035 1747 1212 1785 praeerat,
1245 1741 1448 1784 civibusque
1470 1739 1526 1775 ius

142 1797 300 1837 dicebat;
331 1797 378 1830 cf.
404 1796 540 1829 Ernesti
567 1795 600 1829 in
625 1798 723 1832 Clav.
748 1798 820 1831 Cic.
844 1798 881 1833 h.
907 1809 942 1832 v.
987 1800 1080 1832 Eum
1113 1800 1281 1833 divitibus
1312 1799 1407 1832 haud
1443 1807 1527 1831 ram

140 1854 283 1896 favisse,
305 1865 386 1887 aere
407 1857 525 1887 autem
549 1853 662 1888 alieno
692 1855 810 1899 inique
845 1856 970 1899 pressis
1002 1856 1116 1891 minus
1141 1858 1290 1891 fortasse
1321 1866 1427 1899 quam
1465 1854 1527 1887 dc-

140 1912 248 1945 bebat
271 1911 393 1945 auxilii
416 1912 547 1953 tulisse,
572 1922 640 1944 non
663 1917 715 1946 est
737 1913 828 1956 quod
851 1913 1011 1954 mireris3
1042 1924 1171 1957 magna
1195 1915 1288 1947 enim
1318 1911 1526 1958 pecunioso-

141 1980 221 2002 rum
244 1969 336 2012 apud
361 1979 479 2003 omnes
504 1969 641 2002 ordines
664 1970 802 2014 gratia!
833 1970 879 2003 cs.
895 1959 978 2005 Cic.
1003 1971 1046 2004 de
1070 1971 1142 2005 off.
1168 1972 1228 2014 111,
1248 1971 1306 2012 14,
1326 1971 1361 2008 2.

234 2029 265 2068 §-
291 2027 324 2062 2,
381 2029 527 2061 maiores
567 2028 742 2071 vostrum]
790 2026 920 2061 Omnes
965 2028 1039 2061 sere
1081 2029 1179 2068 codd,
1220 2034 1336 2070 tenent
1376 2029 1526 2062 maiores

140 2084 269 2124 nostri‚·
302 2084 453 2128 quinque
477 2086 716 2119 tantummodo
750 2086 833 2119 mai.
867 2086 998 2125 vestri,-
1029 2086 1087 2118 sed
1121 2091 1273 2120 vostrum
1303 2086 1524 2131 scribendum

142 2153 216 2174 esse
239 2147 334 2185 patet
357 2154 399 2178 ex
425 2142 542 2176 Gellio
560 2143 637 2184 XX,
657 2143 691 2177 6.
734 2142 835 2185 Quae
864 2142 913 2175 ibi
945 2147 1060 2176 tamen
1091 2143 1305 2186 Apollinaris
1336 2141 1524 2185 Sulpicius,

144 2199 251 2232 Gellii
274 2204 488 2243 praeceptor,
512 2200 555 2233 de
578 2211 641 2233 usu
665 2199 811 2243 genitivi
835 2200 981 2243 pluralis
1003 2204 1153 2232 uestrum
1177 2207 1211 2234 et
1234 2200 1340 2233 vestri
1359 2200 1525 2243 disputat,

142 2256 277 2290 duobus
315 2257 465 2302 insignia
498 2261 577 2291 sunt
618 2258 805 2291 erroribus.
871 2257 1010 2291 Primus
1044 2261 1115 2300 est,
1151 2258 1243 2301 quod
1285 2261 1404 2290 nostro
1445 2256 1523 2290 loco

142 2315 259 2355 vestri,
284 2315 375 2357 quod
399 2315 462 2348 alii
485 2316 702 2357 maluerunt,
726 2326 788 2358 pro
812 2315 968 2359 genitivo
998 2315 1129 2356 habet,
1165 2327 1274 2358 quum
1310 2319 1428 2358 aperte
1460 2323 1524 2347 no-
1553 2310 1556 2314 ’

143 2370 227 2403 min.
255 2372 345 2414 plur.
368 2371 423 2405 sit.
473 2373 568 2406 Tum
598 2372 739 2406 omnino
763 2374 892 2406 salsum
923 2376 994 2414 est,
1025 2372 1118 2415 quod
1149 2372 1323 2406 contendit
1352 2372 1462 2406 nostri
1488 2373 1524 2406 et

142 2429 249 2461 vestri
272 2429 445 2473 genitivos
469 2440 542 2463 csse
566 2430 712 2473 pluralis
743 2430 898 2472 numeri,
931 2440 1144 2473 quamquam
1176 2431 1265 2463 liae-c
1298 2428 1441 2473 opinio,
1475 2428 1523 2462 ab

142 2497 185 2519 eo
211 2485 289 2518 inde
313 2490 468 2529 tempore
489 2494 708 2531 propagata,
731 2499 775 2521 nc
799 2500 888 2521 nunc
912 2488 1069 2531 quidem,
1094 2492 1132 2521 ut
1156 2487 1226 2521 iun}
1251 2486 1387 2529 pridem
1417 2486 1524 2519 debo-

142 2543 216 2582 but,
240 2544 384 2587 explosa
407 2548 470 2585 est,
495 2545 553 2577 sed
578 2556 709 2585 omncs,
735 2545 841 2579 ctimu
865 2545 1177 2590 praestantissimus
1201 2544 1354 2587 Zumptii
1388 2546 1440 2587 (§.
1463 2541 1520 2577 35.

142 2612 175 2644 p.
197 2601 295 2644 112.)
321 2605 354 2635 et
378 2601 603 2635 Rumshornii
628 2603 676 2644 (5.
694 2602 751 2636 46.
776 2614 810 2646 p.
832 2603 889 2638 78.
914 2607 948 2637 et
971 2605 1001 2645 5.
1032 2601 1113 2643 158,
1134 2602 1167 2636 3.
1204 2614 1237 2646 p.
1266 2601 1367 2644 338.)
1400 2612 1523 2646 gram-

142 2659 290 2693 maticas
333 2659 476 2693 obsidet.
536 2659 595 2693 Isti
627 2659 720 2693 enim
751 2660 897 2705 genitivi
936 2672 1003 2694 nou
1034 2660 1203 2703 pluralis,
1239 2661 1299 2693 sod
1334 2658 1524 2705 singularis

142 2716 277 2752 numeri
300 2721 388 2760 sunt,
412 2717 687 2763 descenduntque
710 2729 733 2754 a
753 2723 876 2755 neutro
902 2718 1145 2764 pronominum
1168 2717 1453 2763 possessivorum,
1479 2727 1522 2753 ex
