1630 3034
394 110 566 151 RERUM
595 109 658 150 AG
688 106 963 150 VERBORUM
1313 109 1368 150 73

0 221 131 262 ἳερειὶεἱο
144 221 320 253 substantivi
337 221 377 254 ad
395 221 479 263 quod
495 221 675 254 relativum
691 221 848 260 refertur,
867 218 907 254 C.
930 220 984 258 51,
1003 221 1057 253 40.

0 276 130 318 ‘Repetitio
144 277 266 316 verbi,
285 277 369 319 quod
387 277 420 309 in
437 277 582 309 secundo
600 276 742 310 membro
756 281 910 318 negatur,
936 275 960 308 Ι.
980 275 1035 315 85,
1054 275 1110 309 38.

0 332 131 374 ‘Repetitio
145 332 291 364 eiusdem
308 332 461 365 vocabuli
480 342 542 364 non
560 333 682 365 vitiosa
701 337 771 372 est,
808 331 843 365 C.
863 331 896 371 9,
922 333 955 365 4.
1004 330 1059 371 48,
1082 330 1114 364 7.
1164 332 1218 371 52,
1237 332 1291 365 28.
1341 333 1364 365 1.

84 387 140 428 46,
159 389 190 420 5.
933 387 936 391 ”

0 454 130 495 ‘Repetitio
145 455 276 486 eiusdem
291 455 459 495 particulae
475 455 558 487 vitio
572 459 676 492 caret,
724 451 764 486 C.
786 453 841 493 31,
861 455 892 486 5.
942 454 997 493 52,
1014 453 1067 486 17.

0 509 150 551 Repeticiae
166 511 273 541 iisdem
286 511 383 542 verbis
400 512 562 542 sententiae
577 520 596 542 a
613 509 772 543 Sallustio
789 510 872 553 ipsu,
891 509 1011 542 scribis
1029 519 1092 541 non
1110 514 1187 542 sunt
1204 510 1367 552 imputan-

82 565 156 604 dae,
181 564 206 597 Ι.
225 564 281 604 80,
300 567 330 598 5.

0 619 179 674 Repetundae
196 636 230 664 et
243 633 388 673 pecuniae
404 633 584 673 repetundae
602 633 714 665 eodem
732 642 833 665 sensu
850 632 983 672 dictum,
1003 629 1042 665 C.
1058 632 1112 669 49,
1132 633 1162 664 2.

0 688 44 720 tes
60 688 117 720 ubi
135 687 301 729 significet
318 689 476 728 civilatem,
496 687 531 720 C.
552 687 583 726 6,
603 688 634 720 3.

0 756 43 787 ies
59 754 256 788 vocabulum
271 759 452 798 usurpatur
468 755 509 786 ad
525 755 858 787 circumscribendum
876 760 1025 788 neutrum
1043 756 1200 788 adiectivi
1220 755 1274 787 vel
1291 765 1367 797 pro—

87 811 238 850 nominis,
259 806 298 843 C.
320 811 373 850 18,
389 810 421 843 8.
471 809 526 848 40,
545 811 576 842 4.
626 810 651 842 Ι.
671 810 726 850 41,
746 810 775 842 1.

0 877 48 908 iles
62 881 98 909 et
113 887 182 918 spes
199 878 456 919 coniunguntur,
484 872 526 909 C.
544 875 600 915 20,
621 875 678 909 13.
878 921 882 924 ι

0 932 44 964 tes
59 933 209 976 personis
227 937 434 977 comparatae
449 933 505 965 vel
522 932 703 975 oppositae,
732 931 766 965 C.
788 933 843 973 51,
864 933 916 966 14.

0 988 45 1020 'les
61 989 174 1021 verbis
191 989 247 1021 vel
265 989 407 1022 orationi
424 989 606 1031 oppositae,
626 985 667 1021 C.
687 989 742 1029 52,
761 988 814 1022 35.
864 988 889 1021 1.
910 989 964 1027 48,
985 989 1014 1021 1.

0 1044 45 1076 ‘les
63 1050 97 1078 et
111 1046 184 1085 fides
203 1046 391 1084 coniuncta,
416 1044 441 1078 I.
462 1043 516 1083 73,
535 1043 566 1076 6.

0 1101 45 1132 ies
61 1105 174 1141 gestae,
189 1102 223 1134 vi
235 1102 334 1133 unius
352 1101 555 1133 substantivi
574 1100 708 1139 dictum,
734 1100 757 1132 1.
779 1099 833 1139 30,
853 1100 884 1132 1.

0 1157 60 1188 siem
75 1167 176 1197 gerere
193 1157 214 1189 i.
235 1167 265 1199 q.
285 1157 454 1196 dimicare,
475 1153 515 1189 C.
537 1155 592 1195 60,
609 1155 641 1189 2.

0 1211 26 1244 [n
43 1222 118 1253 rem,
138 1213 174 1244 ab
191 1223 265 1252 rem,
285 1223 322 1245 ecc
336 1223 380 1252 re,
408 1209 448 1245 C.
468 1211 523 1251 20,
545 1211 576 1244 1.

0 1268 169 1310 Respublica
183 1268 217 1300 in
235 1268 328 1300 codd.
349 1269 564 1311 depravatum
582 1268 614 1299 in
629 1276 702 1308 pop.
722 1267 820 1305 Rom„
839 1266 863 1299 1.
883 1266 939 1307 30,
959 1267 989 1299 3.

0 1320 214 1365 seempaincam
226 1325 298 1356 bene
314 1334 427 1365 yerere,
445 1323 470 1356 I.
491 1322 566 1362 100,
588 1324 618 1355 5.

0 1380 166 1412 ‘Rescindere
183 1381 205 1412 i.
226 1389 256 1423 q.
278 1380 425 1419 abolere,
451 1378 475 1411 I.
498 1378 551 1417 11,
570 1380 601 1411 5.

0 1435 180 1477 Respondere
195 1437 360 1479 proprium
377 1435 514 1468 verbum
532 1434 571 1466 de
589 1434 834 1477 haruspicibus,
862 1431 902 1467 C.
921 1433 976 1473 47,
995 1434 1027 1466 2.

0 1491 152 1533 Respondit
166 1492 303 1524 verbum
321 1492 377 1523 ubi
391 1491 511 1523 abesse
528 1490 645 1533 possit,
672 1489 707 1523 C.
727 1490 783 1529 34,
801 1489 830 1523 1.
881 1489 906 1523 1.
935 1488 1012 1528 102,
1032 1489 1084 1523 12.
1137 1489 1212 1521 109.
1234 1489 1261 1521 1.

0 1547 146 1589 Responsa
160 1547 283 1589 legatis
300 1548 444 1579 hostium
461 1547 492 1577 in
510 1547 634 1578 consilio
652 1546 741 1586 data,
759 1545 783 1578 1.
803 1545 859 1585 46,
876 1546 908 1578 4.

0 1603 122 1635 Reticere
141 1603 219 1645 quid
236 1602 369 1635 differat
385 1612 405 1634 a
422 1607 531 1641 taoere,
555 1601 581 1634 Ι.
600 1601 656 1641 85,
670 1601 725 1635 26.

0 1658 123 1691 ‘cecinere
140 1658 322 1701 oppositum
338 1658 440 1690 verbo
458 1657 652 1697 amittere,.l.
672 1657 727 1696 31,
750 1655 803 1689 17.

0 1715 123 1746 Retinere
141 1719 175 1747 et
191 1715 340 1746 continere
358 1713 507 1752 confusa,
533 1712 557 1745 Ι.
577 1711 632 1751 41,
650 1712 683 1746 2.

0 1770 148 1802 Retrahere
161 1771 293 1811 aliquem
311 1781 348 1802 ex
361 1772 446 1810 fuya,
474 1767 510 1801 C.
529 1766 585 1807 47,
604 1768 636 1800 4.

0 1826 174 1858 Rhodiorum
190 1836 263 1858 cum
278 1825 430 1859 Romanis
448 1824 647 1862 simultates,
674 1821 714 1855 C.
736 1823 790 1861 51,
809 1824 839 1854 5.

0 1882 127 1922 [rhythmi
143 1882 364 1924 quaesitiores
390 1880 474 1922 apud
491 1879 572 1912 Sall.
594 1888 614 1911 a
631 1878 835 1921 Quintiliano
852 1879 1045 1921 vituperati,
1074 1878 1096 1909 1.
1120 1878 1149 1914 1,
1173 1878 1200 1909 1.

0 1937 108 1978 Rogare
124 1938 330 1977 maqislralus,
350 1935 374 1968 1.
394 1934 451 1974 29,
469 1933 500 1966 6.

0 1992 116 2034 Royatio
137 1993 158 2025 i.
180 2001 209 2034 q.
230 1991 297 2032 lex,
315 1991 339 2024 Ι.
360 1990 416 2030 32,
436 1991 465 2022 5.

0 2048 118 2088 Roqalio
135 2047 282 2087 Mamilia,
308 2046 333 2079 I.
348 2045 404 2085 40,
425 2045 453 2078 1.

0 2103 128 2135 Romana
144 2104 216 2135 urbs
233 2113 289 2146 pro
306 2103 377 2134 urbs
395 2102 498 2140 Roma,
525 2099 560 2133 C.
583 2100 636 2140 18,
654 2102 685 2133 8.

0 2159 143 2191 Romanus
157 2159 179 2191 i.
199 2169 230 2201 q.
251 2160 312 2190 dua:
327 2158 501 2196 Romanus,
519 2155 544 2188 1.
560 2155 615 2195 81,
635 2156 666 2189 3.

0 2215 195 2246 Romanorum
210 2215 372 2247 adversus
390 2217 545 2245 externos
562 2222 660 2253 reges
677 2211 844 2254 superbia,
871 2212 895 2245 1.
916 2212 992 2252 102,
1012 2214 1044 2246 3.

0 2270 195 2302 Romanorum
209 2271 408 2301 institutorum
424 2267 587 2300 vocabula
609 2268 707 2300 etiam
731 2268 771 2300 de
789 2269 936 2301 externis
961 2268 1116 2309 gentibus
1133 2272 1304 2311 usurpata,
1324 2266 1364 2301 C.

87 2325 142 2365 53,
161 2325 192 2358 3.
241 2325 266 2358 1.
285 2325 342 2364 49,
358 2325 390 2359 2.
441 2323 496 2364 65,
517 2323 546 2356 1.

0 2392 91 2424 Ruina
105 2393 288 2433 restinyuere
303 2401 366 2434 quo
385 2401 487 2424 sensu
504 2391 638 2429 dietum,
664 2386 704 2422 C.
724 2389 778 2429 31,
798 2390 829 2423 9.

0 2447 100 2488 Rufus,
117 2457 181 2480 non
199 2447 284 2487 Ruso,
303 2457 481 2489 cognomen
496 2446 657 2479 Octaviae
671 2446 793 2487 gentis,
819 2445 843 2478 Ι.
865 2446 941 2484 104,
968 2447 997 2479 3.

0 2503 106 2535 Rursus
123 2508 158 2535 et
171 2513 292 2534 rursum
308 2503 329 2535 i.
350 2513 380 2544 q.
401 2506 528 2540 contra,
548 2500 582 2533 C.
604 2501 658 2539 53,
677 2502 708 2533 5.
757 2500 782 2533 Ι.
803 2500 858 2539 69,
878 2501 908 2534 1.

0 2558 107 2590 Rursus
123 2558 236 2590 verbis
254 2568 325 2591 cum
342 2568 374 2590 re
389 2557 576 2600 compositis
594 2556 799 2598 pleonastice
823 2556 982 2593 additum,
1003 2556 1037 2589 C.
1060 2556 1112 2595 18,
1132 2558 1162 2588 6.
1215 2557 1269 2594 32,
1291 2557 1320 2590 1.

0 2613 139 2652 Rutilius,
156 2611 282 2646 Metelli
301 2613 443 2654 legatus,
462 2613 535 2654 quis
554 2610 654 2645 fuer=0
685 2611 706 2643 ¹.
727 2611 780 2641 50.
802 2612 830 2644 1.
