1630 3034
432 159 791 204 IUGURTHA.
852 161 977 204 GAP.
1007 126 1177 205 XLIV.⁴
1390 167 1475 208 253

99 277 227 323 clade
275 278 528 337 perculsus,
566 281 827 337 'postquam
876 277 1137 322 decreverat
1180 293 1269 322 non
1314 280 1474 339 egredi

45 367 49 369 ¹
96 374 351 434 provincia,
394 380 608 434 quantum
649 374 862 434 temporis
905 375 1170 418 aestivorum
1203 375 1248 418 in
1282 375 1472 435 imperio

96 472 179 516 fuit
218 472 483 531 plerumque
525 471 683 514 milites
727 471 888 514 stativis
935 472 1086 515 castris
1130 471 1345 523 habebat,
1394 473 1474 517 nisi

95 583 233 626 quum
279 567 391 611 odos
438 573 514 611 aut
558 565 713 626 pabuli
760 572 934 626 egestas
970 567 1119 612 locum
1155 575 1328 612 mutare
1364 569 1472 613 sub-

93 671 262 725 egerat.
331 663 426 708 Sed
469 678 617 722 neque
664 663 976 708 muniebantur
1023 680 1099 722 ea,
1154 680 1301 723 neque
1344 667 1505 710 more5

92 810 162 844 tius
183 821 250 844 uno
273 809 350 843 loco
373 811 465 851 fixa3
500 821 534 845 V.
560 810 656 853 Lips.
683 811 725 845 de
748 811 856 845 Milit.
881 811 986 845 Rom.
1011 812 1058 853 V,
1086 811 1119 845 1.
1154 810 1274 847 navis.
1305 812 1349 844 ad
1374 812 1472 849 Caes,

90 870 135 907 B.
159 871 196 904 C.
222 871 292 912 Ill,
314 870 379 914 37,
405 870 437 904 1.
461 870 538 907 Liv.
561 872 683 914 XXII,
707 870 750 915 9,
774 872 806 905 4.
833 873 1008 914 xxxvn,
1032 872 1089 914 33,
1114 872 1146 906 4.
1181 873 1294 915 Saepe
1318 871 1353 904 in
1377 871 1472 904 diur-

90 943 188 973 num,
198 936 238 966 ut
259 933 328 965 hcc
349 933 440 974 loco,
465 935 600 976 tempus
618 932 717 975 quasi
740 932 968 967 hibernacula
992 932 1186 975 aedificata,
1212 937 1245 966 et
1268 931 1347 965 inde
1370 943 1472 964 man-

90 993 203 1026 siones
235 991 345 1032 dicta3
379 1002 416 1026 v,
442 991 614 1025 stewech.
638 993 676 1026 in
700 994 811 1038 Veget
845 994 917 1034 ΠΙ,
942 994 974 1027 3.
1009 995 1120 1027 Cowr.
1145 995 1254 1027 Plura
1279 993 1359 1026 vide
1380 992 1472 1036 apud

90 1052 354 1086 Drakenborch.
379 1052 424 1086 ad
450 1052 524 1086 Liv.
547 1053 616 1094 lll,
640 1053 682 1095 2,
707 1054 740 1087 1.
764 1074 810 1079 -—
847 1055 958 1096 Quum
986 1058 1148 1098 coegerat
1181 1054 1232 1087 ita
1257 1053 1386 1086 dictum
1408 1056 1470 1094 est,

90 1117 130 1147 ut
150 1111 366 1157 significetur
386 1112 547 1156 repetitio
572 1113 726 1148 eiusdem
746 1114 796 1148 rei
814 1115 951 1158 saepius
970 1115 1083 1156 facta3
1108 1126 1141 1150 v.
1153 1115 1293 1157 Zumpt.
1310 1113 1471 1147 Gramm.

91 1174 169 1208 Lat.
193 1175 226 1216 ἓ.
251 1173 318 1215 78,
342 1171 401 1206 11.
424 1185 455 1216 p.
474 1172 554 1207 422.
580 1173 632 1207 ed.
659 1174 716 1209 IV.

139 1267 142 1269 Α
181 1232 264 1276 5.,5.
287 1245 396 1277 neque
414 1233 656 1268 muniebantur
674 1236 730 1279 ea]
756 1236 853 1270 Haec
877 1235 986 1269 verba
1009 1235 1044 1269 in
1070 1234 1230 1269 omnibus
1246 1244 1354 1278 paene
1372 1233 1470 1268 codd.

89 1295 231 1338 desunt,
261 1305 372 1338 neque
403 1293 439 1327 in
468 1293 678 1328 editionibus
705 1295 771 1328 nisi
796 1295 831 1328 in
855 1296 894 1330 C.
919 1297 1073 1339 Popmae
1096 1297 1272 1340 leguntur.
1320 1295 1354 1328 Is
1377 1294 1470 1328 enim

87 1352 221 1396 primus
253 1353 288 1389 in
322 1356 454 1388 textum
484 1353 604 1388 intulit
638 1367 679 1388 ex
713 1355 855 1399 antiquo
885 1357 1036 1398 quodam
1061 1357 1138 1390 cod.
1163 1368 1245 1396 suo,
1271 1355 1327 1389 cui
1351 1360 1471 1399 postea

87 1413 231 1460 accessit
254 1413 349 1447 Leid.
366 1415 411 1448 G.
461 1415 561 1458 Quae
583 1416 711 1460 exigua
735 1415 923 1450 auctoritas
948 1417 1107 1460 quamvis
1131 1417 1232 1451 istam
1257 1415 1468 1459 scripturam

86 1478 282 1519 suspectam
304 1475 448 1510 reddere
478 1476 604 1518 possit,
639 1479 754 1509 tumen
778 1475 922 1510 internis
942 1488 1052 1521 aeque
1076 1482 1180 1521 atque
1202 1475 1349 1510 externis
1375 1476 1469 1510 veri-

87 1534 168 1569 tatis
191 1535 414 1583 ,documentis
448 1536 580 1570 nititur.
628 1536 719 1570 Num
750 1536 902 1579 primum
937 1537 974 1571 iu
1003 1539 1149 1583 vulgata
1183 1536 1326 1570 offendit
1359 1547 1468 1581 neque

84 1594 280 1638 particula,
305 1595 340 1629 in
360 1597 476 1631 media
500 1596 655 1630 oratione
677 1596 728 1631 ita
751 1597 887 1640 posita,
913 1602 951 1642 ut
976 1599 1089 1633 altera
1113 1599 1239 1642 copula
1264 1597 1296 1630 ei
1321 1608 1389 1630 non
1411 1609 1468 1630 re-

85 1655 269 1698 spondeat,
303 1656 360 1689 cui
393 1656 614 1691 incommodo
645 1669 714 1691 non
737 1659 894 1692 medetur
919 1659 1099 1693 Gerlachii
1123 1659 1327 1702 explicatio,
1357 1670 1467 1703 neque

84 1726 150 1759 pro
174 1727 242 1756 non
263 1715 395 1750 dictum
426 1729 501 1752 esse
524 1719 702 1752 censentis.
748 1718 848 1753 Licet
880 1719 973 1753 enim
1002 1719 1197 1764 antiquiore
1227 1723 1384 1763 tempore
1406 1731 1467 1753 nec

83 1774 175 1810 idem
199 1777 331 1810 valeret
354 1783 457 1821 atque
480 1791 568 1820 non,
601 1783 638 1813 ut
669 1780 850 1813 ostendunt
879 1780 1070 1823 composita
1092 1781 1264 1813 vocabula
1287 1781 1467 1825 negotium

84 1836 289 1881 (necotium)
315 1842 350 1872 et
372 1840 617 1883 necopinum&
652 1845 768 1874 tamen
791 1840 858 1874 iste
882 1841 1074 1884 particulae
1097 1853 1179 1874 usus
1203 1841 1295 1884 apud
1319 1841 1466 1885 scripto-

81 1907 148 1936 res*
162 1908 290 1931 aureae
310 1899 434 1932 aetatis
457 1900 558 1933 valde
580 1905 759 1944 suspectus
782 1905 842 1935 aut
857 1905 950 1935 certe
969 1901 1153 1935 artissimis
1168 1901 1295 1935 finibus
1314 1901 1465 1935 circum·

82 1958 315 2007 scriptu5'2est.
345 1960 390 1993 cf.
415 1960 521 1994 etiam
546 1961 589 1993 ad
613 1972 643 1993 c.
670 1961 858 2003 Lxxxlv,
882 1961 916 1995 3.
963 1961 1015 1994 Ad
1038 1962 1108 1994 hoc
1135 1961 1272 1995 etiamsi
1296 1962 1465 1995 concedas

83 2030 151 2051 non
174 2017 320 2061 simplex
342 2020 377 2054 h.
402 2021 427 2061 1.
456 2021 600 2061 haberi‚
625 2020 730 2054 simul
754 2022 1007 2055 concedendum
1030 2027 1081 2056 est
1107 2023 1303 2055 universam
1328 2027 1465 2056 seuten-

83 2078 156 2112 tiae
174 2067 488 2124 'conl'ormationem
512 2084 547 2114 et
569 2091 696 2114 nexum
719 2093 797 2114 cum
822 2083 1101 2116 antecedentibus
1123 2083 1279 2116 ieiunum
1293 2109 1302 2124 ,
1328 2087 1465 2116 contor-

82 2142 165 2181 tumv
182 2143 217 2182 ⁰¹¹2
241 2150 262 2172 a
288 2139 446 2181 Sallustii
468 2140 712 2174 consuetudine
735 2141 888 2176 alienum
912 2155 1004 2185 esee3
1037 2154 1149 2186 neque
1179 2153 1342 2186 perversa
1375 2143 1464 2177 haec

82 2199 174 2234 ratio
195 2199 328 2234 tollitur
351 2200 381 2234 si
405 2200 481 2244 quis
503 2200 597 2244 dicat
619 2212 681 2234 nec
704 2213 767 2245 pro
791 2213 834 2236 ne
851 2203 988 2247 quidem
1012 2203 1161 2246 positum
1186 2214 1270 2244 esse,
1295 2203 1386 2246 quod
1411 2203 1462 2236 in-

81 2261 219 2294 terdum
241 2259 319 2293 fieri
342 2260 542 2295 observavit
564 2261 710 2298 Beierus
731 2265 778 2297 ad
801 2263 872 2297 Cic.
902 2264 944 2298 de
967 2264 1037 2297 Oss'.
1062 2263 1098 2305 1,
1123 2262 1188 2304 45,
1214 2263 1294 2297 159.
1326 2275 1360 2307 p.
1379 2264 1460 2298 312.

82 2321 128 2354 cf.
152 2320 245 2354 Cort.
269 2332 374 2364 supra
397 2321 442 2355 ad
465 2333 496 2355 c.
520 2322 647 2362 xxm,
665 2323 698 2356 3.
723 2323 854 2358 Duker.
879 2325 922 2358 ad
947 2325 1041 2358 Flor.
1064 2325 1109 2366 11,
1133 2323 1167 2364 8,
1192 2323 1249 2357 12.
1273 2324 1461 2358 Praeterea

82 2381 113 2416 si
130 2381 346 2424 reputaveris
372 2394 403 2416 c.
424 2382 527 2423 XLV,
542 2382 586 2420 Γ2.
609 2381 643 2415 in
670 2382 712 2416 iis
735 2384 848 2427 rebus,
875 2375 1000 2428 quibus
1020 2386 1182 2419 Metellus
1204 2384 1330 2418 delicta
1343 2385 1462 2419 Albini

43 2451 55 2461 “
81 2453 246 2491 reparare
265 2441 456 2486 studuerit,
486 2441 620 2476 disertis
644 2443 759 2476 verbis
782 2445 971 2478 memorari
992 2456 1073 2478 eum
1097 2449 1213 2478 castra
1238 2446 1331 2478 vallo
1355 2451 1461 2490 atque

77 2504 175 2545 fossa
190 2503 374 2537 munivisse
395 2514 437 2538 ac
458 2504 599 2547 vigilias
621 2504 757 2538 crebras
775 2505 946 2547 posuisse,
979 2516 1062 2538 sane
1085 2509 1257 2550 exspectes
1281 2510 1460 2540 auctorem

82 2561 118 2597 in
136 2562 361 2609 describenda
383 2562 568 2606 disciplina
590 2575 730 2607 prorsus
753 2565 868 2599 soluta
889 2577 957 2599 non
980 2565 1155 2608 omisisse,
1179 2567 1269 2609 quod
1292 2566 1460 2611 gravissi-

82 2617 177 2656 nium
201 2623 308 2658 moris
329 2623 582 2667 corruptissimi
606 2624 851 2659 documentum
876 2631 980 2667 esset;
1004 2638 1085 2660 nam
1104 2632 1220 2661 castra
1239 2638 1305 2659 non
1324 2627 1457 2661 munire

83 2681 176 2725 haud
198 2683 302 2717 dubie
317 2683 462 2728 gravius
485 2688 560 2719 erat
583 2689 617 2719 et
639 2684 865 2729 flagitiosius,
888 2696 993 2728 quam
1016 2686 1159 2730 vigilias
1177 2698 1245 2719 non
1267 2687 1433 2721 deducere
1441 2699 1456 2728 ‚·

81 2751 116 2774 v·
140 2742 183 2776 ad
206 2755 236 2777 c.
261 2744 385 2786 XCIX,
402 2743 436 2778 l.
471 2743 571 2789 Quae
594 2756 703 2789 quum
725 2744 774 2780 ita
795 2745 884 2788 siut,
907 2746 978 2780 iam
1002 2757 1064 2790 per
1081 2757 1124 2780 se
1146 2746 1246 2780 valde
1270 2747 1452 2790 probabile
