1630 3034
418 138 764 182 CATILINA.
814 138 952 182 GAP.
980 137 1137 181 XVIII.
1416 143 1475 184 87

88 253 336 314 prohibiti-J
372 261 467 300 erat
503 254 782 305 consulatum
814 260 987 314 petere,
1023 254 1148 313 quod
1183 254 1296 298 intra
1330 255 1472 314 ligiti-

89 360 182 394 mos
218 345 312 389 dies
344 346 550 408 profiteri
578 346 852 404 nequiverat.
921 345 1033 397 Erat
1062 345 1226 390 eodem
1259 351 1468 404 tempore
1487 359 1516 399 4

90 434 170 493 Gn,
209 436 344 491 Piso,
408 437 670 487 adulescens
733 436 918 493 nobilis,
974 451 1177 481 summae
1239 437 1469 491 audaciae,

88 541 245 587 egene,
289 527 524 585 factiosus,
567 543 703 587 quem
739 527 798 573 ad
830 526 1184 588 perturbandam
1218 526 1471 587 rempubli-

84 694 196 728 latum
217 694 333 741 petis?
360 696 574 739 principibus
598 693 780 728 ciuitatis?
803 694 862 739 qui
884 695 969 738 tibi,
994 706 1098 740 quum
1122 695 1164 731 L.
1192 695 1367 730 Volcatius
1390 705 1471 728 con-

83 752 139 785 sul
170 752 212 787 in
227 745 429 797 ‘consilio
447 754 594 796 fuisset,
625 764 669 786 ne
688 752 887 796 petendi
909 753 1047 797 quidem
1067 756 1280 798 potestatem
1313 763 1386 787 esse
1408 762 1473 785 vo-

84 809 232 844 luerunt.
279 809 422 843 Licebat
443 814 561 842 autem
584 808 766 842 candidato
791 813 927 843 tantum
951 813 1081 855 petere.

177 866 402 918 nequiverat]
440 865 497 899 Ita.
525 865 727 909 scripsimus
759 877 801 900 ex
829 867 915 901 Bas.
953 868 987 903 4.
1027 868 1115 902 Tur.
1152 867 1186 904 1.
1231 866 1338 900 Bern.
1368 864 1402 899 1
1437 867 1471 897 et

81 922 181 966 Leid.
205 924 253 959 H.
278 924 323 965 K.
347 923 417 966 314
451 923 542 956 idem
568 928 683 957 tenent
715 923 819 958 multi
851 925 953 959 codd.
989 925 1105 960 Italici
1135 930 1169 960 et
1201 924 1335 967 aliquot
1359 921 1472 956 Cortii

81 981 177 1024 libri,
197 992 282 1025 quos
306 981 400 1014 male
424 980 538 1014 minus
561 981 725 1023 probatos
747 986 863 1015 vocat.
912 982 1041 1017 Omnes
1063 982 1188 1017 relicui
1213 981 1311 1016 codd.
1334 983 1369 1012 et
1392 979 1469 1011 cdd.

69 1037 212 1091 habent
241 1039 450 1086 nequitcrit,
485 1038 577 1081 qnod
600 1038 658 1072 vix
682 1039 769 1073 ferri
790 1042 926 1084 potest,
960 1053 1070 1084 quum
1094 1045 1214 1074 auctor
1236 1049 1311 1071 rem
1334 1036 1470 1079 simpli-

81 1094 168 1128 citer
189 1098 233 1142 nt
244 1095 396 1143 factam
405 1098 542 1137 narret,
565 1106 676 1138 neque
699 1108 783 1130 vero
808 1097 851 1130 ad
875 1100 1074 1130 senatorum
1097 1095 1303 1133 sententiam
1324 1095 1468 1135 referat,

82 1140 176 1197 quod
201 1132 413 1191 Gerlachius
435 1153 523 1186 vult.
577 1153 631 1186 Ex
654 1153 790 1187 duabus
814 1157 934 1187 autem
957 1155 1060 1188 rebus
1082 1151 1279 1197 praeteritis
1313 1162 1354 1185 ea
1379 1162 1469 1194 quae

82 1208 231 1243 alteram
243 1209 450 1264 praecessit
483 1221 553 1243 non
584 1214 698 1254 potest
728 1222 797 1257 non
820 1211 1165 1255 plusquamperfecto
1197 1208 1397 1250 enunciari,
1421 1209 1467 1242 cf.

80 1277 111 1300 c.
130 1266 202 1306 LII,
221 1249 278 1300 30.
315 1268 410 1310 apud
433 1268 579 1300 maiores
602 1273 734 1301 nostros
771 1269 811 1301 Τ.
838 1269 950 1303 Manl.
986 1270 1182 1312 Torquatus
1205 1268 1324 1311 filzum
1355 1277 1468 1306 suum,

80 1326 215 1375 quod
232 1326 263 1359 is
290 1331 386 1376 cont.
388 1337 412 1362 α
434 1325 614 1370 imperium
646 1325 684 1358 in
707 1325 836 1359 hostem
857 1331 1188 1371 pugnaverat,
1213 1323 1333 1357 necari
1356 1324 1466 1356 iussit.

78 1383 174 1425 XIX,
192 1383 227 1418 1.
260 1364 400 1420 Eodem
424 1383 541 1425 modo,
564 1384 604 1416 ut
625 1382 741 1415 noster
765 1380 882 1425 locus,
916 1386 1102 1426 corruptus
1133 1386 1207 1416 erat
1232 1382 1374 1417 Sueton.
1400 1381 1468 1414 Ti-

77 1440 200 1489 berf⁹
177 1462 212 1482 ..‚
235 1440 327 1475 med.
357 1440 522 1475 iudicium
546 1439 741 1475 maiestatis
764 1440 890 1474 mulier
912 1442 1028 1481 subiit,
1047 1451 1129 1486 quo
1144 1440 1167 1472 d
1189 1441 1369 1483 palam—
1396 1450 1467 1482 op-

78 1498 278 1544 tauerit„
313 1497 374 1539 ubi
407 1497 537 1530 dudum
571 1497 616 1530 ab
649 1496 897 1545 Oudendorpio
931 1502 965 1532 et
997 1497 1158 1531 Ernestio
1192 1507 1233 1530 ex
1259 1495 1467 1529 melioribus

77 1554 180 1590 libris
211 1558 407 1602 correctum
440 1557 491 1586 est
513 1558 708 1596 optaverat.
765 1546 869 1598 Quod
894 1555 1104 1589 Gerlachius
1137 1559 1254 1587 autem
1279 1552 1466 1593 contendit,

77 1611 109 1649 si
130 1612 335 1656 nequiverat
365 1609 557 1651 scribatur,
591 1611 776 1646 Catilinam
802 1613 913 1646 serius
936 1624 978 1646 ex
1002 1612 1123 1645 Africa
1146 1612 1300 1645 Romam
1323 1609 1469 1643 rediisse

76 1670 269 1713 putandum
302 1679 396 1707 esse,
427 1667 464 1700 id
495 1667 656 1710 equidem
688 1680 757 1701 non
782 1668 955 1713 intelligo.
978 1690 1020 1694 —
1059 1670 1157 1703 Intra
1182 1670 1356 1713 legitimos
1381 1668 1466 1708 dies,

77 1726 102 1760 i.
127 1737 157 1760 e.
181 1726 273 1760 intra
294 1725 485 1759 trinundini
507 1725 660 1769 spatium
685 1731 765 1763 ante
788 1726 932 1761 comitia
956 1726 1122 1768 maxima,
1146 1737 1182 1761 v,
1208 1726 1366 1760 Macron.
1393 1723 1466 1757 Sat.

76 1783 105 1824 Ι,
123 1783 181 1819 16.
205 1794 239 1826 p.
258 1782 337 1816 282.
363 1782 428 1816 Ed.
453 1781 537 1825 BiP.
576 1783 768 1826 Perperam
792 1788 912 1817 autem
934 1785 1106 1818 muneras
1130 1795 1210 1816 cum
1231 1782 1369 1828 Langio
1390 1792 1466 1814 cre-

76 1839 129 1874 dit
150 1839 389 1873 trinundinum
412 1850 486 1872 esse
511 1838 657 1883 trIginta
680 1840 753 1873 fere
777 1841 935 1883 dierum3
957 1841 1205 1884 septemdecim
1230 1844 1365 1874 tantum
1394 1837 1467 1871 dies

77 1897 262 1942 complecti
285 1897 402 1931 docuit
432 1896 505 1930 iam
528 1896 709 1930 Ernestius
734 1898 833 1932 Clav.
859 1898 932 1933 Cic.
956 1899 994 1932 h.
1018 1909 1052 1932 V.
1101 1898 1301 1932 Schellerus
1322 1896 1359 1929 in
1381 1895 1465 1928 LeX.

76 1956 208 1999 Ampl.¹
225 1967 259 2000 p.
277 1954 405 1989 11669.
446 1953 623 1987 Nitschius
653 1954 837 1999 Antiquitt.
868 1957 1011 1991 Romm.
1036 1955 1082 1989 T.
1103 1956 1130 1989 1.
1162 1967 1195 1998 p.
1214 1955 1294 1990 623.
1318 1953 1384 1987 Ed.
1405 1952 1467 1986 ΙΠ.

77 2016 134 2057 et,
159 2024 264 2060 quen]
287 2012 408 2046 laudat
433 2011 543 2052 Gerl„
571 2011 836 2047 Drakenborch.
861 2015 906 2047 ad
928 2013 1005 2047 Liv.
1030 2014 1091 2054 111,
1115 2011 1173 2053 35,
1194 2013 1227 2047 1.

171 2072 203 2114 S.
228 2069 263 2104 4.
311 2070 372 2111 Cn.
398 2069 498 2111 Piso]
548 2069 600 2102 De
631 2079 672 2118 eo
695 2080 730 2104 V.
756 2070 827 2104 Cic.
859 2071 897 2104 in
929 2081 979 2103 or.
1011 2069 1048 2102 in
1081 2070 1119 2103 C.
1144 2068 1335 2102 Antonium
1368 2069 1402 2099 et
1424 2065 1463 2101 L.

77 2126 181 2162 Catil.
213 2131 397 2171 praetereo
434 2126 531 2158 illum
566 2127 741 2171 nefarium
773 2133 934 2161 conatum
967 2132 1086 2166 tuum,
1120 2137 1245 2169 quum,
1279 2125 1316 2158 G.
1343 2123 1464 2156 Pisone

77 2185 183 2226 nocio,
208 2195 318 2228 neque
342 2183 411 2216 alio
434 2183 593 2223 nemine,
619 2184 760 2219 caedem
783 2184 1002 2228 optimatium
1019 2185 1143 2226 facere
1166 2181 1314 2215 voluisti.
1339 2180 1464 2214 Ascon.

77 2239 114 2274 in
139 2240 211 2274 Cic.
236 2252 287 2274 or.
312 2252 348 2284 p.
375 2240 413 2274 C.
439 2239 575 2273 cornel.
603 2239 663 2273 Cn.
689 2252 818 2284 quoque
843 2241 944 2282 Piso,
970 2241 1167 2274 adolescens
1187 2245 1309 2285 potens
1334 2243 1368 2271 et
1391 2242 1466 2271 tur-

80 2297 259 2338 bulentus,
295 2297 489 2341 familiaris
530 2301 606 2330 erat
647 2297 844 2339 Catilinae,
878 2299 1094 2342 omniumque
1136 2298 1214 2340 eius
1249 2295 1465 2329 consiliorum

77 2355 252 2399 particeps
270 2359 302 2387 et
320 2353 499 2387 turbarum
521 2359 652 2388 auctor.
671 2373 716 2379 ——
733 2356 993 2389 Adulescentem
1010 2355 1176 2398 scriptum
1197 2353 1231 2387 in
1249 2354 1354 2387 Bern.
1373 2352 1405 2386 1.
1418 2369 1464 2375 —-

80 2412 226 2446 Cireiter
249 2411 369 2444 Nonas
391 2411 588 2445 Decembris
612 2412 769 2454 Cottius,
802 2412 966 2456 caecique
990 2413 1065 2447 eius
1088 2415 1277 2446 sectatores
1299 2409 1463 2443 Tellerus

79 2473 115 2502 et
144 2467 370 2502 Kunhardtus
401 2468 602 2504 omiserunt.
657 2470 811 2514 Bipontt.
844 2476 878 2504 et
900 2469 1055 2515 Langius
1087 2469 1225 2503 edidere
1247 2465 1461 2501 Decembres.

79 2524 184 2568 Quod
205 2535 286 2557 cum
310 2525 501 2560 Gerlachio
525 2537 567 2560 ex
591 2527 751 2560 omnibus
775 2527 873 2560 codd.
899 2527 1121 2561 exhibuimus
1151 2525 1224 2559 noli
1247 2535 1310 2568 pro
1333 2521 1463 2568 geniti-

80 2593 124 2615 vo
147 2580 354 2615 substantivi
375 2583 531 2624 habere,
562 2594 671 2626 quum
693 2583 729 2617 in
753 2584 817 2618 tali
839 2584 1007 2627 temporis
1030 2584 1206 2618 notatione
1228 2593 1366 2626 semper
1391 2581 1463 2613 scre

80 2649 144 2683 pro
180 2638 396 2674 substantivo
437 2640 646 2675 adiectivum
690 2645 848 2685 ponatur.
903 2641 1074 2686 Exempla
1113 2640 1211 2676 dabit
1247 2638 1462 2674 Ramshorn.
