1630 3034
150 199 235 240 154
514 194 562 239 C.
591 194 922 239 SALLUSTI
951 194 1175 239 CRISPI

148 311 295 355 verbis
339 325 503 372 graves
548 311 695 356 minae
740 311 1080 366 nunciabantur,
1128 313 1253 373 quod
1288 311 1347 356 ab
1381 325 1532 372 oppu-

146 408 358 468 gnatione
401 423 492 452 non
529 408 786 466 desisteret,
831 408 970 453 multa
1012 415 1163 454 tamen
1191 409 1391 454 oratione
1421 424 1533 452 cou-

146 511 325 564 sumpta
352 504 490 566 legati
522 505 688 550 frustra
721 504 980 550 discessere.

281 602 447 647 XXVI.
503 602 575 646 Ea
617 608 859 663 postquam
906 601 1057 647 Cirtae
1095 601 1247 646 audita
1282 607 1405 660 sunt,
1441 600 1533 644 lta-

143 699 244 757 lici,
295 714 488 766 quorum
532 700 693 744 virtute
735 699 913 744 moenia
957 698 1328 755 defensabantur,
1379 697 1536 742 confisi

145 796 373 840 deditione
419 797 540 840 facta
584 803 773 858 propter
817 795 1175 857 magnitudinem
1217 795 1377 856 populi
1431 795 1534 838 Ro-

143 893 265 937 mani
307 893 541 938 inviolatos
589 909 686 938 sese
738 893 862 953 fore,
907 891 1160 937 Adherbali
1206 890 1418 947 suadent,
1470 888 1534 933 uti

142 1079 218 1116 cod.
239 1078 388 1116 Goerlit.
411 1079 475 1114 ubi
501 1079 635 1125 iegitur
653 1079 940 1126 obpugnatione3
973 1078 1102 1124 quippe
1130 1089 1238 1123 quum
1258 1077 1314 1113 ab
1347 1075 1532 1121 obpugna-

141 1142 235 1176 tione
251 1140 417 1185 scriptum
433 1145 541 1183 esset,
566 1141 681 1185 prima
701 1141 911 1176 substantivi
934 1142 1074 1187 syllaba
1098 1141 1262 1175 voculam
1282 1136 1468 1182 absorpsit.
1487 1155 1534 1162 —

143 1203 350 1237 consumere
380 1203 595 1243 orationem,
627 1203 749 1244 verba,
780 1207 934 1246 tempus,
963 1202 1055 1236 diem
1088 1202 1293 1246 plerumque
1319 1198 1370 1234 ita
1394 1196 1535 1238 dicitur,

141 1267 181 1297 ut
206 1263 424 1307 significetur
454 1262 616 1298 inutilem
644 1264 773 1297 harum
799 1274 920 1297 rerum
948 1274 1051 1297 usum
1077 1263 1203 1305 fuisse3
1227 1263 1274 1296 cf.
1305 1272 1336 1294 c.
1358 1258 1476 1300 LXII,
1496 1257 1533 1293 9.

141 1324 260 1358 multis
286 1324 444 1358 diebus
471 1336 535 1369 per
568 1325 816 1359 dubitationem
845 1325 1141 1369 consumptis.
1177 1323 1312 1364 xcm,
1344 1322 1378 1356 l.
1412 1319 1535 1354 Multis

142 1386 262 1419 diebus
284 1390 317 1419 et
345 1385 519 1419 laboribus
542 1385 840 1428 consumpti&
877 1385 1040 1426 XCVIII,
1072 1385 1108 1420 2.
1142 1386 1281 1429 iamque
1306 1383 1403 1417 dies
1430 1392 1534 1415 con-

142 1450 352 1489 sumptus
376 1450 464 1480 erat.
485 1447 532 1481 cf.
556 1446 820 1482 Drakenborch.
847 1445 891 1480 ad
913 1445 991 1480 Liv.
1019 1445 1156 1486 XXIX,
1180 1445 1247 1487 33,
1270 1444 1304 1479 9.
1327 1444 1449 1487 Neque
1478 1445 1534 1476 ta-

141 1517 221 1540 men
244 1518 380 1549 semper
395 1506 463 1539 boc
481 1507 589 1541 verbo
610 1507 661 1541 ita
677 1511 820 1542 utuntur
835 1507 971 1549 Latini3
996 1507 1042 1540 cf.
1072 1507 1171 1541 Caes.
1195 1506 1240 1542 B.
1266 1506 1311 1540 G.
1335 1505 1380 1548 V,
1409 1503 1474 1545 ll,
1497 1501 1534 1538 6.

142 1569 184 1602 1η
204 1568 256 1600 his
275 1568 375 1601 rebus
392 1566 466 1600 dies
488 1569 624 1602 circiter
643 1568 759 1602 decem
780 1568 1038 1610 consumit,
1063 1567 1087 1601 i.
1106 1579 1137 1601 e.
1153 1568 1219 1601 lias
1244 1578 1300 1600 res
1329 1566 1363 1599 d.
1391 1564 1424 1598 d.
1454 1575 1535 1609 per-

141 1628 238 1664 fecit.
284 1629 347 1662 Est
368 1627 479 1672 igitur
495 1626 600 1660 huius
618 1628 716 1661 verbi
735 1628 859 1662 similis
880 1629 1007 1673 duplex
1024 1640 1126 1670 usus,
1156 1632 1195 1663 ut
1216 1627 1405 1662 verborum
1422 1630 1533 1660 terere

139 1695 175 1724 et
194 1694 386 1729 conterere,
410 1688 452 1721 de
471 1688 596 1731 quibus
618 1700 650 1723 v.
671 1688 713 1722 ad
740 1689 816 1723 Cat.
834 1689 898 1731 IV,
923 1690 956 1726 1.
980 1689 1142 1723 Ceterum
1153 1691 1316 1732 frustra,
1340 1687 1431 1731 quod
1451 1697 1534 1720 cum

140 1751 326 1785 discessere
349 1747 596 1792 „oniungitun
618 1759 656 1781 re
675 1753 807 1792 spectat
830 1761 898 1783 non
920 1750 965 1784 ad
995 1749 1187 1784 discessum
1213 1749 1348 1792 ipsum,
1378 1746 1438 1792 qui
1462 1757 1532 1781 non

141 1812 271 1845 frustra
296 1809 384 1852 ruit,
420 1809 478 1842 sed
507 1808 551 1842 ad
578 1808 632 1850 id,
667 1810 760 1853 quod
786 1814 865 1843 ante
895 1809 1084 1844 discessum
1109 1815 1186 1844 erat
1211 1810 1357 1845 factum.
1404 1808 1533 1842 Sensus

140 1876 192 1907 est
211 1871 341 1916 igitur:
368 1871 479 1905 multa
495 1869 654 1904 oratione
676 1875 882 1913 consumpta
901 1870 1149 1911 discesserunt,
1174 1874 1208 1905 et
1236 1870 1287 1904 ita
1309 1869 1470 1913 quidem,
1493 1873 1533 1903 ut

141 1934 229 1967 nihil
245 1934 351 1976 plane
371 1943 506 1973 eorum,
530 1943 671 1975 quorum
690 1943 815 1964 caussa
835 1936 1002 1966 venerant
1015 1957 1025 1973 ‚
1050 1933 1208 1975 effectum
1228 1937 1327 1966 esset.
1349 1932 1394 1964 cf.
1413 1930 1531 1966 nond.

141 1995 184 2028 de
203 1993 355 2028 Particc.
375 1993 452 2026 Lat.
477 1991 553 2024 Vol.
571 1991 614 2024 II.
635 2003 666 2035 p.
685 1991 765 2025 716.
783 1994 816 2034 §-
835 1991 870 2026 2.
888 1995 923 2025 et
948 2003 981 2025 ν.
1000 1991 1094 2026 infra
1108 1992 1154 2026 ad
1173 1992 1308 2034 xxm,
1333 1990 1367 2027 5.

234 2054 360 2089 xxti.
410 2054 444 2094 §-
463 2052 496 2086 1.
513 2056 547 2086 et
563 2052 597 2086 2.
644 2053 774 2097 Italici]
807 2053 918 2087 Iidem
943 2056 1046 2094 sunt,
1071 2063 1158 2096 qnos
1180 2064 1286 2097 supra
1311 2064 1341 2087 c.
1367 2052 1471 2094 XXI,
1494 2052 1531 2088 2.

140 2120 281 2159 togatos
298 2117 497 2148 vocaverat.
516 2132 557 2138 —
575 2114 643 2147 I'ro
663 2114 938 2156 defensabantur
958 2113 1060 2157 pauci
1089 2114 1189 2148 codd.
1218 2113 1382 2148 exhibent
1411 2114 1530 2157 desen-

141 2177 334 2217 dcbantur3
358 2175 414 2208 sed
439 2173 731 2217 frequentativum
751 2174 867 2219 magis
884 2177 935 2208 est
953 2185 993 2210 cx
1011 2166 1177 2209 Sallustii⁴
1190 2187 1265 2211 usu.
1299 2175 1374 2208 lam
1393 2173 1534 2209 Cottius

141 2237 288 2275 contulit
317 2249 346 2270 c.
378 2235 462 2276 Lx,
486 2235 522 2270 3.
552 2234 697 2276 xcvn,
724 2233 757 2268 5.
788 2245 822 2270 V.
851 2234 957 2268 etiam
981 2235 1025 2269 ad
1054 2247 1083 2269 c.
1106 2235 1242 2277 xxm,
1268 2235 1300 2269 1.
1332 2254 1376 2261 —·
1400 2236 1532 2269 Tamen

143 2303 222 2333 ante
252 2295 335 2342 quia
362 2295 500 2330 Coi-tius
528 2296 621 2330 male
645 2294 783 2336 omisit,
808 2294 909 2329 unius
935 2295 1040 2329 Fabr.
1058 2296 1091 2330 2.
1117 2295 1323 2330 auctoritate
1341 2299 1533 2340 permotus,

143 2371 214 2402 qua
239 2363 434 2392 ceterorum
464 2357 635 2391 librorum
664 2367 849 2391 consensus
874 2356 1008 2390 elevari
1035 2367 1102 2390 non
1125 2360 1257 2400 potest,
1284 2367 1386 2400 quom
1405 2356 1533 2390 conflr-

144 2425 218 2453 mut
239 2419 346 2454 etium
364 2418 527 2452 Sallustii
545 2429 640 2452 usus.
687 2417 829 2451 Praeter
850 2417 1013 2461 exempla
1037 2417 1081 2451 ud
1102 2418 1179 2454 Cat.
1198 2418 1267 2457 III,
1291 2417 1325 2450 2.
1348 2417 1459 2451 allata
1482 2415 1530 2450 cr.

144 2480 223 2524 Iug.
252 2480 389 2523 xxix,
413 2478 448 2514 2.
478 2477 616 2520 xxxi,
646 2477 703 2512 21.
735 2476 903 2519 xxxiv,
930 2477 965 2513 2.
990 2494 1036 2503 -·
1059 2479 1338 2514 Advenerat-«r
1358 2478 1409 2514 itu
1423 2480 1533 2511 exam

146 2538 182 2574 in
200 2539 410 2574 Fabriciano
427 2538 546 2582 Rivii,
570 2543 606 2573 et
619 2537 732 2572 Cortii
750 2538 859 2573 Fabr.
878 2538 910 2572 l.
930 2557 976 2565 —
996 2538 1134 2584 Cogun
1146 2540 1183 2574 da·
1198 2540 1343 2584 praebet
1359 2536 1450 2572 Med.
1474 2535 1530 2570 10.

147 2619 192 2625 -
214 2600 347 2640 Italici,
371 2601 462 2644 quod
484 2611 603 2633 omncs
618 2600 717 2634 codd.
740 2598 906 2643 retinent,
932 2599 1051 2634 Cottio
1076 2604 1169 2634 certo
1187 2599 1316 2634 certiu-
1344 2608 1366 2630 ιι
1388 2597 1530 2641 glossa-

148 2660 282 2696 toribns
309 2659 446 2695 illatum
479 2661 627 2695 videtur.
682 2661 784 2704 Quae
811 2660 980 2696 sententia
1005 2665 1043 2695 ut
1072 2673 1133 2705 per
1152 2672 1188 2706 se
1211 2658 1362 2694 absurda
1386 2661 1458 2699 eat,
1482 2657 1532 2692 itu

149 2721 267 2765 quivis
292 2720 384 2754 videt
408 2721 614 2756 Sallustium
641 2721 683 2755 «lo
704 2721 874 2756 industria
900 2732 1005 2765 quam
1023 2719 1282 2757 accuratissimo
1299 2718 1438 2758 docere,
1463 2718 1532 2751 Ad-

150 2782 332 2818 herbalem
359 2781 544 2818 consilium
570 2782 636 2816 sibi
663 2781 992 2827 pernicio-inimum
1018 2793 1084 2818 uon
1112 2792 1177 2818 sua
1200 2786 1341 2824 sponte,
1374 2779 1433 2814 sod
1453 2780 1534 2815 aliis
