1630 3034
1037 97 1051 107 ο

1055 112 1073 126 s

182 180 269 222 542
553 170 598 214 C.
630 167 959 212 SALLUSTI
989 168 1210 212 CRISPI

185 306 367 352 cepere,
405 288 547 348 magis
588 287 819 331 atrocitate
854 285 919 329 rei
947 301 1080 344 quam
1114 285 1206 329 fide
1238 287 1368 330 nunci
1403 279 1575 331 terren->

183 396 272 446 tur,
309 385 528 444 simulque
564 383 745 428 barbari
775 383 945 427 animos
980 383 1155 438 tollere,
1191 389 1236 427 et
1271 382 1316 426 in
1343 383 1575 443 perculsos

151 487 421 536 8Romanos
457 483 598 526 aerius
627 480 848 525 incedere.
917 480 1103 538 Iamque
1137 480 1339 540 paullum
1375 481 1432 524 ab
1468 480 1597 542 fuga·

187 583 399 638 aberant,
433 595 573 638 quum
600 579 751 636 Sulla,
787 577 1034 637 profligatis
1075 578 1154 636 iis,
1189 591 1302 636 quos
1338 577 1580 622 advorsum

147 681 326 735 9ierat,
368 677 545 722 rediens
592 676 649 720 ab
699 676 838 719 latere
885 673 1057 719 Mauris
1102 675 1297 721 incurrit.
1368 674 1579 719 Bocchus

192 778 339 823 statim
371 773 598 818 avortitur.
669 771 731 816 At
764 771 1006 832 Iugurtha,
1044 771 1153 816 dum
1199 778 1446 817 sustentare
1477 786 1580 816 suos

189 882 236 920 et
270 874 418 934 probe
453 872 542 915 iam
577 869 789 929 adeptam
826 869 1053 913 victoriam
1088 869 1277 914 retinere
1310 870 1456 930 cupit,
1493 868 1582 912 cir—

188 976 448 1016 cumventus
479 968 536 1011 ab
573 966 807 1025 equitibus,
844 965 1014 1020 dextra,
1050 966 1224 1010 sinistra
1258 967 1462 1011 omnibus
1499 981 1581 1008 oc-

192 1070 312 1123 cisis,
359 1064 633 1111 solus'inter
689 1063 778 1107 tela
832 1063 1027 1107 hostium
1068 1063 1334 1108 vitabundus
1377 1062 1583 1122 erumpit.

284 1192 316 1233 §-
342 1188 376 1222 7.
400 1192 434 1222 et
460 1186 493 1221 8.
541 1197 645 1231 quam
660 1185 737 1229 fide
760 1184 889 1228 aunei]
914 1183 937 1220 i.
963 1195 994 1219 e.
1017 1196 1087 1219 nen
1111 1186 1203 1230 quod
1227 1197 1320 1227 eum,
1344 1185 1405 1230 qui
1428 1183 1585 1219 Marium

191 1253 410 1286 interfectum
429 1248 636 1289 nunciabat,
660 1257 787 1280 verum
810 1246 938 1280 dixisse
960 1246 1098 1290 fideque
1121 1247 1267 1292 dignum
1290 1257 1364 1280 esse
1387 1246 1585 1289 credebant,

189 1313 252 1348 sed
285 1312 378 1357 quod
419 1322 474 1344 res
506 1310 602 1354 ipsa,
636 1301 734 1342 milla
766 1307 917 1341 auctoris
940 1308 1075 1342 ratione
1106 1308 1251 1352 habita,
1281 1305 1588 1341 vehementissime

191 1386 253 1409 eos
278 1371 535 1407 commovebat.
558 1389 605 1395 —
629 1368 731 1411 Quod
754 1367 918 1412 deinceps
951 1374 1113 1403 narratur
1136 1370 1237 1403 simul
1265 1370 1431 1403 barbaros
1454 1368 1588 1401 animos

191 1434 392 1474 sustulisse,
415 1443 485 1466 non
508 1442 550 1465 eo
574 1431 729 1472 factum,
762 1430 855 1473 quod
878 1430 1087 1475 Iugurtham
1107 1430 1229 1464 Latine
1261 1430 1460 1474 loquentem
1483 1428 1588 1463 intel—

192 1495 358 1536 lexerint,
391 1497 430 1528 ut
460 1491 597 1537 Langio
629 1490 786 1534 videtur,
821 1491 880 1525 sed
913 1492 1013 1534 quod·
1029 1491 1248 1526 adversarios
1281 1491 1420 1525 territos
1443 1501 1485 1524 ac
1506 1500 1589 1524 con-

191 1560 367 1592 sternatos
402 1554 579 1588 videbant.
601 1571 648 1578 —-
677 1552 850 1586 Romanos
885 1552 1025 1586 Curtius
1055 1551 1174 1586 invitis
1197 1552 1359 1586 omnibus
1393 1551 1494 1586 codd.
1517 1549 1590 1585 suis

193 1617 334 1652 delevit.
381 1616 511 1650 Postea
535 1611 745 1647 Gerlachius
777 1611 813 1645 in
844 1612 938 1646 Med.
972 1613 1007 1647 1.
1030 1612 1064 1646 2.
1090 1613 1166 1647 Vae
1190 1612 1224 1647 4.
1248 1612 1282 1647 5.
1309 1614 1428 1648 deesse
1449 1611 1591 1657 reperit,

193 1690 305 1723 eoque
329 1677 365 1711 in
388 1677 597 1710 Commentt.
620 1686 655 1718 p.
679 1671 760 1707 329.
787 1673 973 1706 delendum
997 1677 1132 1715 censet,
1158 1675 1194 1708 in
1219 1674 1272 1708 ed.
1297 1673 1490 1710 novissima
1511 1684 1590 1707 sen-

195 1739 325 1775 tentiae
347 1749 432 1772 suae
454 1735 830 1776 mammon—Quum
854 1733 891 1768 in
915 1735 1060 1778 apodosi
1084 1735 1236 1779 positum
1260 1734 1520 1770 illustravimus
1542 1732 1587 1768 ad

195 1813 224 1834 c.
245 1800 326 1841 ΧΠ,
356 1797 388 1832 5.
422 1810 457 1842 p.
482 1797 541 1831 61.
569 1814 611 1822 —
637 1797 707 1837 Iis,
740 1805 806 1839 pro
836 1806 905 1839 quo
939 1796 1043 1839 pauci
1080 1797 1178 1831 codd.
1203 1801 1318 1839 tenent
1343 1797 1397 1830 his
1414 1821 1424 1839 ‚
1450 1794 1591 1829 Cortins

194 1864 380 1906 praeeunte
404 1858 544 1892 WVassio
568 1857 691 1899 eiecit,
716 1866 784 1890 non
809 1855 894 1891 satis
927 1860 1090 1900 reputans
1112 1869 1180 1891 non
1204 1868 1342 1902 semper
1365 1856 1457 1900 quod
1481 1855 1593 1900 possit

195 1921 274 1956 fieri
297 1921 403 1955 etiam
429 1919 507 1953 ficri
531 1918 677 1960 debere,
716 1927 806 1961 quae
826 1929 882 1952 res
903 1917 958 1951 illi
982 1918 1174 1953 multorum
1200 1929 1360 1953 errorum
1384 1929 1508 1954 caussa
1531 1929 1591 1953 ex-

195 1983 291 2018 stitit.
316 2000 363 2007 -·
385 1982 438 2015 De
470 1979 682 2023 anastrophe
713 1979 983 2023 praepositionis
1012 1979 1048 2013 in
1080 1979 1196 2014 verbis
1227 1992 1310 2025 quos
1335 1980 1591 2014 advorsum

195 2055 230 2078 v.
256 2041 411 2086 Zumptii
434 2041 594 2076 Gramm.
620 2041 698 2076 Lat.
729 2042 760 2083 §.
783 2039 844 2075 635.
869 2040 903 2075 6.
927 2052 962 2084 p.
986 2040 1068 2076 264.
1100 2041 1154 2074 ed.
1178 2041 1250 2083 IV„
1274 2041 1334 2084 qui
1359 2045 1476 2075 tamen
1499 2040 1592 2073 hunc

196 2115 299 2139 usum
333 2102 453 2147 paullo
485 2101 749 2147 angustioribus
780 2101 909 2137 finibus
941 2101 1236 2146 circumscripsit,
1266 2102 1311 2136 ad
1334 2102 1449 2136 solum
1471 2100 1593 2134 relati-

196 2177 283 2199 vum
308 2169 342 2198 ct
366 2166 531 2208 quattuor
553 2162 747 2208 particulas
771 2167 876 2207 ante,
902 2168 1023 2198 contra
1038 2189 1048 2205 ,
1079 2164 1172 2197 inter
1196 2167 1231 2198 et
1251 2168 1394 2208 propter
1415 2172 1593 2196 revocans.

196 2225 244 2259 οἳ.
282 2223 519 2261 Ruddimann.
550 2223 676 2259 lnstitt.
718 2223 879 2258 Gramm.
923 2225 1001 2260 Vol.
1034 2225 1079 2261 11.
1116 2236 1150 2268 p.
1183 2223 1263 2260 335.
1297 2228 1332 2258 et
1361 2220 1594 2257 Ramshornii

199 2287 363 2321 Gramm.
387 2286 463 2320 Lat.
495 2286 528 2327 §.
553 2283 633 2320 161.
657 2283 693 2318 3.
723 2295 757 2328 p.
782 2285 852 2320 379
877 2298 927 2330 sq.
961 2285 1048 2330 Nep.
1073 2285 1158 2320 Con.
1184 2296 1214 2320 c.
1237 2285 1282 2325 11,
1304 2284 1340 2318 2.
1389 2283 1494 2317 Hunc
1518 2282 1594 2316 ad-

199 2359 364 2382 versus
403 2345 655 2380 Pharnabazus·
697 2345 836 2381 habitus
880 2351 930 2381 cst
974 2348 1173 2391 imperator.
1226 2345 1335 2380 Plura
1375 2344 1596 2379 contuleruut

199 2407 380 2442 Daehnius
404 2407 448 2442 ad
472 2407 558 2451 Nep.
583 2407 688 2440 Paua.
711 2418 741 2440 c.
765 2408 824 2451 IV,
848 2407 882 2442 i.
909 2408 1095 2442 Ruhnken.
1119 2407 1165 2441 ad
1189 2406 1278 2440 Vctt.
1303 2406 1348 2448 11,
1368 2405 1425 2447 91,
1440 2404 1474 2438 2.
1499 2406 1592 2449 Aug.

200 2469 372 2503 Matthias
395 2469 440 2502 ad
464 2468 536 2502 Cic.
569 2479 603 2511 p.
632 2467 725 2502 Mur.
749 2480 779 2504 c.
804 2468 839 2509 4,
865 2468 899 2503 9.
926 2468 1042 2502 Beier.
1067 2467 1111 2502 ad
1145 2466 1216 2502 ΟΠ.
1242 2467 1270 2508 1,
1294 2466 1350 2510 15,
1374 2467 1432 2501 49.
1457 2478 1492 2510 p.
1513 2465 1594 2500 120.

203 2530 376 2564 Goerenz.
410 2530 454 2564 ad
490 2529 603 2574 chg.
627 2529 663 2570 1,
688 2529 747 2571 21,
772 2528 829 2564 55.
858 2541 891 2573 p.
918 2529 975 2563 89.
999 2551 1045 2556 —
1072 2529 1223 2563 Rediens
1247 2532 1324 2572 post
1358 2529 1473 2570 ierat,
1505 2537 1595 2571 quae

203 2601 270 2624 vox
296 2591 339 2624 nd
364 2590 605 2634 praecedentia
628 2594 786 2634 spectans
809 2590 1050 2634 perspicuitati
1083 2590 1179 2624 haud
1210 2601 1331 2633 parum
1356 2586 1520 2630 inservit,
1544 2592 1596 2621 te-

203 2663 301 2685 mere
325 2662 346 2685 a
373 2651 495 2685 Curtio
521 2651 798 2696 repugnantibus
831 2651 931 2685 codd.
957 2651 1068 2685 eiecta
1100 2655 1165 2684 est.
1212 2650 1308 2684 Idem
1331 2649 1513 2694 vulgatum
1537 2659 1595 2682 or-

207 2713 322 2746 dinem
349 2713 535 2746 rerborum
559 2713 603 2746 ab
628 2713 740 2747 latere
769 2713 904 2745 Mauris
927 2711 1001 2745 sine
1025 2711 1149 2746 idonea
1172 2711 1270 2746 codd.
1295 2709 1512 2750 auctoritate,
1539 2707 1594 2742 vix

208 2773 302 2807 enim
328 2785 414 2808 uuus
438 2775 595 2817 alterque
619 2773 825 2813 assentitur,
849 2773 898 2806 sic
922 2771 1135 2815 immutavit,
1161 2777 1198 2805 ut
1225 2771 1357 2804 Mauris
1380 2769 1494 2815 primo
1518 2769 1595 2804 loeo
