1630 3034
413 140 776 185 IUGURTHA.
838 139 971 183 GAP.
1006 137 1106 181 XII.
1413 141 1471 180 6³

78 261 224 306 visens
251 258 438 304 domum
471 263 564 315 eat,
604 261 837 318 portarum
874 255 1007 300 clavis
1037 252 1307 298 adulterinas
1338 259 1470 312 paret

79 358 205 416 (nam
242 371 375 401 verae
410 354 471 398 ad
507 353 821 412 Hiempsalem
866 351 1221 414 referebantur);
1270 358 1469 393 ceterum

78 454 154 497 ubi
187 468 257 497 res
285 451 534 513 postularet
561 465 607 493 se
629 450 780 509 ipsum
810 463 914 492 cum
942 463 1109 507 magna
1144 461 1276 491 manu
1306 452 1462 490 ventu-

77 565 192 596 rum.
265 547 462 592 Numida
507 544 719 590 mandata
765 545 893 589 brevi
937 544 1152 599 confecit,
1209 549 1370 601 atque,
1415 546 1499 588 ut4

77 645 234 689 doctus
269 650 378 700 erat,
414 648 550 687 noctu
580 641 826 702 Iugurthae
854 641 1013 685 milites
1050 639 1302 686 introducit.
1375 639 1466 694 Qui

76 747 321 801 postquam
355 741 399 783 in
430 739 553 783 aedis
580 739 805 798 irrupere,
842 738 1006 782 divorsi
1040 751 1199 796 regem
1235 739 1504 794 quaerere,5

77 837 335 882 dormientis
370 837 492 892 alios,
528 836 637 879 alios
673 835 940 879 occursantis
977 834 1243 887 interficere,
1280 834 1466 877 scrutari

75 976 229 1010 Historr.
251 976 280 1016 Ι,
304 974 365 1017 25,
392 975 437 1009 in.
487 975 669 1008 Proculum
702 978 738 1007 et
779 973 955 1007 Veturium
978 973 1090 1016 pretio
1115 977 1150 1006 et
1171 972 1347 1016 promissis
1370 983 1470 1005 one-

74 1041 167 1072 rat.
186 1055 231 1060 -
256 1036 472 1080 Impellitque
498 1034 656 1075 Cottius,
690 1033 774 1077 quia
798 1045 840 1067 ex
863 1039 987 1068 onerat
1021 1033 1173 1077 intelligi
1195 1032 1321 1076 possit,
1346 1037 1470 1067 contra

75 1097 234 1131 omnium
260 1096 360 1131 codd.
384 1097 491 1129 fidem
514 1095 627 1129 eiecit.
651 1114 696 1119 —
721 1095 978 1137 Reserebantur
1011 1094 1187 1127 offendere
1208 1092 1336 1136 possit,
1359 1105 1469 1137 quum

75 1158 214 1192 relatae
239 1162 339 1191 erant
364 1155 561 1199 simplicius
584 1155 767 1196 videatur;
801 1155 861 1189 sed
885 1157 1006 1189 auctor
1030 1153 1125 1188 haud
1142 1153 1247 1186 dubie
1268 1154 1470 1198 significare

76 1217 190 1251 voluit
212 1216 312 1251 toties
343 1217 461 1250 claves
486 1216 530 1251 ad
555 1215 796 1259 Hiempsalem
821 1217 951 1250 relatas
983 1225 1076 1256 esse,
1101 1213 1236 1256 quoties
1257 1215 1385 1249 clausis
1407 1226 1470 1248 ae-

76 1278 179 1312 dibus
202 1289 288 1321 opus
312 1280 415 1312 esset.
438 1296 483 1301 —
520 1276 606 1310 Cum
630 1288 765 1321 magna
788 1289 894 1310 manu
917 1281 1099 1311 venturum
1122 1276 1190 1309 hoc
1214 1275 1335 1308 ordine
1357 1280 1471 1310 exstat

70 1339 106 1373 in
129 1339 215 1374 Bas.
235 1339 270 1374 1.
294 1339 400 1373 Fabr.
421 1339 454 1372 1.
480 1339 572 1383 Teg.
598 1338 669 1372 Erl.
696 1337 815 1371 Gnerl.
840 1337 947 1370 Misn.
971 1337 1102 1371 Arond.
1126 1337 1232 1369 Mart.
1258 1337 1398 1373 Pembr.
1422 1338 1467 1370 B.

74 1399 178 1432 Publ.
203 1399 318 1433 Mark.
342 1401 385 1434 Γ.
403 1403 448 1434 Α.
470 1400 558 1432 Tur.
578 1399 612 1432 1.
638 1399 744 1431 Bern.
764 1399 797 1431 1.
818 1398 854 1432 3.
878 1399 961 1431 Bas.
989 1397 1023 1430 4.
1046 1397 1154 1430 Fabr.
1175 1396 1208 1429 2.
1234 1397 1351 1432 Guelf.
1374 1397 1409 1431 3.
1431 1397 1467 1432 5.

73 1460 318 1503 nonnullisque
341 1460 421 1494 aliis
447 1459 581 1501 Cortii,
605 1459 732 1502 quibus
755 1459 905 1492 sortasse
927 1457 1033 1491 etiam
1057 1456 1136 1490 Ital.
1164 1457 1343 1492 Gerlachii
1368 1470 1467 1492 acce-

74 1520 169 1553 dunt.
217 1519 358 1552 Relicui
384 1523 500 1554 tenent
524 1531 602 1552 cum
621 1531 720 1564 mag.
746 1525 838 1553 vent.
859 1530 986 1559 mauu,
1011 1516 1071 1560 qui
1095 1517 1180 1551 ordo
1204 1522 1285 1552 ante
1308 1519 1466 1553 Cortium

73 1580 238 1624 vulgatus
262 1583 357 1623 erat,
392 1580 474 1622 sed,
498 1580 529 1614 si
551 1579 636 1624 quid
660 1579 786 1621 video,
810 1580 945 1613 numeri
971 1578 1105 1612 ratione
1126 1579 1239 1612 altero
1261 1581 1383 1623 paullo
1405 1581 1467 1615 ‹le-

73 1640 180 1675 terior
204 1645 268 1674 est.

163 1703 197 1744 §.
221 1701 255 1734 4.
303 1701 463 1745 confecit]
489 1702 711 1744 Perfectum,
737 1701 782 1735 ab
807 1699 926 1734 Cortio
950 1704 984 1733 et
1008 1699 1197 1733 Gerlachio
1220 1699 1384 1743 illatum,
1408 1713 1470 1736 ex-

72 1765 140 1795 stat
163 1762 199 1794 in
225 1762 343 1795 Guelf.
371 1762 405 1797 2.
430 1762 462 1795 5.
488 1762 522 1795 7.
549 1763 630 1798 sen.
645 1763 679 1795 1.
706 1761 850 1795 Eccard.
877 1761 963 1794 Tur.
987 1762 1019 1794 1.
1048 1761 1129 1794 Bas.
1150 1759 1183 1793 4.
1210 1761 1314 1796 Bern.
1329 1763 1364 1796 1.
1377 1763 1468 1807 Teg.

70 1822 148 1857 Erl.
172 1822 290 1855 Goerl.
315 1822 396 1855 Par.
421 1833 464 1862 c.‚
491 1833 603 1865 neque
626 1822 698 1856 alio
722 1822 853 1855 ducunt
877 1821 924 1863 ii,
948 1820 983 1855 in
1007 1820 1134 1864 quibus
1156 1823 1303 1865 perfecit
1327 1822 1468 1867 legitur.

70 1881 188 1915 Ceteri
211 1883 417 1926 plerumque
443 1884 597 1926 conficit,
632 1882 736 1926 Pauci
767 1871 923 1926 perficit,
958 1881 1050 1924 quod
1081 1885 1216 1924 tempus
1247 1887 1390 1926 propter
1413 1885 1467 1918 in-

69 1942 221 1977 troducit
261 1943 530 1985 praeferendum
573 1943 686 1977 videri
729 1942 848 1986 possit.
905 1942 974 1976 Sed
1017 1941 1204 1975 videndum
1246 1954 1290 1976 ne
1330 1944 1468 1978 librarii

69 2008 210 2045 propter
242 2004 311 2037 hoc
343 2003 460 2046 ipsum
493 2003 662 2036 mutarint
696 2003 889 2046 perfectum
922 2002 958 2035 in
981 2008 1167 2046 praesens,
1201 2014 1292 2046 quae
1314 2006 1468 2049 suspicio

70 2073 113 2096 eo
136 2064 373 2105 confirmatur,
398 2063 491 2106 quod
515 2063 590 2103 alii,
615 2068 654 2096 ut
678 2063 827 2097 Eccard.
855 2063 971 2096 Guelf.
995 2063 1028 2095 4.
1055 2062 1112 2095 10.
1138 2062 1231 2096 Leid.
1256 2064 1298 2098 F.
1320 2065 1401 2099 Bas.
1420 2066 1467 2108 4„

71 2125 267 2165 temporum
299 2123 563 2166 aequandorum
596 2133 721 2156 caussa
762 2123 929 2156 dederunt
969 2122 1172 2157 introduxit.
1228 2123 1282 2157 De
1311 2126 1469 2169 perfecto

68 2181 238 2216 historico
262 2193 344 2216 cum
366 2183 543 2226 praesenti
567 2183 753 2217 coniuncto
772 2194 805 2216 V.
829 2193 920 2226 quae
944 2181 1096 2216 diximus
1120 2183 1163 2216 ad
1188 2183 1266 2219 cat.
1288 2197 1318 2221 c.
1343 2188 1424 2229 XX,
1434 2187 1467 2221 1.

69 2254 103 2286 p.
127 2241 185 2276 95.
209 2243 291 2287 Ing.
316 2243 396 2285 XX,
429 2243 462 2276 1.
488 2243 615 2284 xxm,
647 2243 682 2277 3.
708 2243 852 2285 XXXV,
881 2241 915 2276 4.
942 2243 1066 2283 xmx,
1089 2242 1121 2276 1.
1153 2243 1274 2288 LXIV,
1299 2246 1334 2281 3.
1382 2248 1468 2282 Plu—

70 2302 163 2336 rima
186 2301 262 2336 eius
284 2304 422 2347 generis
452 2315 494 2338 ex
517 2303 620 2337 Livio
651 2303 796 2347 collegit
820 2303 997 2338 Drakenb.
1017 2304 1061 2337 ad
1085 2304 1147 2347 ΙΙΙ,
1173 2303 1232 2348 46,
1251 2306 1284 2340 9.
1333 2309 1467 2352 Appius

70 2364 209 2397 domum
233 2373 270 2396 se
305 2374 380 2397 rec
395 2365 515 2409 epit,
541 2365 752 2409 collegisque
775 2365 814 2398 in
838 2369 957 2398 castra
980 2365 1163 2400 scribit.
1188 2366 1236 2400 cf.
1260 2368 1408 2403 eundem
1430 2374 1466 2404 et

69 2426 130 2459 Fr.
157 2426 315 2459 Gronov.
341 2425 385 2458 ad
411 2425 542 2466 xxix,
566 2425 624 2468 27,
649 2424 685 2459 5.

158 2487 190 2527 ς.
216 2484 249 2518 5.
298 2485 441 2530 divorsi]
475 2485 499 2518 i.
523 2497 554 2519 e.
587 2485 728 2519 diversa
751 2484 809 2519 via
833 2485 1019 2526 abeuntes,
1053 2485 1208 2521 diversos
1232 2488 1327 2523 locos
1349 2493 1465 2533 peten-

66 2548 137 2586 tes,
163 2545 231 2578 loci
255 2544 513 2589 significatione
535 2546 579 2580 ad
602 2556 768 2590 personas
792 2547 980 2586 translata,
1004 2550 1043 2580 ut
1065 2547 1158 2582 iufra
1182 2559 1213 2582 c.
1240 2549 1413 2592 Lxxvn,
1429 2551 1463 2584 4.

67 2605 112 2638 cf.
146 2605 299 2650 Herzog.
343 2606 387 2639 ad
429 2605 528 2639 Caes.
562 2606 619 2639 vel
652 2605 746 2640 Hirt.
780 2606 821 2640 Β.
862 2606 904 2640 G.
940 2607 1032 2649 vlu,
1064 2609 1122 2642 19.
1175 2609 1336 2644 Plurima
1365 2611 1463 2645 dabit

66 2666 242 2700 Drakenb.
267 2667 312 2700 ad
346 2665 422 2699 Liv.
448 2665 492 2706 X,
516 2664 573 2706 83,
597 2666 653 2698 1⁰.
679 2666 865 2700 diversi
898 2669 1050 2702 consules
1073 2668 1121 2701 ad
1142 2671 1331 2704 vastandos
1356 2683 1462 2716 agros

66 2725 230 2769 urbesque
260 2725 519 2770 oppugnandas
556 2725 748 2762 discedunt.
794 2726 848 2759 De
876 2726 1022 2771 propria
1045 2727 1201 2763 diversus
1234 2730 1398 2765 vocabuli
1423 2731 1457 2765 vi
