1630 3034
167 100 258 183 551ἱ
541 137 589 183 G.
618 135 946 181 SALLUSTI
977 136 1197 182 CRISPI

168 271 316 318 pauca
351 270 437 317 pro
474 254 639 299 delicto
679 269 759 300 suo
799 255 937 299 verba
988 255 1117 301 facit:
1173 255 1235 300 Se
1279 271 1369 301 non
1410 255 1591 304 hostili.

170 355 340 410 animo,
397 352 479 397 sed
539 353 599 396 ob
660 367 852 413 regnum
904 353 1138 397 tutandum
1194 368 1320 399 arma
1369 355 1557 415 cepisse.

104 453 154 492 13
168 453 286 497 Nam
321 450 560 495 Numidiae
595 456 796 510 partem,
835 450 955 495 unde
993 451 1036 495 vi
1070 449 1334 510 Iugurtham
1371 451 1559 513 expule-

168 551 246 609 rit,
291 550 386 593 iure
430 548 537 592 belli
586 562 712 592 suam
755 547 946 602 faetam3
993 563 1091 591 eam
1137 548 1301 591 vastari
1345 564 1372 592 a
1407 548 1558 593 Mario

165 648 262 708 pati
295 646 569 705 nequivisse3
603 651 862 706 praeterea,
909 644 1050 689 missis
1092 651 1221 689 antea
1257 646 1454 690 Romam
1490 646 1559 690 le-

103 746 305 806 14gatis,
341 744 573 804 repulsum
612 744 670 788 ab
710 743 914 790 amicitia.
989 741 1202 787 Ceterum
1235 748 1390 787 vetera
1425 743 1560 787 omit-

164 937 207 958 ρο
240 923 454 968 praesidium
487 922 642 967 quaerit,
673 923 765 967 quod
799 922 835 956 in
867 922 992 956 Nazar.
1028 923 1147 957 Mark.
1180 926 1225 958 Λ.
1257 923 1349 967 Reg.
1381 922 1492 957 Fabr.
1525 922 1560 957 1.

164 986 248 1021 Seu.
281 986 314 1019 1.
347 985 423 1019 Vin.
456 984 491 1018 1.
523 985 643 1019 Guelf.
669 985 701 1021 l.
727 984 762 1018 3.
787 983 820 1018 6.
847 988 881 1018 et
912 984 1000 1017 Tur.
1024 984 1057 1016 1.
1083 985 1123 1017 ob
1146 983 1358 1027 praepositio
1382 983 1560 1018 desidera-

163 1053 232 1089 tur,
258 1058 348 1090 quae
371 1046 427 1080 vel
453 1057 539 1079 casu
561 1046 707 1086 excidit,
747 1046 804 1079 vel
837 1045 968 1079 omissa
990 1044 1161 1089 ese-qnia
1187 1045 1339 1079 insolens
1366 1045 1561 1080 videbatur.

164 1109 333 1153 Supinum
358 1112 477 1141 autem
501 1111 539 1141 ut
561 1107 721 1140 codicum
745 1106 955 1141 auctoritate
977 1104 1190 1149 destituitur,
1217 1105 1267 1139 ita
1290 1116 1312 1140 a
1335 1104 1472 1139 dicendi
1496 1116 1563 1139 usu

161 1181 306 1214 prorsus
338 1169 518 1203 abhorret.
564 1168 657 1203 Nam
691 1180 800 1212 quum
832 1167 1019 1213 peculiaris
1051 1166 1158 1200 huius
1189 1167 1326 1201 formae
1349 1171 1502 1211 potestas
1523 1167 1563 1204 in

163 1231 229 1264 loci
261 1230 402 1263 notione
435 1231 688 1283 cernatur§(v.
714 1232 806 1275 Aug.
833 1228 1037 1263 Grotefendi
1061 1228 1220 1261 Gramm.
1246 1229 1323 1264 Lat.
1347 1230 1457 1273 ampl.
1483 1229 1560 1263 Vol.

161 1293 205 1326 Π.
239 1304 272 1336 p.
306 1291 388 1326 350.
425 1292 459 1336 ἕ.
492 1291 572 1326 441.
608 1293 770 1326 Gramm.
803 1291 913 1328 schol,
947 1302 979 1335 p.
1005 1287 1088 1323 2⁴6.
1121 1291 1152 1332 §.
1178 1289 1292 1334 313),
1320 1302 1387 1325 non
1413 1292 1572 1335 pendere'

161 1357 294 1398 potest,
326 1353 394 1388 nisi
425 1364 470 1387 ex
503 1353 620 1387 verbis
653 1358 765 1387 motus
794 1351 1088 1398 significationem
1116 1351 1348 1395 habentibus;
1383 1353 1562 1387 consilium

159 1427 223 1460 per
244 1427 283 1449 se
306 1426 485 1459 nunquam
508 1414 683 1458 exprimit.
1399 1417 1404 1419 ’

254 1479 286 1519 ς.
312 1476 368 1510 13.
417 1477 509 1511 unde
532 1477 569 1510 υἱ
593 1477 673 1521 Ing·
700 1475 892 1520 expulerit]
943 1477 983 1509 ln
1005 1475 1076 1509 hoc
1099 1475 1178 1509 loco
1201 1473 1456 1508 incredibiliter
1479 1484 1559 1507 coe-

161 1537 248 1572 cutit
279 1538 500 1572 acutissimus
535 1537 755 1572 Gerlachius.
816 1537 887 1580 Qui
918 1549 1027 1581 quum
1057 1537 1094 1571 in
1129 1536 1265 1570 maiore
1297 1535 1350 1569 ed.
1385 1539 1478 1568 recte
1510 1535 1562 1568 ita

160 1599 376 1643 scripsisset,
409 1604 449 1633 ut
476 1599 670 1640 edidimus,
702 1598 739 1632 in
756 1598 972 1634 Commentt.
997 1611 1028 1643 p.
1053 1599 1133 1633 329.
1157 1609 1226 1632 non
1250 1598 1365 1632 solum
1391 1597 1561 1641 expulerit

160 1660 291 1695 mutari
314 1661 390 1694 vult
412 1660 448 1694 in
473 1661 664 1704 expulerat,
690 1660 986 1702 quemadmodum
1008 1671 1091 1694 sane
1114 1663 1225 1694 exstat
1245 1659 1281 1693 in
1306 1658 1561 1703 compluribus,

159 1735 272 1767 neque
296 1726 413 1756 tamen
438 1720 753 1765 praestantioribus
776 1721 972 1763 codicibus,
1004 1722 1064 1755 sed
1096 1721 1205 1755 etiam
1239 1722 1375 1755 Marius
1401 1720 1456 1753 vel
1480 1724 1561 1754 anto

157 1785 216 1818 vel
241 1787 318 1828 post
344 1783 556 1828 Iugurtham
583 1793 624 1815 ex
649 1781 849 1816 coniectura
873 1782 1093 1816 inserendum
1117 1786 1244 1816 censet.
1279 1782 1348 1816 Sed
1374 1786 1412 1816 ut
1433 1780 1559 1826 pingui

158 1844 301 1891 ingenio
325 1843 563 1889 excogitatum
588 1848 658 1882 est,
685 1843 794 1876 Marii
818 1854 943 1877 nomen
968 1843 1002 1877 in
1027 1845 1063 1877 υἱ
1087 1855 1171 1877 voce
1198 1845 1330 1885 latere,
1357 1847 1418 1877 aut
1441 1854 1474 1876 m
1500 1843 1558 1877 lit-

157 1911 233 1941 tera
258 1910 338 1950 post
362 1906 582 1951 Iugurtham
606 1906 812 1948 absorptum
831 1915 910 1951 esse
934 1905 1039 1948 (quis
1061 1905 1156 1938 enim
1179 1904 1376 1949 crediderit,
1404 1905 1557 1938 Marium

156 1969 233 2002 sola
257 1980 290 2001 m
316 1967 432 2001 littera
456 1966 490 2000 in
516 1967 614 2000 codd.
649 1966 833 2010 scribi?)‚
869 1966 918 2001 ita
950 1966 1121 2000 sententia
1154 1965 1302 2010 pessime
1334 1965 1557 2010 pervertitur,

157 2031 187 2064 si
214 2030 369 2064 Marium
395 2028 562 2072 expulerit
588 2027 686 2061 verbi
711 2027 907 2062 subiectum
931 2039 1008 2062 esse
1030 2028 1204 2062 statueris.
1264 2029 1317 2062 An
1342 2026 1491 2070 ineptius
1515 2037 1558 2060 ac

157 2091 264 2124 simul
288 2090 510 2135 arrogantius
535 2088 632 2132 loqui
658 2089 771 2132 potuit
794 2090 968 2128 Bocchus}
993 2089 1020 2123 si
1047 2090 1114 2123 hoc
1137 2089 1242 2123 dixit:
1267 2100 1346 2122 eam
1369 2087 1558 2123 Numidiae

157 2156 314 2195 partem,
347 2152 438 2185 unde
477 2151 614 2184 Marius
646 2150 769 2194 (cuius
795 2151 950 2196 gratiam
974 2151 1089 2185 missis
1112 2151 1240 2195 legatis
1263 2149 1473 2194 expetebat)
1500 2149 1558 2182 lu-

157 2213 327 2258 gurtham
352 2212 527 2255 expulerit
552 2213 728 2255 (quaeque
753 2212 798 2246 ob
827 2212 860 2246 id
887 2213 1121 2246 Romanorum
1147 2216 1239 2252 erat,
1263 2211 1395 2255 quippe
1418 2210 1478 2254 qni
1502 2210 1556 2244 vi-

158 2279 270 2308 ctores
294 2277 420 2307 essenti
447 2275 522 2307 iure
547 2273 630 2307 belli
655 2284 752 2307 suam
780 2274 961 2308 factamP!
992 2275 1071 2307 lloc
1095 2273 1205 2318 igitur
1228 2273 1351 2307 tulisse
1375 2274 1556 2307 Romanos

158 2347 200 2369 ac
224 2335 452 2377 concessisse,
489 2339 526 2369 ut
558 2335 691 2368 alienus
720 2335 754 2368 in
778 2346 876 2368 suam
903 2336 1070 2379 praedam
1094 2334 1303 2368 invaderet?
1339 2335 1413 2377 Quo
1438 2338 1554 2367 autem

159 2398 240 2430 belli
265 2397 339 2431 iure
365 2397 492 2438 fiebat,
521 2401 559 2430 nt
582 2396 746 2431 Bocchus
773 2396 960 2430 Numidiae
983 2400 1118 2440 partem
1145 2408 1168 2429 a
1195 2397 1309 2430 Mario
1333 2401 1473 2440 captam
1500 2395 1554 2428 fn-

158 2462 252 2491 ceret
285 2458 414 2492 suam?
449 2458 607 2501 Denique
639 2457 781 2491 ubinam
815 2457 945 2503 legitur
969 2458 1178 2503 Iugurtham
1211 2462 1292 2491 lunc
1316 2457 1457 2501 quidem
1483 2455 1554 2490 Nu-

110 2539 114 2543 ,
157 2519 288 2552 midiae
313 2524 411 2561 parte
435 2530 457 2553 a
483 2519 652 2552 Romanis
678 2520 853 2563 expulsum
874 2520 1006 2562 fuisse,
1044 2519 1104 2563 qui
1129 2518 1318 2553 exercitum
1343 2517 1447 2551 modo
1470 2516 1552 2556 buc,

158 2581 263 2615 modo
284 2580 368 2614 illuc
391 2581 542 2620 duceret,
566 2591 677 2623 neque
701 2580 734 2613 iu
761 2591 866 2613 inuam
891 2579 1070 2625 regionem
1094 2585 1183 2614 esset
1205 2578 1430 2623 compulsus?
1455 2578 1553 2611 Haec

159 2641 278 2675 omnia
313 2643 408 2675 solus
436 2641 648 2675 Gerlacliius
682 2641 760 2683 scit,
791 2642 863 2682 scd,
899 2653 961 2685 pro
997 2642 1107 2682 dolor,
1145 2641 1306 2685 expedire
1336 2641 1466 2674 oblitus
1489 2642 1553 2673 est.

158 2704 228 2738 Sed
253 2703 368 2737 missis
398 2703 474 2743 bis,
508 2703 677 2747 expulerit
711 2703 976 2747 intelligendum
1006 2708 1058 2736 est
1082 2703 1124 2735 de
1157 2703 1229 2746 ipso
1254 2702 1412 2743 Boccho,
1446 2711 1550 2744 quem

158 2765 189 2798 1³
192 2765 276 2799 uber
299 2770 392 2799 recte
417 2764 504 2799 sidit
528 2765 616 2799 bueo
640 2775 709 2799 non
733 2775 774 2798 ex
800 2775 881 2798 vero
909 2764 1044 2804 dicere,
1076 2764 1134 2797 sed
1161 2765 1322 2808 fingere,
1356 2767 1394 2797 ut
1416 2760 1550 2795 bellum
