1630 3034
440 185 798 230 IUGURTHA.
848 186 976 230 CAP.
1007 185 1190 229 LXXV.
1435 189 1523 231 395

136 300 331 345 Thalam
375 302 633 362 flumenque
672 302 949 364 proximum,
990 303 1135 364 spatio
1171 302 1355 348 millium
1391 303 1523 362 quin-

135 398 378 459 quaginta,
432 400 535 443 loca
574 400 698 444 arida
739 405 873 458 atque
918 405 1041 444 vasta
1081 415 1179 445 esse
1224 406 1523 460 cognoverat,

134 499 285 540 tamen
321 511 405 556 spe
433 496 638 556 patrandi
673 497 802 553 belli,
843 497 878 540 si
916 497 1007 541 eius
1050 496 1213 557 oppidi
1247 497 1414 556 potitus
1450 497 1523 542 fo—

136 597 218 644 ret,
255 593 394 638 omnis
422 593 681 653 asperitates
714 593 1027 653 supervadere,
1064 609 1117 637 ac
1152 599 1353 637 naturam
1389 594 1522 637 etiam

135 688 313 733 vincere
358 690 637 750 aggreditur.
715 689 858 750 Igitur
907 690 1056 734 omnia
1096 690 1293 734 iumenta
1338 690 1554 735 sarcinis3

137 785 274 829 levari
319 786 468 844 iubet,
515 787 595 831 nisi
630 787 856 831 frumento
888 786 1063 831 dierum
1104 786 1289 840 decem3
1326 793 1525 831 ceterum

136 958 226 992 que
246 949 401 995 plerique
425 950 509 984 ferri
531 953 643 994 potest
666 950 733 994 (ef.
759 963 789 985 c.
813 951 968 993 LXXVI,
991 950 1066 996 6.),
1090 961 1304 995 quamquam
1327 950 1441 985 oratio
1464 951 1525 985 de-

136 1010 368 1045 monstrativo
400 1012 560 1055 paullum
595 1011 775 1056 inelegans
807 1011 857 1046 fit.
887 1031 925 1037 —
963 1012 1128 1045 Filiorum
1157 1022 1211 1055 pu
1223 1012 1392 1046 critiae
1416 1014 1527 1046 cultus

136 1069 221 1112 quid
243 1070 308 1112 sit,
333 1071 422 1105 bene
444 1071 632 1115 explicavit
655 1071 853 1117 Herzogius
877 1072 922 1106 ad
946 1072 1051 1107 Catil.
1071 1072 1225 1114 XLVIII,
1249 1072 1292 1113 23
1324 1072 1527 1118 intelligun-

60 1143 64 1147 ’
90 1169 93 1171 ,
135 1132 194 1164 tur
216 1131 307 1165 enim
333 1134 470 1176 omnia,
504 1144 732 1177 quaecunque
759 1134 803 1167 ad
825 1144 952 1177 pueros
973 1134 1072 1179 regio
1101 1144 1194 1166 more
1219 1134 1417 1168 excolendos
1441 1134 1526 1168 edu-

137 1192 332 1237 candosque
352 1195 596 1238 pertinebant,
634 1195 728 1228 velut
752 1195 875 1228 domus
903 1194 1000 1238 ipsa,
1032 1192 1133 1226 varia
1167 1194 1340 1236 supellex,
1376 1194 1528 1235 familia,

136 1262 324 1295 puerorum
350 1256 569 1297 educatores,
602 1259 636 1289 et
667 1266 758 1299 quae
780 1258 858 1288 sunt
883 1254 955 1288 alia
978 1253 1084 1286 huius
1107 1253 1265 1297 generis,
1298 1255 1342 1289 ad
1366 1259 1528 1289 ornatum

137 1315 493 1360 etmagnfficentiam
515 1315 652 1361 regiam
677 1315 882 1349 necessaria.
923 1313 1145 1356 Gerlachius,
1170 1313 1231 1357 qui
1255 1316 1349 1349 cultu
1373 1320 1527 1349 tantum-

137 1375 243 1410 modo
266 1376 459 1421 significari
484 1381 600 1410 censet
624 1387 772 1419 aurum,
805 1381 1012 1421 argentum,
1047 1386 1206 1420 gemmas
1236 1385 1279 1409 ac
1301 1380 1436 1417 vestes,
1459 1387 1528 1410 nou

137 1435 222 1470 satis
246 1437 289 1470 ad
315 1442 520 1480 potestatem
544 1438 717 1482 pueritiae
739 1437 835 1471 vocis
858 1438 999 1470 videtur
1022 1435 1218 1471 attendisse.

231 1500 263 1540 §.
287 1498 321 1532 2.
371 1504 546 1542 comperta
571 1501 678 1539 sunt]
716 1500 804 1532 Sunt
829 1498 966 1531 Coi-tius
989 1496 1127 1539 omisit,
1151 1495 1241 1529 nihil
1265 1495 1309 1529 «ie
1330 1496 1404 1530 suis
1428 1497 1527 1531 codd.

137 1568 302 1599 monens;
336 1560 395 1592 sed
420 1571 527 1603 quum
553 1559 676 1594 relicui
702 1569 821 1592 omnes
844 1561 1000 1598 teneant,
1033 1556 1169 1590 incuria
1192 1556 1358 1590 excidisse
1379 1557 1528 1592 videtur.

136 1618 191 1652 De
213 1620 320 1653 verbo
345 1626 555 1664 compertum
580 1631 611 1654 V.
633 1621 675 1654 ad
702 1631 732 1654 c.
759 1619 868 1659 XVII,
892 1617 942 1658 ’ἐς
967 1618 1009 1651 de
1034 1617 1070 1650 vi
1094 1616 1201 1651 dativi
1227 1618 1269 1651 ad
1296 1602 1474 1659 c.‘x[.v1‚
1493 1618 1528 1653 2.

137 1698 183 1704 —
198 1679 287 1713 Ante
310 1682 423 1725 spatio
446 1681 551 1725 longe
574 1679 716 1731 plurimi
739 1679 823 1713 libri
847 1680 884 1712 in
908 1679 1059 1719 addunt3
1095 1678 1186 1721 quod
1211 1689 1316 1721 quum
1340 1689 1362 1713 a
1386 1680 1529 1714 Latino·-

138 1750 218 1773 rum
241 1752 304 1774 usu
330 1742 435 1775 valde
459 1742 660 1782 abhorreat,
684 1740 802 1774 cortio
827 1740 1046 1780 assentimur,
1073 1738 1133 1783 qui
1157 1738 1446 1782 praepositionem
1465 1740 1529 1774 ab-

137 1800 325 1836 iiciendam
358 1802 511 1843 censuit,
545 1802 627 1836 licet
650 1802 718 1835 duo
743 1801 856 1841 codd„
882 1800 1000 1834 Guelf.
1026 1799 1059 1833 9.
1092 1803 1126 1832 et
1164 1798 1250 1832 Min.
1274 1799 1322 1842 2„
1345 1801 1528 1842 addicant3

137 1873 250 1906 neque
272 1868 325 1896 est
347 1863 439 1906 quod
463 1863 618 1904 dubites,
650 1862 814 1896 voculam
838 1872 879 1894 ex
903 1860 1030 1894 ultima
1053 1859 1253 1904 praegressi
1277 1862 1440 1895 vocabuli
1464 1862 1530 1896 lit-

140 1927 215 1958 tera
246 1929 361 1958 ortam
393 1935 478 1957 esse.
527 1923 702 1957 Distantia
735 1926 852 1956 autem
886 1922 1035 1954 duorum
1072 1921 1230 1953 Iocorum
1263 1921 1422 1966 legitime
1454 1922 1531 1973 solq

139 1984 296 2018 ablativo
319 1984 559 2029 significatum
593 1985 639 2017 cf.
672 1984 765 2017 infra
800 1994 828 2016 c.
854 1983 944 2024 XCI,
970 1980 1002 2014 3.
1060 1981 1195 2013 Marius
1215 1982 1376 2025 pervenit
1411 1982 1448 2016 in
1470 1983 1529 2017 lo-

140 2055 253 2086 cum,
288 2045 332 2077 ab
360 2045 475 2088 Capsa
498 2056 566 2078 non
590 2045 740 2088 amplius
765 2044 869 2077 duum
901 2042 1047 2076 millium
1078 2041 1357 2075 intervallo.
1383 2042 1469 2085 cvl,
1492 2043 1528 2078 5.

144 2105 353 2150 Iugurtham
378 2106 513 2138 circiter
537 2105 642 2138 duum
667 2105 813 2138 millium
838 2103 1100 2137 intervallo
1125 2107 1205 2135 anie
1229 2103 1431 2137 consedisse.
1470 2104 1531 2138 Li-

142 2165 190 2199 vii
215 2166 375 2209 exempla
399 2165 708 2199 Drakenborchius
735 2165 779 2199 ad
802 2165 868 2205 VI,
892 2164 960 2203 32,
985 2163 1019 2197 9.
1051 2162 1199 2197 contulit
1219 2163 1328 2196 haec:
1361 2158 1470 2205 XXV,
1493 2164 1528 2206 9,

140 2225 174 2260 3.
213 2227 289 2270 Ipse
312 2226 504 2270 quindecim
524 2228 638 2269 ferme
661 2226 807 2259 millium
831 2225 987 2269 spatio
1011 2228 1130 2256 castra
1154 2224 1198 2257 ab
1225 2224 1380 2258 Tarento
1401 2226 1528 2269 posuit.

142 2287 252 2329 XXV,
276 2285 333 2329 40,
356 2285 390 2320 9.
442 2287 492 2320 Ab
517 2287 612 2321 hoste
635 2290 801 2331 quattuor
825 2287 943 2328 ferme
974 2285 1118 2317 millium
1152 2285 1425 2320 intervallo
1449 2294 1531 2321 con-

140 2348 241 2382 eedit.
290 2348 340 2380 Ex
364 2347 490 2390 quibus
516 2347 599 2380 loeis
629 2346 760 2391 pariter
782 2345 993 2390 intelligitur
1021 2346 1199 2378 Romanos
1223 2345 1257 2378 in
1283 2356 1447 2381 mensura
1469 2347 1529 2382 iti-

142 2419 265 2442 nerum
300 2406 530 2452 significanda
568 2410 733 2452 passuum
775 2406 934 2440 omittere
975 2405 1095 2439 solitos
1135 2405 1256 2439 fuisse.
1312 2407 1458 2441 Praeter
1496 2419 1529 2441 c.

143 2469 298 2509 xum,
321 2467 355 2502 3.
380 2472 414 2501 et
437 2468 531 2501 locos
560 2479 581 2502 a
604 2468 725 2502 Cottio
749 2467 942 2510 ascriptos,
975 2467 1051 2500 Liv.
1078 2467 1247 2510 XXXVI,
1272 2466 1330 2508 10,
1355 2467 1411 2504 11.
1460 2469 1529 2512 Op-

140 2530 261 2575 pidum
297 2529 410 2563 Gonni
440 2529 573 2573 viginli
601 2528 749 2562 millia
780 2527 824 2559 ab
859 2526 1003 2560 Larissa
1038 2528 1156 2567 abenn-
1191 2528 1240 2564 id.
1267 2528 1367 2569 xm,
1391 2528 1458 2570 19,
1493 2529 1530 2563 9.

149 2591 254 2632 Urbs,
279 2601 368 2634 quae
386 2591 467 2632 fere
491 2590 669 2623 duodecim
701 2588 861 2622 millia
894 2588 938 2620 ab
961 2589 1086 2622 castris
1110 2589 1368 2622 Bastarnarum
1394 2590 1530 2629 aberat,

144 2651 224 2685 vide
255 2651 358 2693 plura
392 2652 482 2694 apud
516 2650 778 2684 Drakenborch.
805 2649 848 2682 ad
882 2649 959 2682 Liv.
984 2649 1040 2689 VI,
1063 2648 1121 2691 32,
1144 2649 1178 2683 9.
1214 2654 1252 2683 ut
1276 2650 1383 2691 XXV,
1411 2650 1469 2692 ll,
1494 2650 1530 2686 8.
1562 2653 1565 2656 ’

145 2711 311 2753 XXVIII,
335 2711 393 2752 37,
419 2710 452 2746 4.
477 2711 629 2752 XXXII,
654 2710 688 2754 6,
715 2709 749 2746 2,
773 2709 889 2751 XIN,
913 2708 979 2750 10,
1003 2709 1035 2744 4.
1063 2729 1104 2734 —
1143 2710 1289 2745 Pati-are
1321 2711 1446 2745 bellum
1469 2722 1531 2745 ex-

145 2772 227 2816 plic.
249 2772 293 2807 ad
317 2783 348 2806 c.
379 2771 472 2812 xxi,
494 2771 529 2806 2.
555 2791 599 2797 —
631 2771 701 2806 Pro
730 2771 849 2816 oppidi
871 2769 974 2815 pauci
1007 2769 1105 2805 codd.
1137 2770 1220 2806 setin
1253 2770 1370 2816 inepte
1400 2771 1531 2806 habent
