1630 3034
423 167 787 211 IUGURTHA.
849 165 986 209 CAP.
1016 163 1192 216 LXVII.
1412 166 1500 207 863

257 284 441 329 vall.
511 285 704 329 Romani
747 282 931 339 milites,
977 280 1220 342 improviso
1264 286 1386 324 metu
1429 280 1499 323 in-

123 382 230 426 certi
264 382 511 442 ignarique,
540 381 646 439 quid
682 381 973 441 potissumum
1005 379 1217 433 facerent,
1252 376 1502 437 trepidare3

121 478 182 522 ad
211 494 361 522 arcem
396 478 580 538 oppidi,
620 477 696 521 ubi
734 477 859 536 signa
905 482 950 520 et
985 481 1108 520 scuta
1143 473 1500 541 mann-praesi-

122 575 243 619 dium
277 575 497 629 hostium3
531 579 690 634 portae
733 579 836 617 ante
872 572 1047 616 clausae
1085 572 1242 632 fugam
1282 570 1500 631 prohibe-

123 753 191 788 tita
224 758 472 798 congesserunt
505 752 702 786 Gronovius
739 754 773 786 et
803 751 1066 785 Drakenborch.
1100 751 1145 785 ad
1168 751 1312 793 XXVII,
1338 749 1372 791 1,
1395 748 1436 791 83
1462 760 1504 782 ex

121 814 248 858 quibus
270 815 431 848 omnibus
461 817 558 857 patet
589 813 766 857 trepidare
789 824 928 856 semper
948 812 1171 847 intransitivo
1201 823 1302 846 sensu
1325 810 1425 844 idem·
1441 821 1505 844 va-

123 876 195 909 lere
218 879 322 919 atque
343 875 378 908 in
404 875 636 918 trepidatione
658 885 750 915 esse,
783 884 960 916 nunquam
984 877 1102 907 autem
1127 872 1326 918 significare
1352 883 1426 905 cum
1445 873 1506 914 fe-

120 937 306 971 stinatione
329 936 479 980 aliquem
502 935 611 968 locum
634 940 763 978 petere.
800 934 952 968 Fallitur
974 933 1067 967 enim
1090 933 1240 975 Cortius‚
1264 933 1325 977 qui
1347 933 1392 967 ad
1414 933 1508 965 hane

121 998 333 1031 sententiam
350 996 568 1040 probandam
591 995 647 1028 his
672 995 763 1028 Livii
787 995 873 1028 loeis
896 995 1023 1029 utitur:
1054 995 1123 1035 lx,
1147 993 1215 1035 37,
1237 994 1272 1027 9.
1322 993 1417 1026 Alios
1440 992 1506 1025 im-

122 1058 286 1098 mobiles,
319 1057 407 1090 alios
435 1057 675 1099 semisomnos,
717 1057 905 1089 mus-imam
936 1060 1074 1100 partem
1107 1055 1164 1088 ad
1196 1065 1321 1088 arma
1360 1052 1507 1096 trepi-

124 1118 290 1152 dantes
313 1117 436 1150 caedes
460 1117 645 1160 oppressit,
669 1127 757 1160 quae
780 1117 889 1150 verba
913 1116 1112 1161 significant
1144 1117 1267 1150 inter
1300 1115 1507 1158 trepida-

123 1179 290 1212 tionem
321 1189 422 1211 urma
451 1178 635 1220 capientes.
693 1178 731 1210 In
774 1177 886 1210 altero
918 1181 1033 1211 antem
1065 1177 1144 1210 loco
1177 1177 1316 1218 xxm,
1349 1175 1413 1218 16,
1448 1175 1506 1210 12.

127 1240 216 1273 Dum
247 1240 284 1273 in
314 1250 378 1272 sua
411 1239 552 1282 quisque
587 1238 780 1272 ministeria
823 1239 976 1271 discursu
1015 1238 1226 1282 trepidat
1264 1237 1321 1271 ad
1360 1236 1509 1281 prima

126 1301 282 1345 signa,
316 1299 526 1343 praepositio
551 1299 598 1332 ad
622 1310 688 1332 nou
723 1302 838 1332 motus
862 1299 920 1331 sed
956 1297 1081 1341 quietis
1114 1309 1251 1331 sensum
1285 1298 1416 1338 habet,
1439 1297 1509 1329 hoc

125 1361 261 1395 dicente
287 1361 408 1395 Livio:
442 1361 524 1394 dum
557 1372 675 1394 omnes
707 1359 743 1392 in
768 1369 831 1392 sua
855 1358 1048 1392 ministeria
1082 1359 1305 1392 discurrendo
1330 1357 1510 1401 trepidant

127 1423 254 1466 apud
284 1423 429 1472 prima
472 1423 573 1467 sign
590 1434 624 1455 α.
671 1423 710 1454 ln
741 1419 902 1452 Sallustii
934 1418 1044 1463 igitur
1070 1420 1185 1453 verbis
1209 1430 1320 1463 neque
1343 1416 1508 1461 loquendi

126 1495 210 1518 usus
242 1482 412 1526 permittit
439 1483 617 1527 trepidare
647 1482 695 1515 ad
718 1491 832 1514 arcem
857 1479 1043 1524 coniungi,
1076 1485 1112 1513 et
1135 1479 1297 1513 universa
1321 1478 1512 1512 sententiae

125 1545 217 1578 ratio
243 1543 327 1577 huic
355 1547 552 1577 structurae
581 1543 703 1576 obstat.
750 1541 840 1575 Nam
866 1551 972 1584 quum
997 1543 1118 1573 auctor
1152 1539 1270 1573 statim
1295 1542 1371 1583 post
1394 1541 1513 1572 narret

127 1615 291 1648 anceps
324 1605 454 1638 malum
480 1605 596 1638 caveri
618 1615 685 1637 non
707 1602 880 1646 potuisse,
914 1611 1056 1634 necesse
1088 1604 1137 1634 est
1168 1600 1204 1633 in
1227 1600 1436 1645 antegressis
1458 1598 1512 1632 di-

127 1670 221 1700 ctum
251 1665 359 1699 fuisse
382 1665 425 1698 de
447 1664 513 1698 isto
536 1665 653 1706 malo,
690 1675 712 1698 a
735 1662 878 1697 diversis
902 1661 1058 1706 partibus
1082 1661 1241 1695 instante.
1290 1664 1423 1704 Anceps
1447 1670 1511 1693 au-

127 1732 199 1762 tem
227 1727 360 1760 malum
394 1737 435 1760 eo
467 1725 668 1768 constabat,
704 1725 796 1768 quod
829 1734 944 1767 neque
974 1722 1011 1755 in
1036 1733 1152 1755 arcem
1174 1721 1328 1765 recipere
1351 1731 1388 1754 se
1411 1723 1511 1763 pote-

128 1792 226 1829 rant,
251 1785 424 1831 praesidio
447 1786 601 1820 hostium
625 1789 853 1829 occupatam,
886 1794 999 1828 neque
1025 1795 1065 1816 ez·
1088 1783 1170 1816 urbe
1192 1785 1399 1827 profugere,
1430 1791 1511 1823 por-

128 1848 172 1883 tis
204 1853 284 1882 ante
318 1847 457 1882 clausis.
506 1847 618 1880 Aliter
647 1846 787 1890 quidem
813 1844 951 1879 Cortins
976 1855 1104 1888 anceps
1125 1844 1257 1876 malum
1287 1841 1394 1874 fuisse
1417 1839 1513 1881 dicit,

128 1909 219 1952 quod
242 1913 316 1942 tum
340 1918 361 1941 a
385 1907 572 1942 coniuratis
593 1908 648 1951 (V.
671 1919 701 1940 c.
725 1906 845 1947 LXVI,
868 1905 902 1939 3.
925 1904 979 1948 4.)
1005 1910 1078 1938 tum
1103 1915 1124 1938 a
1146 1901 1351 1937 mulieribus
1373 1905 1408 1934 et
1430 1912 1514 1943 pue-

130 1969 179 2003 ris
201 1969 423 2010 immineret3
455 1968 557 2002 aliter
578 1967 684 2001 etiam
717 1965 870 1999 Weisius
885 1991 893 2007 ,
927 1965 987 2008 qui
1019 1964 1127 1998 refert
1153 1963 1197 1997 ad
1222 1964 1333 1997 solam
1357 1972 1513 2006 pugnam

131 2029 318 2064 mulierum
350 2040 391 2062 ex
415 2029 517 2062 tectis
541 2028 680 2061 aedium
703 2027 769 2059 sibi
790 2026 1023 2068 oppositarum
1055 2025 1196 2057 factam.
1240 2022 1310 2056 Sed
1334 2021 1514 2065 utriusque

132 2089 337 2125 sententiam
368 2090 497 2122 falsam
530 2100 603 2122 esse
634 2099 677 2121 ex
711 2097 752 2120 eo
789 2085 1018 2129 intelligitur,
1051 2084 1143 2127 quod
1173 2084 1280 2117 verba
1312 2094 1457 2126 neque
1490 2092 1514 2115 a

124 2151 337 2194 fortissumis
360 2150 597 2193 infirmissumo
620 2148 742 2192 generi
764 2147 879 2180 resisti
897 2157 1009 2190 posse,
1025 2145 1150 2188 quibus
1167 2144 1211 2177 ad
1234 2144 1336 2177 istam
1359 2154 1515 2187 pugnam

131 2211 330 2245 muliebrem
353 2209 554 2254 respicitur,
588 2219 649 2252 per
667 2207 921 2251 oppositionem
945 2206 1093 2239 discreta
1116 2209 1194 2238 sunt
1226 2204 1271 2237 ab
1296 2203 1362 2246 iis,
1390 2203 1516 2247 quibus

134 2272 178 2305 de
207 2272 351 2314 ancipiti
381 2273 474 2304 malo
497 2271 637 2306 dicitur,
683 2269 764 2302 Huc
793 2267 945 2308 accedit,
984 2266 1074 2309 quod
1105 2265 1318 2309 praesidium
1353 2264 1514 2305 hostium,

133 2343 224 2375 quae
255 2333 363 2365 verba
396 2343 437 2364 ex
462 2330 603 2375 vulgari
634 2328 910 2372 interpunctione
942 2338 1021 2360 cum
1045 2324 1266 2368 sequentibus
1287 2329 1409 2368 portae
1433 2329 1515 2358 unte

134 2395 275 2428 clausae
299 2391 542 2437 coniungenda
565 2396 663 2432 sunt,
695 2401 762 2424 non
787 2389 893 2423 modo
919 2388 1029 2422 otiosa
1053 2386 1234 2426 videntur,
1257 2386 1317 2419 sed
1340 2386 1448 2419 etiam
1471 2384 1515 2418 ad

131 2459 254 2499 portas
277 2454 388 2487 relata
411 2452 669 2486 incommodum
694 2455 728 2485 et
752 2451 939 2484 obscurum
963 2459 1101 2482 sensum
1126 2447 1276 2487 habent3
1301 2457 1385 2480 nam
1407 2444 1516 2488 portis

133 2516 262 2550 clausis
303 2513 516 2557 praesidium
561 2511 647 2546 alibi
687 2522 792 2555 quam
829 2510 864 2543 in
896 2509 1006 2553 portis
1041 2507 1169 2548 fuisse,
1200 2507 1305 2541 facile
1339 2505 1515 2540 coniicias.

134 2577 246 2611 Locus
279 2579 394 2609 autem
428 2574 477 2607 ita
511 2573 747 2607 conformatus
779 2578 849 2612 est,
882 2575 922 2604 ut
954 2569 1059 2603 verbo
1092 2568 1270 2612 trepidare
1303 2565 1517 2611 generaliter

134 2637 246 2681 posito
270 2648 333 2680 per
358 2639 471 2679 partes
493 2633 724 2668 subiiciantur
748 2642 908 2671 caussae,
932 2641 994 2663 cur
1016 2628 1268 2673 trepidaretur,
1289 2626 1393 2670 idque
1416 2627 1518 2669 plane

135 2702 186 2731 est
209 2709 251 2731 ex
275 2696 431 2730 Sallustii
458 2706 573 2735 more,
606 2694 650 2727 cf.
676 2693 720 2727 ad
746 2693 820 2726 Cat.
846 2691 949 2731 xm,
975 2690 1008 2724 3.
1035 2694 1070 2724 et
1094 2690 1140 2724 ad
1160 2690 1241 2734 lug.
1265 2686 1458 2727 xxxvnl,
1482 2685 1517 2721 3.

139 2757 228 2792 Tres
252 2743 527 2803 igitur'caussae
549 2753 739 2799 trepidandi
764 2763 872 2797 quum
897 2751 1089 2787 afferantur
1104 2776 1114 2793 ,
1139 2760 1252 2794 praes.
1275 2749 1366 2783 host.
1391 2747 1435 2782 ud
1459 2757 1515 2780 ur-
