1630 3034
417 121 588 161 RERUM
601 166 605 169 ,
618 121 680 161 AC
710 121 979 161 VERBORUM
1328 119 1382 160 53

11 231 178 264 Necessaria·
195 232 217 264 i.
237 241 267 274 q.
287 230 407 264 officiis
425 233 568 272 astricti,
586 232 610 265 1.
634 231 711 270 103.
729 232 760 264 2.

10 287 202 319 Necessitudo
219 288 242 319 i.
261 297 291 330 q.
313 286 499 327 calamitas,
520 287 554 321 C.
579 287 632 327 17,
649 287 682 322 2.

10 343 136 383 Nedum,
152 341 188 375 C.
208 342 262 382 11,
279 343 311 375 8.

9 398 126 440 Negare
143 398 236 432 verbi
255 400 343 431 notio
361 401 482 432 transit
498 401 532 432 in
552 401 661 439 dicere,
678 399 703 433 1.
724 399 800 439 106,
815 400 847 432 3.
899 389 973 439 111,
992 401 1023 433 2.

8 455 175 496 Neyaeitmi,
193 464 258 497 qua
274 455 392 498 prioris
409 455 543 488 membri
561 455 696 488 verbum
713 455 806 488 aiens
825 460 977 497 negatur,
1005 455 1036 487 id
1054 455 1156 498 ipsum
1173 455 1306 488 verbum
1324 456 1382 488 ad-

98 510 198 549 ditur,
223 510 247 543 I.
267 510 322 550 85,
341 510 395 543 38.

8 566 131 608 Neqatio
148 565 325 598 adiectivis
342 566 454 599 addita
473 567 599 600 litotem
616 567 730 607 efficit,
749 568 784 600 C.
805 567 836 601 3.
858 567 885 599 1.

7 621 147 661 Neyitare
163 622 301 662 gravius
320 627 373 654 est
389 632 485 664 quam
503 634 624 664 ueyare,
643 622 668 655 Ι.
693 622 768 662 111,
786 623 818 656 2.

6 676 136 718 Neqleqo
155 677 337 720 perfectum
355 678 457 711 habet
473 680 601 720 neyleyi,
627 679 650 711 1.
672 678 726 712 40.
746 678 775 710 1.

6 732 210 774 Neqliqeneiae
231 734 328 776 culpa
345 733 526 767 Sallustius
543 745 605 767 non
623 735 745 777 ubique
762 738 865 773 caret,
882 734 906 766 Ι.
930 734 981 768 19.
997 735 1027 766 3.

5 789 132 830 Neyotia
149 790 238 832 quid,
265 787 304 823 C.
324 789 357 829 2,
374 790 407 823 2.
458 789 512 828 48,
532 792 563 822 5.
611 789 635 822 I.
656 791 688 829 4,
706 791 738 822 4.

6 845 159 886 Neqoliari
177 850 212 878 et
228 847 438 887 neqotialores,
458 844 494 877 C.
513 845 569 884 40,
586 845 618 879 2.
669 845 692 877 Ι.
715 846 768 884 64,
788 847 820 878 5.

5 901 180 942 Neqotiosus
198 902 220 933 i.
242 911 271 944 q.
291 901 390 934 rebus
407 901 561 942 gerendis
579 901 739 940 intentus,
766 900 800 933 C.
820 901 853 940 8,
873 903 904 933 5.

5 957 116 999 Nempe
132 967 174 989 ex
191 956 406 990 Germanicae
423 957 558 998 linguae
575 957 703 989 ratione
713 957 859 999 suppleri
876 961 996 999 potest,
1015 958 1069 989 ubi
1088 954 1236 998 generali
1249 963 1384 990 senten-

94 1014 163 1046 tiae
179 1014 304 1046 finitior
317 1014 390 1046 sine
406 1013 573 1056 particula
589 1013 790 1052 annectitur,
818 1012 852 1045 C.
870 1011 926 1051 29,
942 1012 972 1044 3.
1024 1012 1077 1051 51,
1098 1012 1128 1045 7.
1179 1013 1234 1050 52,
1256 1013 1305 1046 13.
1358 1014 1379 1046 Ι.

97 1069 152 1109 25,
173 1069 225 1102 10.

4 1125 105 1165 Neque
119 1135 177 1168 pro
197 1136 255 1156 non
272 1125 371 1158 valde
390 1130 592 1169 suspectum,
611 1125 636 1158 Ι.
655 1126 711 1164 44,
731 1126 760 1157 5.
811 1124 867 1164 84,
885 1124 916 1157 3.
967 1123 1021 1161 98,
1042 1125 1073 1157 4.

7 1180 108 1221 Neque
122 1181 144 1213 i.
165 1191 195 1223 q.
217 1191 308 1213 ne—
325 1183 456 1222 quide-511,
474 1181 497 1213 Ι.
518 1182 573 1219 44,
593 1182 623 1213 5.
674 1179 728 1220 57,
744 1180 774 1213 6.

5 1236 106 1277 Neque
122 1237 144 1269 i.
165 1246 195 1279 q.
217 1238 306 1269 eliam
319 1254 366 1260 —
382 1248 454 1276 non,
471 1236 495 1269 I.
512 1236 566 1276 98,
584 1237 615 1269 4.

4 1294 105 1335 Neque
120 1294 143 1326 i.
163 1303 194 1336 q.
215 1304 284 1325 nam
299 1311 344 1316 —
361 1304 432 1331 non,
457 1292 482 1325 1.
505 1292 580 1331 112,
599 1292 632 1325 3.

6 1341 108 1391 Neque
125 1350 148 1382 i.
171 1359 202 1392 q.
224 1360 320 1391 neque
337 1354 448 1388 tamen,
466 1348 490 1381 I.
510 1348 566 1386 20,
585 1348 615 1380 ὃ.

5 1406 104 1447 Neque
123 1415 186 1438 non
202 1406 277 1449 poni
294 1410 404 1449 potest
420 1406 453 1437 in
472 1405 671 1447 prohibitiva
688 1405 854 1436 sententia
868 1415 923 1446 pro
943 1415 1023 1436 net-c.
1043 1404 1078 1434 (Σ.
1099 1404 1154 1442 34,
1172 1405 1203 1435 2.
1233 1405 1255 1437 l.
1279 1405 1330 1442 14,
1351 1404 1387 1445 7.μ

7 1461 107 1503 Neque
123 1479 162 1484 —
184 1467 222 1502 et,
238 1461 263 1494 I.
286 1461 318 1501 1,
336 1463 366 1494 5.
416 1461 472 1500 84,
490 1460 522 1493 3.
573 1459 648 1498 107,
670 1461 701 1492 4.

3 1519 104 1560 Neque
117 1536 163 1542 —
179 1528 272 1559 neque
287 1517 472 1560 particulae
490 1526 553 1548 non
570 1516 785 1553 disiunctiva,
819 1517 878 1548 sed
904 1516 1092 1558 copulativa
1119 1517 1151 1548 vi
1169 1517 1296 1557 positae
1310 1541 1317 1551 .
1346 1516 1381 1548 C.

95 1574 199 1613 58,1.
250 1574 273 1606 Ι.
295 1573 399 1607 61.1.
449 1572 505 1609 89,
525 1571 559 1605 7.

4 1631 104 1671 Neque
119 1636 216 1662 tamen
234 1629 424 1661 transitioni
442 1628 596 1667 inservit,
621 1628 656 1660 C.
677 1628 730 1665 57,
749 1628 782 1659 4.

4 1687 205 1727 Nequicquam
220 1685 299 1727 quid
316 1684 449 1717 differat
464 1695 484 1716 a
499 1687 625 1724 frustra,
650 1683 674 1715 Ι.
696 1682 750 1721 31,
771 1684 800 1713 5.

4 1743 147 1782 Νεᾳυέιω·
164 1752 226 1773 uon
244 1741 307 1773 nisi
326 1750 397 1773 cum
414 1740 577 1772 infinitivo
595 1738 720 1782 passivi
739 1738 954 1769 construitur.
974 1738 996 1770 1.
1019 1737 1073 1771 31.
1094 1738 1126 1769 8.

5 1799 126 1830 Nescius
142 1798 253 1830 activo
271 1801 304 1829 et
320 1797 454 1840 passivo
471 1805 572 1828 sensu
589 1795 724 1827 dictum.
752 1794 786 1826 C.
809 1793 862 1829 10,
881 1795 911 1826 5.
962 1793 985 1825 Ι.
1006 1793 1060 1826 49.
1081 1795 1112 1825 5.

6 1855 67 1886 Neu
84 1855 297 1897 depravatum
315 1853 347 1885 in
362 1862 425 1891 nec,
452 1852 474 1884 I.
495 1851 526 1883 8.
547 1851 578 1881 2.

6 1911 69 1942 Neu
87 1915 122 1942 et
140 1920 175 1941 ne
192 1909 342 1946 confusa,
368 1908 391 1939 Ι.
414 1907 467 1944 14,
486 1907 541 1939 24.

7 1967 158 2003 Neutrum,
178 1975 209 1995 v.
233 1965 327 1995 Genus
342 1967 436 1994 neuer-

5 2022 146 2054 Neutrum
163 2020 400 2052 adiectivorum
418 2019 476 2048 loci
504 2021 538 2048 et
562 2022 701 2056 temporas
727 2025 829 2047 aurea
853 2020 964 2048 aetate
996 2026 1071 2048 raro
1099 2016 1301 2049 substantivi
1325 2026 1384 2059 po-

95 2080 217 2109 testate
235 2076 378 2118 ponitur,
403 2073 427 2105 Ι.
448 2071 503 2111 37,
521 2073 552 2104 4.
603 2071 658 2110 90,
677 2072 707 2104 1.

8 2133 83 2164 Neve
99 2133 121 2165 i.
145 2143 174 2174 q.
191 2136 217 2163 et
236 2142 282 2169 ne,
302 2131 337 2163 C.
359 2130 413 2168 34,
431 2130 464 2161 2.

6 2189 43 2221 Ni
59 2193 94 2221 et
108 2189 168 2219 nisi
184 2187 343 2226 confusa,
367 2186 393 2219 Ι.
413 2185 468 2223 31,
485 2184 541 2217 26.

8 2244 91 2277 Nihil
107 2244 147 2276 de
164 2244 315 2287 personis
335 2243 356 2275 i.
377 2252 407 2284 q.
428 2251 524 2278 neme,
544 2239 578 2272 C.
601 2239 655 2279 47,
676 2240 705 2272 1.

6 2301 90 2332 Nihil
112 2310 177 2342 qua
193 2300 321 2332 ratione
339 2309 395 2341 pru
413 2307 469 2327 uon
489 2296 631 2330 dicatur.
658 2294 692 2327 C.
713 2295 765 2334 16,
784 2297 814 2326 5.
864 2294 888 2327 Ῑ.
908 2295 962 2333 31,
981 2294 1011 2327 6.

6 2357 205 2389 Nihilominus
223 2356 315 2387 vocis
331 2354 460 2396 propria
477 2351 541 2389 vis,
563 2350 597 2383 C.
618 2350 674 2388 26,
695 2350 724 2382 1.

7 2412 107 2445 Nihilo
123 2412 255 2452 sequius,
282 2411 306 2443 Ι.
327 2409 381 2446 75,
402 2408 454 2441 10.

7 2468 73 2500 Nisi
90 2479 152 2500 non
170 2471 279 2511 potest
295 2476 351 2508 pro
370 2465 489 2495 nom-nsi
505 2463 583 2500 dici,
609 2461 632 2493 l.
654 2462 708 2500 54,
728 2463 758 2493 5.

9 2524 75 2556 Nisi
91 2534 162 2556 cum
180 2522 288 2563 ellipsi
307 2521 440 2555 dictum.
466 2519 491 2552 l.
510 2520 565 2557 24,
585 2519 616 2549 5.
666 2517 722 2555 67,
741 2519 772 2550 3.

9 2581 75 2613 Nisi
90 2588 165 2612 cum
182 2577 364 2610 indicativo
381 2576 600 2613 coniunctum,
631 2575 655 2607 1.
675 2575 729 2613 31,
747 2573 799 2606 22.

10 2636 75 2668 ,visi
87 2640 186 2667 lamen
202 2633 349 2677 elliptice
367 2632 500 2671 dictum,
526 2631 550 2666 l.
569 2631 644 2670 100,
665 2631 696 2662 5.
