1630 3034
381 186 734 231 lUGURTHA.
796 187 924 229 CAP.
954 186 1116 230 XCIX.
1337 191 1439 231 -521

15 307 210 366 ·¹·paullo
244 313 345 350 ante
382 320 540 349 somno
568 305 725 364 captis,
761 303 819 348 de
853 304 1094 363 improviso
1131 305 1298 365 vigiles,
1334 305 1438 350 item

56 404 322 458 cohortium,
362 411 621 457 turmarum,
658 401 886 461 legionum
919 401 1142 446 tubicines
1169 402 1297 447 simul
1338 417 1439 447 om-

55 516 134 545 nes
163 500 292 561 signa
320 515 496 552 canere,
532 498 691 543 milites
717 499 958 542 clamorem
986 499 1143 542 tollere
1168 505 1304 558 atque
1327 515 1438 559 por—

54 599 109 641 tis
144 612 395 658 erumpere.
468 595 617 639 Mauri
653 604 787 653 atque
830 594 1022 645 Gaetuli,
1060 596 1218 656 ignoto
1250 604 1296 641 et
1328 597 1476 645 hor-2

53 776 158 822 fulget.
206 776 324 819 Quare
358 775 506 808 sublatis
539 774 739 815 commatis,
782 784 872 817 quae
907 775 1117 808 Gerlachius
1149 781 1183 810 et
1216 777 1330 811 Faber
1363 783 1439 822 post

53 837 146 870 iubet
171 840 203 868 et
227 846 351 869 cauere
374 841 581 879 posuerunt,
615 834 926 878 interpunctionem
948 835 997 869 ita
1022 836 1256 878 instituimus,
1289 842 1328 872 ut
1349 839 1438 872 haec

54 897 163 929 verba
186 897 362 930 structura
390 907 470 928 cum
495 895 775 928 antecedentibus
799 906 866 928 non
885 897 1075 930 cohaerere
1097 903 1274 941 appareat.
1293 917 1338 922 —
1363 900 1439 932 Lux

53 956 76 992 i.
101 968 131 990 e.
154 956 251 998 dies;
277 967 312 990 v.
336 957 380 990 ad
407 957 503 996 xxi,
529 956 563 989 2.
579 975 625 981 —-
655 957 721 990 Ubi
745 956 864 989 eodem
889 957 993 991 modo
1017 969 1098 990 cum
1123 957 1330 1001 imperfecto
1356 941 1438 992 con*-

54 1019 230 1059 iunctum,
265 1021 304 1051 ut
325 1023 529 1062 postquam,
560 1017 604 1050 de
633 1028 703 1060 quo
727 1018 860 1051 dictum
892 1018 936 1051 ad
960 1029 990 1053 c.
1019 1018 1112 1059 xm,
1136 1017 1170 1052 ὃ.
1196 1039 1243 1045 —
1277 1020 1440 1062 Defessus

52 1078 177 1122 explic.
201 1079 245 1112 ad
274 1090 304 1112 c.
331 1078 418 1119 Llll,
443 1076 478 1111 5.
503 1095 548 1102 -
589 1078 721 1123 Vigiles
744 1078 884 1112 Cottius
913 1079 1059 1124 egregia
1082 1079 1280 1113 coniectura
1303 1079 1441 1122 scripsit

51 1153 115 1185 pro
132 1141 251 1184 inepto
269 1140 469 1185 vectigales,
494 1139 586 1183 quod
610 1138 645 1171 iu
668 1137 829 1172 omnibus
854 1138 950 1172 codd.
975 1143 1037 1173 est.
1062 1139 1228 1184 Langius,
1252 1140 1312 1184 qui
1334 1140 1439 1174 istam

51 1203 289 1237 coniecturam
312 1201 378 1235 sibi
402 1212 470 1234 non
493 1200 692 1234 satisfacere
721 1199 818 1240 dicit,
841 1199 925 1242 quia
949 1199 1076 1244 vigiles
1099 1200 1200 1246 signa
1223 1212 1348 1234 canere
1370 1212 1438 1234 non

52 1264 147 1297 soliti
170 1269 293 1304 essent,
316 1273 384 1295 non
408 1261 536 1307 legisse
557 1260 706 1303 videtur,
729 1271 819 1303 quae
848 1259 986 1294 Cortius
1010 1260 1166 1294 monuit:
1190 1262 1440 1305 „Quamquam

52 1326 106 1360 illi
129 1325 285 1369 alioquin
308 1335 376 1357 non
394 1322 629 1362 concinerent,
653 1321 681 1354 si
705 1321 740 1354 in
765 1321 900 1354 hostem
925 1321 1077 1355 eundum
1101 1326 1206 1362 esset,
1240 1321 1299 1354 hic
1322 1325 1440 1355 tamen

50 1386 216 1430 strepitus
241 1395 366 1418 caussa
390 1383 524 1418 Marius
548 1395 606 1416 eos
630 1382 840 1416 tubicinibus
870 1382 1065 1417 adiunxit.“
1112 1382 1205 1425 Quid
1228 1383 1440 1417 Muellerum

50 1452 167 1481 autem
191 1446 417 1490 permoverit,
442 1453 481 1478 ut
504 1450 619 1487 spreta
641 1443 750 1476 Cortii
771 1443 1009 1477 emendatione
1034 1443 1106 1487 ipse
1127 1444 1272 1489 vigilias
1294 1444 1441 1488 scripse—

50 1508 110 1550 rit,
138 1507 299 1551 equidem
323 1517 389 1539 non
414 1516 597 1548 assequor3
631 1504 698 1538 nisi
721 1504 815 1538 omni
838 1503 998 1538 acumine
1021 1503 1088 1538 ista
1110 1505 1258 1539 mutatio
1281 1505 1441 1540 destitui—

50 1574 120 1604 tur.
146 1587 189 1593 —
223 1568 386 1601 Cohortes
409 1566 525 1599 Faber
547 1572 581 1598 et
604 1567 640 1599 h.
666 1567 690 1600 l.
727 1571 761 1600 et
785 1565 947 1600 omnibus
971 1564 1050 1598 aliis
1073 1564 1135 1598 ubi
1159 1565 1265 1599 simul
1287 1566 1441 1611 legiones

50 1632 308 1669 memorantur,
342 1637 529 1670 perperam
560 1627 602 1659 de
637 1629 803 1660 sociorum
835 1625 976 1660 auxiliis
999 1626 1169 1669 explicat,
1200 1626 1300 1660 cuius
1322 1627 1374 1660 rei
1397 1637 1440 1660 ne

50 1689 235 1724 minimum
260 1687 399 1730 quidem
422 1687 590 1720 indicium
615 1687 651 1720 in
673 1687 832 1726 Sallustii
857 1685 972 1720 verbis
994 1685 1271 1730 deprehenditur.
1305 1686 1440 1720 Cohor-

50 1756 103 1785 tes
126 1748 219 1783 enim
243 1759 356 1791 aeque
380 1759 422 1782 ac
446 1752 584 1782 turmae
607 1749 663 1785 (r.
691 1749 734 1782 ad
759 1760 788 1784 c.
814 1747 1006 1788 xxxvm,
1023 1747 1056 1780 5.
1081 1748 1160 1780 coll.
1176 1759 1207 1780 c.
1224 1748 1262 1788 C,
1280 1747 1332 1790 4.)
1353 1759 1439 1791 par-

51 1818 103 1846 tes
125 1814 204 1844 sunt
227 1809 428 1854 legionum,
454 1818 496 1841 ac
520 1816 703 1851 propterea
736 1808 865 1844 diserte
896 1813 1155 1847 memorantur,
1188 1807 1269 1850 quia
1292 1807 1442 1851 singulis

50 1870 246 1917 peculiares
267 1875 366 1904 erant
387 1868 569 1910 tubicines,
591 1870 638 1903 ab
664 1869 707 1903 iis
731 1868 872 1909 diversi,
896 1868 957 1911 qui
980 1868 1163 1901 universae
1186 1867 1316 1911 legioni
1339 1867 1441 1911 signa

49 1933 182 1966 darent.
230 1931 389 1974 Quorum
412 1941 626 1973 quamquam
648 1929 842 1963 ministeria
868 1927 966 1961 varia
997 1933 1128 1969 essent,
1160 1933 1275 1961 tamen
1305 1926 1440 1960 Marius

49 1994 86 2027 in
109 1994 180 2026 hoc
201 1996 357 2034 tempore
380 2001 439 2024 eos
462 1995 604 2023 cunctos
635 1989 760 2029 simul,
793 1988 918 2023 additis
948 1987 1056 2022 etium
1090 1986 1280 2031 vigilibus,
1316 1998 1440 2022 canere

51 2053 172 2088 voluit.
219 2053 295 2086 'Non
321 2051 436 2095 magis
458 2051 567 2085 Fabri
592 2050 830 2094 interpretatio
854 2050 950 2083 valet
972 2049 1014 2082 de
1036 2049 1112 2093 lug.
1137 2049 1257 2090 xlm,
1280 2049 1315 2083 7.
1338 2053 1373 2082 ct
1395 2048 1438 2082 da

51 2113 169 2149 Tacit.
200 2113 288 2147 Anu.
322 2112 385 2153 111,
408 2111 465 2153 33,
491 2111 525 2146 3.
574 2112 790 2146 praesedisse
822 2121 934 2154 nuper
961 2110 1133 2153 feminam
1168 2110 1327 2143 exercicio
1363 2120 1436 2142 oo-

53 2175 270 2215 hortium,
304 2174 452 2207 decursu
488 2174 736 2217 legionum.
793 2171 884 2206 Nam
924 2169 1006 2214 quid
1039 2170 1164 2213 probat
1196 2169 1246 2203 ibi
1277 2160 1439 2202 cohortes

52 2235 228 2270 sociorum
252 2233 386 2269 fuisse?
419 2235 625 2278 praesertim
651 2244 758 2278 quum
784 2233 938 2267 decursio
962 2231 1161 2265 cohortium
1185 2240 1259 2263 esse
1280 2236 1439 2272 nequeat.

51 2296 156 2330 Nullo
184 2295 296 2341 igitur
318 2295 560 2329 Romanorum
591 2306 632 2329 ac
663 2295 840 2329 sociorum
873 2292 1072 2326 discrimine
1101 2290 1299 2336 significato
1322 2301 1439 2324 sensus

53 2355 169 2399 potius
204 2360 274 2389 est:
313 2356 527 2399 praesedisse
561 2356 728 2390 feminam
757 2361 832 2389 tum
866 2354 1052 2387 minoribus
1080 2351 1277 2393 exercitiis,
1311 2349 1439 2393 quibus

52 2415 214 2460 singulae
244 2416 405 2450 cohortes
437 2418 642 2460 utebantur,
677 2422 753 2451 tum
783 2415 889 2449 etiam
914 2414 1122 2454 maioribus,
1155 2422 1245 2455 qnae
1269 2410 1440 2444 universis

53 2475 252 2521 legionibus
280 2476 472 2510 destinatae
503 2483 613 2511 erant.
645 2496 690 2502 -
737 2478 805 2511 Pro
836 2477 941 2521 signa
973 2485 1098 2509 canere
1124 2472 1274 2507 Weisins
1299 2483 1340 2505 ex
1363 2483 1441 2505 cor-

52 2537 164 2581 ruptis
199 2537 275 2571 edd.
307 2537 449 2580 scripsit
482 2538 588 2571 tuba
623 2549 768 2579 canere,
799 2536 1091 2580 quemadmodum
1116 2534 1222 2578 etiam
1248 2533 1283 2567 in
1307 2533 1439 2577 aliquot

54 2598 151 2632 codd.
177 2602 299 2632 exstat.
322 2598 470 2632 Fontem
502 2598 762 2643 depravationis
784 2608 974 2642 cognoscas
997 2608 1038 2630 ex
1066 2596 1172 2630 Acad.
1198 2599 1232 2629 et
1255 2593 1368 2628 Paris.
1392 2594 1440 2633 b„

53 2658 113 2701 qui
136 2659 265 2693 habent
286 2660 392 2704 signa
415 2659 500 2692 tuba
519 2670 653 2696 canere.
677 2678 722 2684 —
756 2659 886 2699 Portis,
921 2657 1013 2700 quod
1038 2657 1075 2691 in
1099 2655 1316 2700 paucissimis
1339 2654 1438 2688 codd.

55 2718 171 2760 deest,
194 2719 348 2764 bangius
371 2719 504 2753 uncinis
526 2719 686 2761 inclusit,
722 2729 848 2764 parum
883 2719 1007 2752 idonea
1029 2717 1164 2752 ratione
1187 2703 1289 2759 usus,
1316 2715 1350 2748 in
1375 2713 1440 2748 tali

54 2789 173 2812 rerum
194 2779 393 2814 condicione
415 2783 559 2823 tamque
581 2780 679 2814 brevi
705 2787 860 2823 tempore
894 2779 1029 2814 vallum
1062 2789 1143 2812 cum
1175 2776 1285 2821 portis
1308 2774 1439 2809 exstrui
