1630 3034
151 188 178 214 x
567 124 1102 204 PRAEFATIQ

285 282 413 329 Haec
440 280 572 341 igitur
603 277 850 339 praesidia,
886 293 1001 338 quae
1027 277 1135 322 mihi
1161 277 1220 322 ad
1252 283 1405 323 notum
1435 295 1514 342 ap-

148 392 353 450 paratum
389 383 589 428 criticum
621 382 913 441 omnibusque
947 386 1176 441 patentem
1219 388 1514 441 accesserunt,

148 492 184 537 si
219 489 329 549 quid
364 487 594 531 valuerunt
625 484 683 529 ad
716 485 854 529 verba
889 484 1082 530 Sallustii
1114 484 1271 545 paullo
1305 482 1513 529 emenda-

145 594 227 637 tius
264 589 539 646 exhibenda,
575 602 753 645 omnes,
786 587 861 646 qui
896 586 982 632 hac
1017 587 1211 632 editione
1246 588 1366 632 usuri
1400 593 1512 645 sunt,

143 701 273 756 grato
310 693 456 737 animo
499 706 677 736 mecum
720 696 961 751 agnoscent
1005 691 1291 750 egregiorum
1320 690 1515 734 virorum

140 797 480 850 humanitatem,
526 794 602 852 qui
636 793 766 837 unice
809 794 1049 836 litterarum
1084 792 1350 851 antiquitatis
1386 806 1513 836 com-

139 899 322 943 modum
359 902 608 958 spectantes
644 896 729 939 suis
767 895 925 955 opibus
957 909 1124 953 suaque
1161 909 1303 954 opera
1337 909 1411 938 me
1442 894 1513 937 iu-

138 1016 242 1046 vare
279 1000 448 1060 dignati
483 1003 593 1042 sunt.
663 996 739 1041 Ad
774 997 1083 1056 explicandum
1116 996 1512 1054 illustrandumque

136 1104 399 1162 scriptorem
434 1102 518 1144 alia
546 1100 655 1144 mihi
684 1099 844 1142 auxilia
878 1114 966 1142 non
999 1100 1190 1154 suerunt,
1226 1114 1362 1156 quam
1395 1113 1512 1156 quae

138 1205 277 1249 Cortii
321 1204 477 1261 editio,
523 1202 647 1246 haud
691 1201 1043 1245 contemnendae
1079 1201 1329 1246 eruditionis
1364 1207 1510 1246 mate-

133 1305 197 1350 rie
240 1306 492 1362 abundans,
536 1305 919 1364 antiquiorumque
961 1304 1250 1364 interpretum
1280 1319 1511 1348 commen-

132 1409 262 1464 taria,
309 1423 336 1450 a
377 1406 651 1451 Frotschero
695 1422 815 1450 novo
860 1405 1099 1466 splendore
1134 1407 1366 1467 evulgata,
1401 1407 1511 1453 mihi

130 1509 480 1569 suppeditarent.
550 1510 669 1552 Nam
702 1509 969 1552 recentiores
1006 1508 1231 1562 editiones,
1267 1525 1381 1567 quae
1409 1510 1510 1569 qui-

130 1611 234 1655 dem
265 1612 413 1655 omnia
449 1610 645 1654 Sallustii
680 1625 819 1669 opera
856 1610 1234 1670 complectuntur,
1270 1626 1404 1669 quam
1438 1618 1509 1657 te-

125 1727 233 1758 nues
261 1714 346 1757 sint
379 1713 656 1772 exiguaeque
684 1713 903 1768 utilitatis,
939 1719 1007 1771 ut,
1047 1712 1083 1755 si
1116 1712 1296 1771 quando
1332 1728 1406 1757 eas
1438 1715 1511 1759 in·-

128 1815 288 1874 spicias
310 1847 323 1870 ,
389 1816 658 1874 plerumque
721 1815 983 1875 indignandi
1035 1830 1234 1859 caussam
1288 1815 1504 1874 invenias,

125 1932 279 1961 omnes
317 1917 482 1973 sciunt,
531 1917 629 1975 qui,
675 1923 838 1974 quanta
874 1917 1078 1961 socordia
1112 1918 1344 1961 inveterati
1379 1933 1505 1962 erro-

123 2034 192 2062 res
229 2020 290 2062 ibi
312 2024 581 2079 repetantur,
613 2018 859 2062 difficillimi
887 2019 974 2062 loci
1005 2020 1094 2063 alto
1130 2020 1299 2064 silentio
1335 2026 1505 2065 transe-

124 2127 275 2176 antur,
311 2121 571 2180 planissima
607 2136 742 2180 saepe
778 2127 1109 2181 pervertantur,
1153 2121 1239 2180 ipsi
1274 2136 1503 2181 cognove-

123 2229 236 2267 runt.
304 2223 555 2267 Eximenda
600 2229 747 2267 tamen
795 2223 898 2268 huic
934 2224 1018 2267 levi
1056 2223 1211 2283 generi
1255 2229 1301 2267 et
1335 2238 1507 2267 summa

125 2324 256 2367 laude
287 2326 681 2370 commemoranda
717 2332 782 2369 est
818 2326 976 2382 editio,
1013 2341 1147 2383 quam
1183 2325 1357 2381 Faber,
1391 2340 1503 2385 pro-

125 2424 266 2467 sessor
302 2428 690 2488 Norimbergensis
713 2461 726 2483 ,
762 2429 923 2471 abhinc
960 2427 1136 2471 (luobus
1173 2428 1293 2471 annis
1322 2428 1500 2471 curavit.

126 2527 216 2580 Qui
253 2527 316 2570 vir
346 2542 482 2585 quum
522 2536 727 2573 accurata
763 2530 939 2589 linguae
975 2530 1161 2572 Latinae
1191 2530 1395 2585 scientia,
1430 2529 1500 2572 in-

126 2629 244 2686 genii
297 2630 497 2673 acumine
552 2637 597 2673 et
648 2631 907 2690 incorrupto
950 2631 1043 2674 veri
1097 2647 1225 2675 sensu
1274 2631 1499 2690 proximos

126 2729 318 2774 Sallustii
350 2730 543 2776 editores
579 2731 714 2792 longe
758 2739 959 2793 superet,
1005 2738 1138 2791 atque
1180 2748 1206 2775 a
1255 2745 1390 2775 coeca
1424 2745 1500 2775 su-
