1630 3034
147 148 231 191 472
507 143 552 186 C.
583 142 915 185 SALLUSTI
945 142 1169 186 CRISPI

152 260 320 305 munita
368 259 664 320 aggreditur3
717 261 891 321 proelia
938 260 1101 317 multa,
1145 263 1342 304 ceterum
1385 262 1526 321 levia,
1568 279 1572 282 ’

112 358 235 404 2alia
270 356 362 401 aliis
397 357 506 401 locis
532 357 696 403 faeere.
741 358 921 402 Interim
954 357 1058 401 novi
1092 357 1250 401 milites
1287 357 1379 401 sine
1408 365 1529 404 metu

145 468 329 514 pugnae
363 453 536 512 adesse,
571 454 723 499 videre
757 454 966 514 fugientis
998 454 1099 514 capi
1126 459 1202 497 aut
1235 454 1393 512 occidi,
1432 455 1529 499 for·
1589 489 1602 493 -

145 550 380 595 tissumum
433 566 659 609 quemque
712 552 1016 606 tutissumum,
1069 551 1202 595 armis
1252 551 1530 612 libertatem,

145 648 337 707 patriam
371 654 671 708 parentesque
707 654 752 692 et
787 649 874 692 alia
901 649 1050 692 omnia
1083 648 1202 709 tegi,
1242 627 1432 708 gloriam
1460 656 1530 693 at-

113 755 239 803 3que
278 745 450 790 divitias
495 746 663 805 quaeri.
735 746 811 790 Sic
845 746 973 790 brevi
1006 746 1150 806 spatio
1194 746 1299 792 novi
1332 752 1530 792 veteres-

107 848 234 901 4que
270 842 502 899 coaluere,
550 850 594 888 et
628 843 763 888 virtus
811 843 1008 887 omnium
1044 843 1239 902 aequalis
1275 842 1408 888 facta.
1469 846 1532 889 At

143 954 301 999 reges,
337 941 417 984 ubi
452 939 510 984 de
545 920 739 985 adventu
768 939 890 984 Mari
926 922 1254 1000 cognoverunt,
1295 940 1460 986 divorsi
1488 941 1532 985 in

144 1035 270 1081 locos
306 1036 498 1082 difficilis
527 1039 702 1083 abeunt.
759 1037 829 1081 Ita
859 1037 1106 1098 Iugurthae
1143 1037 1388 1097 placuerat,
1424 1053 1532 1099 spe-

149 1174 253 1206 quem
277 1174 481 1208 perversum
504 1161 661 1196 ordinem
695 1163 904 1199 Gerlachius
933 1164 970 1198 in
993 1164 1127 1199 maiore
1150 1163 1205 1198 ed.
1229 1168 1401 1199 retentum
1424 1177 1536 1211 nuper

146 1223 289 1258 demum
313 1225 509 1269 relinquere
533 1234 636 1258 ausus
659 1229 720 1261 est.
767 1227 813 1261 Et
835 1226 887 1260 ita
909 1226 1005 1260 iubet
1031 1237 1100 1259 nou
1123 1225 1238 1259 solum
1263 1226 1433 1269 oppositio
1457 1238 1534 1261 ver-

143 1285 270 1319 borum
293 1288 405 1320 multa
428 1289 462 1319 et
488 1285 599 1326 levia,
631 1285 691 1318 sed
715 1285 822 1320 etiam
845 1290 1004 1321 constans
1028 1298 1109 1320 usus
1139 1285 1336 1331 geminatas
1360 1287 1450 1321 alius
1473 1299 1536 1322 vo-

144 1346 194 1380 cis
216 1346 349 1381 formas
381 1346 478 1381 iuxta
510 1346 726 1389 collocandi3
758 1358 792 1382 v.
817 1347 862 1382 ad
886 1348 964 1382 Cat.
990 1348 1048 1390 vl,
1073 1347 1108 1381 2.
1132 1359 1168 1392 p.
1193 1347 1252 1382 32.
1299 1346 1536 1384 Nihilominus

144 1407 298 1441 Weisius
321 1408 522 1453 vulgatam,
545 1411 725 1451 tamquam
748 1408 1036 1454 integerrimam,
1060 1408 1212 1453 repetiit.

235 1471 267 1511 §.
292 1469 326 1503 2.
375 1469 448 1502 sine
473 1470 589 1512 metu]
618 1467 763 1502 collatis
786 1467 850 1512 iis,
875 1480 965 1513 quae
988 1483 1018 1504 c.
1044 1471 1152 1512 Lxx,
1175 1469 1210 1505 5.
1237 1469 1281 1503 de
1303 1476 1415 1505 metus
1439 1471 1536 1507 vocis

143 1528 398 1574 significatione
425 1529 598 1572 diximus,
622 1534 770 1574 apparet
793 1531 867 1564 sine
891 1537 984 1565 metu
1006 1531 1042 1564 h.
1068 1531 1094 1565 1.
1117 1531 1325 1575 respondere
1347 1534 1536 1568 vernaculo

145 1590 352 1635 kaltbliztig.
379 1610 421 1614 —
459 1590 531 1625 Aut
565 1596 645 1625 ante
682 1591 793 1625 occidi
827 1603 934 1635 quum
963 1593 998 1625 in
1022 1593 1129 1627 Fabr.
1153 1592 1188 1626 2.
1212 1591 1319 1634 desit,
1343 1591 1379 1626 in
1402 1593 1474 1627 Ine.
1501 1593 1535 1629 2.

144 1654 263 1684 autem
287 1650 428 1695 legatur
451 1656 492 1685 et
515 1652 645 1694 occidi,
671 1663 692 1686 a
716 1651 835 1686 Cortio
859 1657 893 1686 et
916 1664 937 1687 a
963 1652 1155 1687 Ger-lachin
1179 1653 1216 1687 iu
1239 1654 1292 1687 ed.
1317 1654 1452 1689 maiore
1477 1656 1535 1690 de—

143 1711 255 1745 letum
278 1715 342 1746 est.
390 1712 441 1745 Ao
464 1723 525 1755 per
549 1724 585 1746 se
621 1712 705 1746 ferri
739 1724 839 1756 posse
871 1714 1062 1758 asyndeton
1094 1713 1200 1746 facile
1231 1716 1401 1758 concedo,
1425 1717 1536 1751 altero

144 1773 252 1806 verbo
275 1783 383 1815 quam
408 1771 507 1816 prius
529 1772 716 1816 graviore,
742 1779 781 1808 ut
806 1786 867 1818 per
890 1774 1135 1819 gradationem
1159 1773 1337 1809 adiectum
1361 1775 1476 1818 dit-³⁸3
1500 1788 1535 1812 v,

143 1832 187 1867 ad
214 1833 320 1867 Catil.
345 1833 467 1874 XLIII,
491 1833 524 1867 2.
549 1834 628 1867 coll.
654 1834 714 1875 XI,
739 1833 773 1868 4.
798 1838 832 1870 et
856 1836 900 1869 ad
925 1836 1001 1881 Ing.
1033 1836 1112 1877 XX,
1136 1834 1170 1869 8.
1196 1835 1270 1868 Liv.
1299 1836 1372 1880 vn,
1398 1836 1454 1880 33,
1477 1836 1534 1871 15.

144 1897 217 1928 tum
241 1894 369 1938 capi,
412 1894 567 1927 occidi
590 1896 751 1937 Samnis‚·
781 1897 839 1931 sed
863 1897 899 1931 in
924 1896 1082 1931 omnium
1107 1897 1180 1930 fere
1203 1896 1375 1930 librorum
1398 1909 1535 1932 summo

144 1965 311 1988 consensu
336 1954 424 1989 nihil
445 1957 652 1991 mutandum
677 1960 741 1991 est.
759 1976 801 1982 —
827 1958 879 1991 De
903 1958 1019 1992 verbis
1041 1959 1195 2002 patriam
1217 1969 1301 2002 par
1316 1970 1367 1992 en
1382 1963 1536 2003 tesque

144 2026 180 2050 v.
200 2015 243 2049 ad
268 2016 370 2050 Catil.
395 2017 454 2062 VI,
481 2017 514 2054 5.
562 2018 663 2052 Locis
686 2017 736 2052 ibi
761 2018 914 2053 laudatis
938 2020 998 2053 hic
1023 2019 1184 2054 addimus
1220 2018 1337 2053 Tacit.
1362 2019 1452 2053 l-Iist.
1474 2020 1536 2061 III,

144 2075 179 2119 5,
204 2077 301 2118 med„
346 2078 417 2112 Nec
452 2078 635 2123 quicquam
669 2080 767 2123 prius
801 2080 1020 2123 imbuuntur,
1058 2091 1163 2126 quam
1196 2085 1410 2133 contemnere
1442 2081 1534 2126 deos,

144 2149 267 2172 exuere
297 2139 522 2182 patriam,
559 2145 794 2185 parentes.
827 2141 903 2175 Cic.
938 2142 1008 2178 Off.
1040 2143 1079 2185 I,
1105 2141 1174 2183 17,
1198 2141 1255 2175 58.
1306 2142 1344 2175 sa·
1367 2143 1536 2176 contentio

145 2199 319 2244 quaedam
353 2206 387 2235 et
423 2202 638 2245 comparatio
666 2202 756 2245 fiat,
796 2203 918 2246 quibus
955 2204 1142 2248 plurimum
1178 2202 1398 2237 tribuendum
1431 2203 1536 2247 offici,

143 2261 316 2305 principes
339 2261 406 2296 sint
428 2263 592 2307 patria
616 2267 757 2307 atquc
786 2269 1035 2309 parentes,
1061 2275 1204 2309 quorum
1229 2263 1401 2307 beneficiis
1423 2264 1536 2297 maui-

145 2321 210 2354 mis
236 2322 385 2367 obligati
407 2334 534 2357 sumus.
567 2323 616 2358 Id.
651 2323 696 2356 de
729 2323 861 2358 Invent.
885 2325 935 2367 II,
960 2325 1026 2370 22,
1051 2326 1109 2360 66.
1162 2326 1390 2360 Pietatem
1414 2324 1536 2369 appel-

145 2381 239 2422 lant,
264 2394 353 2427 quae
377 2395 466 2429 erga
488 2385 695 2429 patriam
720 2390 784 2419 aut
806 2395 916 2429 pare
927 2391 1028 2421 ntes
1063 2390 1124 2420 aut
1149 2386 1238 2419 alios
1261 2386 1432 2431 sunguine
1456 2397 1537 2420 con-

144 2442 277 2477 iunctos
310 2445 463 2488 officium
499 2457 703 2480 conservare
736 2451 860 2481 monet.
900 2448 989 2491 Epp.
1014 2448 1058 2482 ad
1082 2447 1218 2481 anm.
1242 2447 1270 2488 1,
1290 2445 1326 2488 9,
1351 2445 1407 2480 44.
1460 2446 1535 2480 Vim

145 2515 254 2548 neque
284 2507 477 2548 parenti
511 2518 619 2552 neque
652 2507 837 2551 patriae
871 2509 994 2553 afferri
1024 2513 1192 2554 oportere.
1215 2527 1260 2532 —
1291 2506 1424 2550 Quaeri
1455 2504 1481 2539 i.
1505 2515 1535 2538 ο.

146 2565 367 2607 compururi3
391 2577 424 2598 v.
451 2567 494 2600 nd
520 2578 550 2600 c.
577 2567 640 2610 111,
664 2566 697 2601 3.
725 2580 758 2612 p.
784 2568 840 2604 18.

238 2626 270 2667 §.
295 2625 329 2661 3.
355 2630 389 2661 et
410 2627 444 2660 4.
494 2627 569 2672 Sic]
617 2627 698 2662 Vim
733 2629 837 2663 huius
871 2629 1064 2673 particulae
1094 2628 1347 2662 illustravimus
1378 2627 1421 2661 nd
1457 2626 1534 2660 Cat.

147 2685 220 2728 vn,
245 2686 278 2720 6.
304 2706 347 2710 —
379 2688 468 2721 Novi
490 2693 688 2734 veteresqrw
720 2690 896 2732 quomodo
930 2690 997 2724 sibi
1020 2694 1238 2734 opponantur
1259 2688 1391 2721 dictum
1415 2690 1466 2721 eet
1489 2687 1534 2721 ad

146 2758 176 2779 c.
203 2746 343 2789 Lxxv,
369 2747 402 2781 8.
429 2769 470 2772 —
500 2750 632 2794 Reges,
667 2751 837 2795 Iugurtha
861 2755 894 2785 et
919 2750 1091 2786 Bocchus.
1121 2771 1161 2775 —
1200 2751 1250 2784 Dc
1274 2750 1427 2784 adventu
1450 2747 1534 2792 quid
