1630 3034
405 107 577 149 RERUM
606 107 669 148 AC
698 106 970 148 VERBORUM
1318 103 1373 146 59

0 221 191 263 Participium
207 219 346 264 perfecti
363 220 489 264 passIvi
506 220 539 252 in
557 219 715 252 adiectivi
731 222 928 262 potestatem
946 218 1080 258 transit,
1113 214 1154 251 G.
1175 217 1230 258 31,
1249 218 1280 250 1.

0 277 190 318 participium
206 275 309 308 futuri
326 276 428 309 activi
447 285 510 308 non
528 285 657 319 semper
673 275 846 308 descendit
861 285 882 307 a
898 273 1015 318 supino
1026 299 1034 315 ,
1061 274 1145 317 quod
1170 274 1203 307 in
1228 283 1292 306 usu
1308 278 1371 311 est,

87 332 112 365 Ι.
132 330 188 372 47,
206 332 240 365 2.

0 389 189 429 Parcicipium
206 387 309 420 futuri
327 388 452 431 passivi
466 387 624 430 quomodo
640 386 772 420 differat
788 397 808 420 a
825 384 1003 428 gerundio,
1041 383 1082 420 G.
1113 387 1146 426 4,
1165 386 1195 419 1.
1243 385 1268 419 Ι.
1289 383 1321 426 7,
1339 385 1371 419 2.

87 443 145 482 85,
163 443 221 477 21.

0 500 186 541 participium
204 499 306 531 futuri
323 499 448 542 passivi
467 500 617 542 deposita
634 499 845 532 necessitatis
862 502 1027 542 potestate
1044 498 1184 541 positum
1193 507 1250 541 pro
1260 497 1374 530 adiec-

84 556 155 588 tivo
173 556 205 588 in
222 556 331 594 —ilis,
357 551 396 587 C.
418 554 471 594 10,
489 555 522 589 2.
571 555 595 588 Ι.
616 555 649 595 3,
670 555 700 587 1.
751 554 805 594 14,
825 555 855 587 5.
906 554 962 594 64,
979 554 1011 587 1.

0 611 187 653 participium
202 622 261 654 per
278 611 521 644 anacoluthialn
540 611 606 643 alio
624 620 704 643 casu
721 611 874 654 positum,
891 615 991 654 atque
1009 619 1136 650 nomen,
1155 609 1197 642 ad
1217 609 1302 652 quod
1318 618 1375 641 re-

88 667 205 707 fertur,
219 667 244 700 Ι.
267 667 343 707 102,
364 667 394 699 6.

0 724 161 755 particulae
179 733 242 766 quo
259 733 361 755 seusu
375 733 432 766 pro
448 723 524 755 aliis
542 722 717 766 particulis
735 723 863 766 positae
881 732 956 755 esse
980 723 1046 755 dici
1064 726 1198 764 queant,
1229 718 1269 754 C.
1288 721 1321 761 4,
1339 720 1371 754 2.

0 779 166 811 Particulae
184 780 348 812 interdum
365 783 518 822 spectant
533 778 575 810 ad
592 779 736 811 omissam
752 779 970 818 sententiam,
1012 775 1053 811 G.
1075 777 1131 817 12,
1163 779 1195 810 4.
1244 776 1287 811 26
1300 802 1308 816 ,
1341 776 1373 811 2.

81 835 106 868 1.
128 835 181 874 19,
198 835 232 869 2.
280 835 337 874 28,
360 835 392 866 5.
442 834 496 873 54,
514 834 546 868 2.
594 849 597 851 -

0 891 158 923 ‚varta-ulae
174 891 309 923 eaedem
326 891 480 933 deinceps
498 891 639 932 positae,
669 889 704 923 C.
725 890 780 931 31,
801 893 831 923 5.

0 947 159 979 particulae
176 946 312 979 eaedem
328 947 529 989 repetendae
543 956 614 979 cum
632 948 822 989 synonymis
841 949 1094 985 commutantur,
1114 943 1139 978 1.
1161 944 1216 984 62,
1235 944 1267 977 9.

0 1003 158 1035 Ρατιίοαὶαε
177 1002 394 1044 geminandae
412 1002 517 1034 altero
535 1002 607 1034 loco
621 1003 784 1035 interdum
801 1003 969 1042 excidunt,
988 1001 1012 1034 I.
1033 1001 1088 1040 93,
1106 1001 1139 1034 4.

0 1059 159 1091 Darticiclac
184 1060 243 1090 loci
267 1069 323 1101 pro
350 1060 593 1102 praepositione
618 1068 690 1091 cum
715 1059 904 1102 pronomine
933 1062 992 1091 aut
1016 1057 1228 1090 substantivo
1262 1057 1375 1089 iuncta

80 1120 258 1158 ponuntur,
279 1112 319 1148 C.
342 1118 374 1155 5,
393 1115 425 1149 2.
474 1115 499 1148 I.
522 1115 576 1155 13,
596 1116 626 1148 5.
679 1113 732 1155 14,
750 1114 807 1148 22.

0 1171 159 1203 ”aniculae
176 1173 383 1203 adversativae
400 1172 553 1210 omissae,
589 1168 629 1203 C.
651 1170 705 1210 35,
723 1169 755 1204 2.
806 1170 861 1210 58,
880 1170 933 1203 14.
983 1168 1007 1202 Ι.
1026 1170 1060 1209 2,
1079 1169 1110 1203 3.
1164 1168 1218 1208 10,
1235 1169 1268 1202 4.
1319 1169 1373 1207 14,

81 1228 112 1260 5.
163 1227 218 1267 31,
236 1227 291 1261 25.
342 1228 397 1267 85,
417 1228 470 1260 38.
522 1226 598 1265 110,
619 1226 648 1259 7.

0 1281 158 1315 Βανεὶικιίαετ
175 1285 328 1316 caussales
345 1284 400 1316 vel
425 1283 648 1326 explicativae
674 1283 828 1321 omissae,
859 1279 899 1315 G.
930 1280 983 1320 17,
1014 1280 1044 1314 7.
1093 1281 1149 1321 29,
1175 1283 1206 1314 4.
1257 1281 1311 1320 51,
1337 1280 1371 1314 2.

84 1339 139 1379 52,
157 1339 192 1373 4.
242 1340 296 1379 56,
325 1340 357 1373 4.
407 1339 430 1373 Ι.
465 1341 497 1379 5,
524 1340 554 1371 5.
603 1339 659 1379 28,
687 1340 718 1372 5.
769 1337 873 1378 30,1.
924 1337 979 1377 31,
1005 1337 1059 1370 28.
1110 1338 1164 1377 38,
1184 1338 1215 1371 2.
1266 1336 1321 1376 63,
1340 1336 1372 1369 6.

85 1394 141 1435 85,
159 1395 214 1428 38.

0 1450 105 1482 Partim
120 1468 166 1474 —
183 1453 237 1483 alii
254 1462 353 1484 voces
372 1452 435 1484 sibi
453 1451 665 1495 respondent,
691 1451 715 1484 Ι.
735 1451 789 1490 38,
809 1451 840 1484 3.
892 1450 947 1491 83,
966 1450 998 1484 3.

0 1506 107 1538 Partim
124 1507 145 1539 i.
167 1517 196 1549 q.
216 1513 345 1549 partem,
370 1509 394 1541 I.
415 1510 469 1547 55,
485 1509 516 1541 4.
567 1508 622 1547 85,
643 1507 696 1540 13.

0 1561 136 1594 Partim-a
152 1564 316 1596 vocabula
333 1564 389 1596 ubi
408 1574 471 1595 non
497 1574 538 1596 ex
556 1564 703 1605 genitivo
719 1563 896 1606 pendeant,
929 1563 987 1595 sed
1001 1563 1042 1595 ad
1061 1562 1297 1595 nominativum
1318 1570 1372 1593 re-

80 1618 242 1659 ferantur,
269 1619 293 1652 I.
315 1620 368 1659 19,
387 1620 418 1652 1.
468 1619 522 1659 60,
540 1619 573 1651 8.
623 1619 678 1659 66,
696 1619 728 1654 2.
779 1618 833 1658 74,
854 1618 885 1651 1.
936 1618 1014 1658 104,
1033 1618 1064 1652 3.

0 1674 112 1706 Partire
128 1677 311 1716 provincias,
329 1675 353 1708 I.
374 1675 429 1715 43,
449 1675 478 1708 1.

0 1731 95 1762 Dartus
114 1736 149 1764 et
161 1736 289 1773 par-alus
308 1731 457 1771 confusa,
476 1730 499 1763 Ι.
520 1729 575 1770 31,
596 1729 648 1763 17.

0 1786 151 1829 ’crumper
168 1789 245 1830 quid
263 1788 395 1820 differat
411 1797 431 1820 a
445 1787 627 1828 paullisper,
644 1786 669 1819 Ι.
691 1786 721 1825 1,
746 1788 777 1819 4.

0 1842 95 1875 'arum
110 1845 202 1876 vocis
219 1854 338 1876 sensus
356 1848 390 1876 et
407 1843 621 1881 constructio,
647 1840 671 1874 l.
688 1841 742 1881 31,
761 1841 792 1874 9.

0 1898 102 1930 Γἀντινη
122 1900 143 1931 i.
160 1909 190 1941 q.
211 1910 273 1931 non
290 1900 438 1937 multum,
456 1899 481 1931 I.
498 1899 553 1937 85,
573 1898 626 1931 31.

0 1955 76 1985 Dasci
94 1955 205 1997 aliqua
220 1965 256 1987 re
275 1955 295 1986 i.
317 1964 346 1998 q.
367 1954 540 1991 delectari,
569 1953 603 1985 C.
625 1953 679 1992 37,
699 1954 730 1986 3.

0 2010 106 2042 '’assim
123 2012 144 2043 i.
165 2021 195 2053 q.
216 2011 290 2042 sine
308 2011 434 2048 ordine,
460 2009 484 2041 Ι.
507 2009 560 2047 18,
575 2010 606 2042 3.

0 2066 144 2099 ''assivum
160 2071 193 2099 et
206 2067 350 2099 activum
368 2066 465 2098 simul
483 2075 524 2097 ex
542 2065 653 2097 eodem
671 2066 821 2099 subiecto
837 2067 994 2109 pendens,
1014 2064 1054 2099 G.
1077 2066 1131 2105 51,
1144 2067 1196 2099 43.
1224 2067 1247 2099 1.
1269 2066 1366 2105 35,8.

0 2122 142 2154 ⁹assae‘vum
160 2132 233 2155 oum
252 2124 346 2154 activo
366 2122 550 2160 confusum,
569 2120 593 2153 I.
615 2121 689 2160 114,
704 2121 736 2155 2.

0 2178 112 2210 Ραεεὶυο
129 2179 296 2220 generalis
314 2179 479 2210 sententia
497 2178 704 2216 enunciatur,
730 2176 754 2210 Ι.
777 2177 851 2215 108,
869 2177 901 2211 2.

0 2234 155 2274 Dossennus,
173 2245 206 2267 v.
226 2235 324 2267 etiam
345 2235 439 2266 Verba
455 2243 540 2275 pass.

0 2290 135 2322 ιἀεειιαηι
151 2291 312 2323 omittitur
328 2291 369 2323 ad
386 2300 499 2323 vocem
515 2290 621 2328 millia,
640 2288 663 2320 I.
683 2287 739 2327 48,
758 2288 789 2322 3.
841 2288 894 2328 75,
909 2290 940 2322 2.
991 2290 1046 2329 91,
1065 2291 1097 2323 3.

0 2346 93 2378 Patere
108 2347 130 2378 i.
151 2357 180 2389 q.
201 2347 233 2378 in
250 2351 414 2390 potestate
431 2350 542 2377 nostra
560 2355 646 2384 esse,
667 2343 706 2376 C.
728 2345 782 2385 10,
801 2345 831 2378 1.

0 2402 63 2434 Pati
79 2403 155 2434 nihil
172 2404 313 2443 quietum,
339 2402 362 2435 I.
383 2401 438 2441 66,
458 2401 489 2434 1.

0 2458 114 2490 Patiens
132 2468 203 2490 eum
221 2459 368 2499 genitivo
387 2462 505 2490 etcum
522 2462 668 2489 accusat.
690 2457 910 2497 coniunctum,
936 2455 977 2490 C.
999 2459 1030 2496 5.
1051 2458 1081 2490 3.

0 2514 116 2545 Panare
133 2514 290 2556 quomodo
308 2514 440 2545 differat
457 2524 476 2545 a
492 2514 644 2553 perficere,
662 2513 686 2546 Ι.
706 2513 761 2551 21,
780 2513 812 2547 2.

0 2569 116 2601 Patr-are
133 2570 243 2601 bellum
259 2569 414 2611 frequens
432 2569 544 2608 dictio,
570 2568 593 2602 Ι.
614 2569 669 2608 21,
688 2569 719 2603 2.

0 2626 95 2658 Patria
110 2629 308 2666 parentesque
324 2635 387 2667 quo
404 2634 505 2657 sensu
522 2625 719 2657 coniunctim
737 2625 878 2665 dicatur,
893 2623 933 2658 C.
953 2625 985 2661 6.
1003 2626 1033 2657 5.
1082 2625 1107 2658 1.
1127 2626 1159 2666 3,
1178 2625 1210 2660 2.
1260 2625 1315 2665 87,
1334 2627 1364 2659 2.
