1630 3034
445 186 811 233 IUGURTHA.
870 186 1001 230 CAP.
1028 188 1232 232 LXXVI.
1449 195 1534 235 4⁰3

153 306 256 360 bat3
298 320 403 350 nam
440 304 545 349 talia
590 303 772 348 consilia
803 318 888 364 per
923 303 1063 348 otium
1097 310 1143 349 et
1177 319 1232 349 ex
1267 307 1530 366 opportuni—

151 408 242 446 tate
278 401 391 462 capi.
459 401 522 444 At
561 400 794 455 Metellus,
838 400 936 443 ubi*
962 401 1213 460 oppidanos
1257 403 1431 462 proelio
1461 403 1569 447 iri-2

150 505 311 555 tentos,
350 498 478 542 simul
514 497 734 556 oppidum
770 502 815 539 et
850 497 1061 556 operibus
1098 502 1143 541 et
1176 498 1280 541 loco
1314 499 1530 546 munitum

150 595 294 647 videt,
337 594 454 637 vallo
502 593 709 650 fossaque
755 592 930 635 moenia
974 592 1272 636 circumvenit.
1353 594 1564 643 Deinde3

149 783 188 806 re
211 771 361 806 diximus
383 770 427 804 ad
451 770 553 804 Catil.
587 781 618 805 c.
644 768 710 810 LI,
733 767 790 802 40.
825 780 860 812 p.
884 767 964 802 259.
990 787 1035 792 —
1061 767 1217 802 Ceterum
1233 794 1242 812 ,
1267 781 1337 813 quo
1361 771 1404 804 de
1427 782 1460 804 v.
1487 771 1530 806 ad

149 845 179 867 c.
202 834 246 875 11,
272 831 320 873 4.,
342 831 488 866 timebat
513 829 562 864 ita
587 828 730 873 opponit
755 839 959 872 praegresso
991 830 1202 871 simulabat,
1237 833 1273 863 ut
1297 830 1470 875 significet
1494 843 1531 865 re

147 905 232 927 vera
255 898 384 926 autem.
401 910 446 916 —
464 891 534 924 Pro
558 891 670 924 vitare
693 889 728 922 in
753 889 873 932 paucis
897 889 994 923 codd.
1020 891 1187 934 scriptum
1211 895 1264 924 est
1286 891 1404 934 vitari,
1430 891 1532 936 igno-

147 952 262 987 rantia
295 952 510 993 scribarum,
546 950 606 994 qui
637 949 784 984 subiecti
819 949 955 992 ellipsin
988 962 1055 984 non
1079 955 1348 995 concoquereut3
1373 961 1406 984 v.
1433 951 1477 985 ad
1501 962 1530 984 c.

147 1013 250 1052 xlv,
271 1012 307 1046 3.
331 1024 363 1055 p.
388 1011 445 1046 73.
471 1011 582 1052 cvu,
606 1010 641 1046 4.
667 1011 767 1052 CIX,
791 1010 824 1045 1.
853 1010 982 1052 cxlv,
1006 1011 1038 1045 2.
1073 1013 1220 1057 Grysar.
1253 1015 1317 1044 art.
1344 1010 1420 1045 Lat,
1445 1011 1531 1044 scri-

144 1073 249 1107 ‘bendi
272 1085 307 1117 p.
329 1072 378 1108 33
399 1084 449 1116 sq.
474 1090 519 1097 -
552 1073 652 1116 Quae
685 1077 874 1115 sequuntur
905 1079 1023 1114 aperte
1046 1073 1192 1115 pendent
1215 1084 1256 1105 ex
1290 1072 1400 1105 verbo
1420 1077 1529 1116 puta-

147 1134 230 1173 bnt3
260 1132 358 1166 cuius
391 1136 585 1166 structurae
619 1131 735 1175 ignari
767 1131 906 1165 librarii
939 1131 977 1166 in
1009 1132 1143 1175 aliquot
1175 1132 1277 1166 codd.
1319 1131 1530 1176 scripserunt

145 1195 226 1238 capi
247 1194 381 1234 solent,
405 1193 442 1227 in
465 1193 544 1227 aliis
567 1193 762 1236 capiuntur.
783 1210 825 1218 -·
848 1193 901 1226 Ex
924 1191 1192 1236 praepositionis
1216 1196 1425 1235 potestatem
1447 1192 1528 1227 illu-

145 1254 334 1290 stravimus
358 1254 402 1288 ad
427 1255 504 1289 Cat.
530 1255 606 1295 XII,
631 1253 665 1287 2.

238 1317 275 1357 5.,
294 1314 328 1348 2.
363 1315 493 1358 proelio
517 1314 689 1356 intentos]
726 1313 880 1353 Proelia,
904 1313 995 1356 quod
1017 1312 1133 1346 Faber
1156 1311 1300 1346 fidenter
1322 1322 1386 1356 pro
1409 1312 1527 1347 dativo

145 1376 269 1417 habet,
303 1379 422 1409 utrum
455 1374 578 1409 tertius
618 1385 662 1406 an
700 1378 813 1407 sextus
845 1385 944 1407 casus
977 1373 1042 1414 sit,
1075 1372 1147 1405 dici
1179 1367 1246 1406 nou
1282 1376 1413 1415 potcst3
1445 1383 1527 1406 nam

145 1442 333 1480 utrumque
355 1436 456 1477 licet,
482 1439 519 1468 ut
542 1435 856 1482 demonstravimus
879 1436 921 1469 ad
947 1433 1048 1469 catil.
1072 1433 1116 1472 ΙΙ,
1141 1431 1176 1465 9.
1202 1443 1237 1475 p.
1265 1432 1319 1466 Η.
1345 1451 1391 1457 -
1411 1433 1528 1467 Verba

145 1498 302 1541 operibus
326 1500 360 1530 et
392 1497 464 1529 loco
494 1495 668 1538 quomodo
691 1496 759 1530 sibi
791 1495 950 1539 opposita
971 1493 1040 1526 sint
1063 1492 1194 1526 dictum
1219 1497 1272 1525 est
1295 1492 1340 1525 ad
1366 1503 1398 1526 c.
1422 1492 1527 1533 mu,

146 1558 180 1591 1.
205 1561 239 1591 et
268 1557 314 1591 ad
338 1557 430 1597 mil,
461 1555 494 1588 1.
517 1573 562 1579 —-
601 1555 738 1589 Vallo
770 1556 907 1588 moenia
940 1553 1251 1588 circumvenit
1290 1564 1356 1596 pro
1380 1553 1526 1587 circum-

146 1618 245 1651 dedit
277 1617 353 1650 sive
383 1616 510 1658 cinxit,
551 1616 670 1659 paullo
705 1614 907 1649 insolentius
941 1613 1073 1648 dictum
1111 1613 1271 1653 videtur,
1312 1623 1526 1655 quamquam

145 1677 334 1712 Sallustius
360 1688 463 1720 saepe
492 1677 736 1710 circumvenire
762 1675 812 1709 ita
836 1679 998 1719 usurpat,
1032 1685 1143 1718 neque
1170 1672 1233 1706 alii
1266 1672 1334 1705 hoc
1358 1683 1422 1706 usu
1445 1673 1528 1705 abs-

144 1738 272 1779 tineut3
301 1739 346 1771 cf.
369 1748 475 1781 supra
512 1749 542 1771 c.
567 1736 722 1778 vam,
746 1735 780 1770 1.
828 1735 989 1769 Pervenit
1020 1735 1056 1768 in
1087 1733 1384 1777 planitiem-locis
1404 1734 1526 1777 paullo

144 1799 374 1844 superioribus
406 1798 793 1831 circumventam.
835 1795 945 1836 LVII,
980 1794 1014 1828 2.
1075 1794 1216 1828 Moenia
1261 1794 1411 1827 exercitu
1444 1794 1526 1827 cir-

145 1860 383 1894 cumvenit.
415 1858 514 1891 Caes.
546 1857 590 1891 B.
625 1858 664 1891 C.
698 1858 767 1900 111,
790 1855 849 1899 97,
879 1856 912 1889 2.
960 1855 1112 1888 Mentem
1142 1864 1243 1897 opere
1280 1854 1527 1887 circumve-

145 1922 246 1954 nire
269 1920 431 1954 instituit.
457 1917 573 1952 Tacit.
606 1919 692 1952 Anu.
716 1919 769 1958 Π,
793 1917 834 1960 6,
859 1916 893 1951 3.
941 1915 1083 1949 Rhenus
1106 1914 1259 1947 modicas
1284 1914 1416 1947 insutas
1440 1914 1526 1947 cir-

149 1972 457 2014 cumveniens.
490 1979 542 2012 De
565 1990 603 2011 re
625 1978 701 2022 ipsa
724 1989 758 2011 V.
783 1981 902 2010 notata
929 1975 974 2009 ad
998 1987 1027 2008 c.
1051 1974 1180 2016 xxm,
1209 1973 1240 2007 1.

223 2042 270 2082 ,§.
294 2039 328 2073 3.
377 2039 502 2072 deinde
536 2039 617 2071 locis
646 2057 688 2063 -—
713 2038 847 2080 tutari]
885 2036 996 2069 Totus
1027 2034 1086 2068 hic
1117 2035 1214 2067 locus
1246 2034 1282 2067 in
1306 2034 1406 2068 codd.
1430 2034 1526 2068 haud

146 2110 216 2133 uno
256 2099 358 2132 modo
396 2098 553 2132 turbatus
581 2097 668 2130 satis
703 2097 790 2131 bene
821 2107 842 2129 a
875 2095 992 2128 Cortio
1025 2095 1225 2128 emendatus
1256 2100 1320 2130 est.
1366 2095 1525 2129 Primum

147 2159 240 2193 enim
267 2159 398 2202 expulit
420 2159 532 2200 iubet,
561 2157 651 2200 quod
676 2162 754 2191 ante
778 2158 859 2191 locis
884 2155 1023 2199 plurimi
1049 2155 1132 2189 libri
1155 2155 1357 2196 ostendunt3
1382 2156 1439 2189 sed
1465 2156 1525 2189 de-

148 2224 200 2253 est
223 2219 258 2252 in
291 2219 424 2262 aliquot
447 2219 545 2252 codd.
567 2217 758 2260 himerii,
801 2218 919 2251 Vinar.
948 2217 979 2252 1.
1016 2217 1110 2250 Vrat.
1136 2216 1170 2251 l.
1194 2215 1291 2249 Flor.
1315 2216 1347 2249 1.
1374 2216 1466 2249 Med.
1490 2216 1525 2250 2.

146 2280 266 2314 Berol.
291 2280 324 2313 2.
357 2279 466 2314 Paris.
491 2291 521 2312 z.
568 2279 761 2312 Praeterea*
787 2289 923 2312 erasum
957 2283 1007 2311 est
1033 2277 1066 2311 in
1100 2276 1186 2310 Tur.
1208 2276 1240 2310 1.
1264 2288 1306 2310 ac
1330 2278 1446 2310 versui
1470 2289 1524 2310 su-

147 2340 375 2384 perscriptum
399 2339 434 2372 in
459 2338 567 2372 Paris.
591 2351 644 2380 z.;
675 2339 711 2372 in
741 2339 821 2373 aliis
853 2346 969 2372 autem
1001 2337 1072 2371 alio
1103 2337 1181 2370 loco
1208 2344 1404 2380 comparet,
1430 2338 1525 2370 velut

148 2400 185 2434 in
209 2401 312 2434 Fabr.
335 2400 369 2433 2.
395 2405 470 2443 post
493 2400 602 2443 copia,
625 2399 661 2432 in
686 2401 768 2434 ten.
792 2401 824 2434 l.
852 2400 946 2433 Leid.
971 2399 1019 2432 Μ.
1044 2402 1079 2432 et
1104 2397 1249 2431 Barber.
1274 2398 1305 2432 ὃ.
1332 2402 1408 2441 post
1429 2409 1523 2441 opus,

148 2460 186 2495 in
220 2461 303 2494 Ven.
327 2460 360 2496 2.
396 2461 474 2494 Vat.
499 2459 532 2494 1.
557 2460 593 2494 3.
629 2464 705 2503 post
733 2462 844 2494 iacere
862 2484 872 2501 ‚
906 2460 1051 2502 denique
1079 2457 1114 2492 iu
1149 2457 1242 2490 Med.
1267 2458 1301 2491 i.
1336 2463 1368 2490 et
1390 2456 1422 2493 8,
1447 2462 1524 2501 post

149 2521 274 2555 deinde
298 2532 339 2555 ac
369 2520 473 2554 simul
498 2525 573 2563 post
596 2521 715 2555 tutori.
762 2523 862 2564 Quae
886 2526 1000 2555 tantae
1025 2518 1272 2561 discrepantiae
1296 2518 1388 2552 clare
1411 2525 1523 2550 osten-

149 2581 235 2614 dunt
257 2581 349 2615 iubet
373 2592 394 2614 a
421 2581 544 2615 scribis
567 2592 639 2614 esse
657 2583 872 2624 profectum,
897 2581 956 2624 qui
980 2579 1166 2613 infinitivus
1190 2578 1373 2612 historicos
1397 2578 1430 2610 in
1456 2578 1523 2610 hac

150 2641 388 2676 enunciatione
409 2642 533 2675 haberi
558 2642 777 2687 ignorantes,
801 2641 1050 2685 expeditiorem
1074 2645 1285 2674 structuram
1311 2642 1522 2681 quaererent,

150 2711 219 2735 non
239 2706 437 2745 reputantes
459 2702 525 2735 nisi
547 2703 652 2736 simul
679 2702 762 2737 istos
794 2701 982 2736 infinitivus
1013 2700 1047 2734 in
1070 2699 1247 2744 passivam
1273 2700 1422 2733 formam
1447 2710 1523 2731 mu-

96 2760 101 2765 ”
152 2763 291 2803 tarent,
328 2762 424 2798 iubet
456 2762 662 2808 interposito
687 2774 730 2798 ne
753 2763 914 2799 Latinam
944 2762 1083 2807 quidem
1113 2760 1401 2795 constructionem
1433 2757 1521 2792 fieri.

1137 2831 1251 2878 26*
