1630 3034
0 0 19 195 ξ

0 242 74 277 Esse
105 242 200 275 verbi
229 252 368 274 numerus
398 243 438 275 ad
464 244 646 285 praedicati
681 254 796 277 nomen
821 243 979 281 refertur,
1018 242 1051 276 C.
1073 242 1129 282 25,
1150 242 1180 275 3.

43 308 74 331 se
98 308 171 331 cum
196 298 319 341 duplici
336 299 448 331 dativo
466 300 624 335 iunctum,
650 299 674 331 Ι.
702 298 757 339 97,
776 299 806 332 3.

0 354 75 389 Esse
95 355 128 385 in
154 355 257 395 aliqua
280 364 312 386 rc
336 356 493 396 quomodo
518 355 651 388 differat
673 355 715 388 ab
738 365 802 387 csse
818 356 910 387 aIimti
927 358 988 394 sei,
1015 353 1050 388 C.
1079 353 1134 393 17,
1158 354 1190 388 2.

0 406 74 443 Esse
97 409 118 444 i.
145 419 175 452 q.
202 415 347 449 exstare,
383 406 563 455 ὑπάρχειν.
605 412 636 443 in
663 411 861 443 dictionibus
887 416 930 443 esc
952 411 1026 442 mihi
1051 411 1167 451 aliquid
1184 415 1218 444 ct
1243 414 1286 443 ese
1306 411 1377 443 mihi

93 466 211 506 aliquid
237 466 403 505 volenti,
434 466 459 499 I.
479 467 535 502 84,
554 467 585 500 3.

1 522 75 554 Esse
107 531 179 554 cum
210 522 403 554 accusativo
435 523 618 565 praedicati
652 523 882 565 coniungitur,
915 523 971 556 ubi
1006 522 1191 556 subiectum
1222 523 1378 565 generale

92 578 303 619 intelligitur,
332 577 356 610 I.
392 578 447 618 85,
467 577 521 610 35.

0 633 75 666 Esse
97 634 129 664 in
146 637 336 674 potestatem,
354 635 385 665 in
417 635 594 673 custodiam,
627 637 660 666 in
685 640 822 675 mentem,
863 635 887 668 Ι.
918 634 994 669 112.
1014 635 1044 668 3.

2 689 77 722 Esse
101 689 195 722 verbi
212 689 437 733 imperfectum
460 691 626 729 omissum,
659 690 683 723 Ι.
710 691 766 730 28,
784 692 814 723 5.
865 690 920 730 67,
939 691 970 723 1.

2 745 77 778 Esse
103 745 198 778 verbi
231 747 460 779 coniunctixrus
484 748 672 789 praesentis
701 745 777 789 (sit)
804 747 956 784 omissus,
988 747 1010 779 Ι.
1038 746 1093 780 88,
1118 747 1152 779 6.

0 794 56 834 vEst
79 801 232 834 absolute
255 803 408 845 positum,
442 807 602 844 sequente
625 806 668 842 ut,
693 803 750 834 vel
774 804 928 843 infinitum.
966 802 989 836 Ι.
1019 802 1095 841 110,
1115 802 1146 835 3.

1 858 56 890 Est
79 859 240 890 omittitur
263 859 295 890 in
322 858 535 899 generalibus
563 858 893 900 interrogationibus,
929 857 964 891 C.
986 857 1040 897 51,
1069 858 1123 891 23.
1175 858 1199 890 Ι.
1217 858 1272 897 24,
1291 859 1323 891 8.

3 914 57 946 Est
85 920 120 948 et
135 918 203 946 sunt
232 915 398 953 omissum,
432 914 457 947 Ι.
487 913 541 953 74,
559 914 591 948 2.
642 912 696 953 75,
715 914 746 946 2.
798 912 852 954 77,
873 915 904 947 2.

3 969 57 1002 Est
79 980 100 1003 a
124 970 243 1003 scribis
268 970 376 1002 textui
400 970 540 1009 illatum,
568 969 603 1002 C.
623 970 677 1009 52,
697 969 760 1009 20;
778 970 833 1003 22.
870 970 895 1002 Ῑ.
917 970 992 1010 114,
1009 971 1039 1003 3.

3 1027 42 1059 Et
62 1043 108 1049 —
132 1030 159 1058 et
182 1027 205 1058 i.
232 1035 262 1068 q.
282 1036 344 1058 nou
363 1026 468 1058 solum
491 1043 537 1048 —
560 1026 618 1058 sed
643 1027 754 1066 etiam,
789 1025 824 1059 C.
843 1026 899 1065 22,
918 1026 949 1059 3.

4 1083 40 1115 Et
64 1083 240 1115 transitum
264 1086 360 1125 parat
383 1081 424 1114 ad
451 1084 579 1123 effectam
609 1092 683 1121 rem,
713 1082 753 1114 de
782 1092 845 1125 qua
875 1082 996 1115 dictum
1022 1086 1104 1114 erat.
1136 1081 1159 1114 Ι.
1182 1081 1236 1115 93.
1256 1083 1286 1113 4.

0 1133 43 1171 'Ee
68 1139 230 1171 omittitur
257 1143 335 1170 ante
359 1138 529 1170 atlicctiva
546 1138 610 1175 alii,
629 1139 725 1175 ceteri,
744 1139 861 1177 relicui,
887 1137 923 1171 C.
944 1137 1044 1177 15,1.
1093 1137 1118 1171 Ι.
1136 1137 1191 1177 66,
1212 1138 1242 1171 1.

4 1194 41 1226 Et
63 1194 251 1238 explicandi
274 1194 310 1226 vi
333 1194 496 1236 positum,
524 1192 558 1226 C.
590 1193 643 1231 19,
672 1193 704 1226 2.
753 1193 810 1233 20,
837 1193 890 1228 17.
940 1194 994 1232 51,
1029 1193 1082 1226 32.
1132 1193 1157 1227 Ι.
1185 1194 1216 1232 5,
1243 1195 1272 1226 5.
1325 1193 1378 1231 18,

95 1250 128 1283 6.
177 1249 234 1289 24,
252 1249 284 1282 4.
333 1249 388 1288 43,
415 1251 446 1282 5.
495 1247 552 1289 47,
569 1249 602 1282 2.
651 1249 706 1288 52,
733 1249 764 1282 3.
814 1249 869 1289 77,
895 1251 926 1283 4.

5 1306 41 1338 Et
63 1305 122 1338 ubi
146 1306 261 1338 valeat
285 1307 384 1345 etiam,
411 1304 446 1337 C.
478 1305 533 1344 35,
552 1304 584 1338 3.
631 1304 656 1337 Ι.
677 1304 731 1344 98,
750 1306 781 1338 4.

4 1363 42 1395 Et
64 1364 86 1396 i.
107 1373 139 1405 q.
158 1366 185 1394 et
217 1362 351 1403 quidem,
384 1361 409 1394 I.
438 1361 492 1401 14,
510 1361 564 1394 25.
617 1361 672 1401 32,
691 1361 722 1395 2.
772 1361 828 1401 85,
847 1361 879 1394 3.
929 1361 1005 1401 105,
1023 1364 1054 1395 4.

9 1418 46 1450 Ee
68 1419 90 1451 i.
127 1429 158 1461 q.
194 1423 220 1450 et
248 1428 333 1457 sane,
366 1417 391 1450 Ι.
425 1417 480 1450 80.
500 1417 532 1449 3.

6 1475 42 1506 Ee
67 1485 128 1507 non
159 1474 327 1506 diversum
372 1484 391 1506 a
431 1474 571 1517 simplici
609 1484 671 1506 non
710 1475 742 1506 in
784 1474 1054 1517 oppositionibuS,
1089 1472 1123 1507 C.
1160 1474 1214 1509 52.
1248 1473 1299 1507 15.
1352 1473 1374 1505 Ι.

97 1530 153 1569 31,
187 1529 239 1563 10.

0 1575 42 1620 'Et
73 1586 284 1619 obscuratum
310 1587 343 1618 in
368 1585 505 1618 verbum
535 1585 576 1618 ab
609 1597 624 1618 e
655 1586 828 1629 incipiens,
861 1585 885 1619 Ι.
923 1585 977 1625 77,
995 1588 1026 1619 4.

0 1643 43 1675 'Ee
71 1644 134 1675 iam
165 1642 380 1685 depravatum
406 1643 439 1674 in
464 1643 563 1681 etiam,
594 1641 620 1675 Ι.
657 1641 758 1682 11,3.
806 1641 863 1682 24,
881 1643 913 1675 4.
963 1641 1020 1682 47,
1044 1642 1077 1674 2.

5 1698 106 1731 Etiam
134 1697 264 1740 quando
299 1707 371 1730 cnm
404 1698 541 1731 vocibus
573 1701 651 1737 tum,
690 1708 780 1737 num,
814 1699 842 1729 si
880 1698 1077 1731 coniunctim
1110 1698 1294 1730 scribatur.
1344 1695 1380 1729 C.

95 1754 129 1794 2,
148 1753 180 1787 1.
399 1775 403 1779 -

0 1799 103 1843 'Etiam
134 1811 157 1843 i.
192 1819 222 1852 q.
255 1810 363 1849 adhuc,
397 1809 433 1843 C.
463 1809 569 1850 61,4.

4 1866 105 1899 Etiam
133 1866 289 1899 omissum
321 1870 395 1909 post
422 1875 483 1897 non
509 1867 598 1898 modo
615 1883 659 1889 —
675 1868 740 1904 sed,
785 1864 819 1898 C.
857 1864 911 1905 18,
930 1864 961 1898 7.
1011 1865 1066 1900 39,
1085 1865 1116 1898 6.

4 1922 103 1954 Etiam
133 1932 223 1961 nunc,
269 1921 295 1954 Ι.
315 1921 369 1960 31,
388 1921 420 1954 3.

5 1977 135 2010 Etiamsi
164 1981 199 2010 et
229 1978 318 2009 etiam
343 1978 382 2015 si,
417 1975 453 2008 C.
479 1975 563 2014 2,1.
611 1976 635 2008 Ι.
656 1975 712 2014 10,
731 1975 763 2009 7.

6 2034 134 2066 Etiamsi
165 2033 332 2066 diversum
366 2043 385 2065 a
417 2033 546 2072 tametsi,
582 2031 616 2064 C.
638 2032 669 2071 3,
688 2032 719 2063 2.

0 2089 166 2123 *Etiamnum
198 2090 220 2122 i.
253 2099 283 2131 q.
317 2093 396 2121 tunc
427 2089 550 2126 adhuc,
586 2087 673 2127 (3.2,
694 2087 724 2120 1.
773 2087 797 2120 Ι.
830 2087 937 2126 21,2.

6 2145 173 2178 Escendere
205 2144 375 2177 confusum
409 2154 479 2176 cum
511 2145 672 2175 ascendere
696 2147 730 2176 et
762 2144 952 2179 descendere,
971 2142 1006 2176 C.
1039 2144 1094 2182 55,
1112 2143 1142 2175 3.

0 2200 212 2246 *Euphemismi
245 2201 405 2243 quoddam
437 2209 554 2241 genus,
602 2199 627 2232 Ι.
659 2198 715 2239 20,
741 2200 773 2232 5.
825 2199 880 2238 62,
900 2199 930 2232 1.

7 2255 141 2290 madere
172 2257 275 2297 aliquo
303 2257 325 2288 i.
343 2266 373 2298 q.
407 2257 531 2288 exitum
559 2255 695 2294 habere,
729 2255 751 2287 l.
773 2255 827 2293 14,
845 2253 878 2287 9.

5 2311 130 2345 Etenim
153 2313 194 2345 de
216 2312 395 2355 provinciis
421 2313 555 2351 dictum,
581 2311 621 2343 de
646 2312 764 2353 quibus
789 2310 943 2343 consules
960 2310 1196 2349 sortiebantur,
1224 2309 1246 2342 Ι.
1267 2309 1321 2342 35.
1348 2309 1378 2342 3.

0 2368 130 2401 'Evenit-e
153 2368 193 2400 de
217 2367 456 2405 comparatione
480 2367 722 2410 provinciarum
746 2366 881 2405 dictum,
908 2365 932 2399 I.
962 2365 1066 2405 43,1.

0 2412 133 2470 {Evenire
156 2423 327 2456 confusum
344 2432 416 2455 cum
439 2424 550 2461 venire,
583 2422 607 2455 Ι.
633 2422 667 2462 8,
685 2421 718 2455 2.
768 2421 845 2461 103,
860 2421 893 2455 2.

0 2479 130 2523 ,Evocate
153 2479 208 2522 qui
233 2479 325 2517 dicti,
359 2477 394 2510 C.
419 2477 473 2517 59,
492 2477 524 2510 3.

0 2529 141 2568 iuvocare
156 2539 191 2567 et
205 2543 311 2566 vocare.
327 2532 477 2572 confusa,
500 2532 526 2565 Ι.
556 2532 612 2572 62,
630 2532 663 2566 8.

0 2578 57 2627 ‘282
79 2600 230 2623 caussam
256 2587 434 2629 significat,
468 2587 503 2620 C.
525 2588 579 2627 12,
596 2589 627 2621 2.
678 2588 733 2627 49,
751 2588 783 2621 2.
834 2587 888 2622 57,
906 2588 938 2620 2.
988 2588 1012 2620 Ι.
1041 2589 1071 2621 5.
1091 2590 1121 2620 4.

0 2636 56 2700 {Ex
78 2645 235 2688 quomodo
259 2655 278 2675 a
305 2644 546 2685 praepositione
560 2656 576 2674 α
595 2644 774 2676 diversum.
810 2644 832 2675 l.
854 2643 930 2676 102.
949 2643 980 2675 8.

404 130 575 175 RERUM
606 131 667 172 AC
697 129 968 172 VERBORUM
1322 129 1376 172 31
