1630 3034
187 213 275 256 578
384 256 388 273 ‚
558 202 983 250 G.SALLUST1
1020 203 1249 249 CRISPI

194 339 298 371 vem
340 336 597 369 maxumum
642 323 914 381 obtestatus,
956 328 1006 368 ut
1047 323 1224 369 sceleris
1271 327 1406 382 atque
1441 294 1583 384 perfi}

195 423 297 469 diae
340 422 520 469 Bocchi
563 421 686 467 testis
736 421 936 480 adesset,
983 434 1040 466 ex
1079 421 1232 466 castris
1281 421 1404 466 abire
1447 421 1582 466 iubet..

154 521 278 566 3Ille
312 521 565 566 lacrumans
602 534 747 572 orare,
780 534 839 564 ne
875 533 930 563 ea
964 519 1194 574 crederet3
1232 517 1342 564 nihil
1370 518 1478 563 dolo
1513 518 1585 562 fa—

195 624 342 676 ctum,
384 633 440 663 ac
480 618 627 678 magis
663 616 902 662 calliditate
938 616 1208 678 Iugurthae,
1257 617 1344 675 cui,
1378 616 1587 661 videlicet

155 715 458 778 4speculanti,
484 715 568 760 iter
595 730 724 759 suum
753 714 984 779 cognitum
1010 720 1138 760 esset.
1177 714 1406 772 Ceterum,
1439 700 1586 773 quon-

190 815 282 862 iam
315 828 466 874 neque
500 813 730 875 ingentem
765 813 1094 859 multitudinem
1135 802 1348 869 haberet,
1395 817 1441 857 et
1483 826 1587 872 spes

189 983 452 1028 perfidiam
475 981 557 1025 illis,
582 993 650 1016 non
673 982 838 1018 virtutem
861 982 1054 1016 accessisse.
1079 980 1219 1016 Fumi.
1250 999 1297 1005 —
1330 982 1382 1015 Ac
1406 982 1487 1015 ante
1510 990 1589 1014 ma-

189 1044 250 1090 gis
274 1044 415 1079 Cortius
437 1047 569 1078 temere
597 1043 746 1087 delevit,
778 1054 823 1077 ne
854 1054 923 1077 uno
957 1043 1099 1087 quidem
1123 1042 1200 1076 cod.
1223 1041 1442 1076 assentiente.
1490 1039 1590 1075 Nihil

190 1108 310 1139 autem
341 1104 577 1150 frequentius,
612 1115 720 1148 quam
752 1116 981 1150 praegressae
1005 1104 1196 1140 sententiae
1228 1102 1416 1148 negativae
1439 1101 1590 1146 adiungi

191 1166 416 1207 contrariam,
440 1177 532 1210 quae
555 1165 695 1210 proprie
719 1177 781 1209 per
806 1166 1067 1201 adversativam
1089 1165 1302 1210 particulam
1331 1164 1460 1208 opponi
1485 1163 1590 1197 debe·

190 1226 264 1268 bat,
289 1226 334 1260 de
356 1238 427 1270 quo
451 1227 598 1271 copulae
621 1238 687 1261 usu
711 1227 812 1269 vide,
839 1239 930 1271 quae
952 1226 989 1261 in
1012 1226 1215 1261 universum
1240 1225 1392 1260 diximus
1415 1226 1461 1260 ad
1485 1224 1591 1259 Catil.

191 1298 224 1320 c.
254 1285 322 1331 IV,
352 1288 387 1322 2.
419 1299 455 1333 p.
487 1289 546 1324 24.
570 1287 616 1323 cf.
639 1288 733 1334 Aug.
758 1288 933 1324 Matthias
956 1288 1001 1323 ad
1025 1288 1098 1324 Cic.
1121 1300 1156 1332 p.
1181 1288 1289 1323 Rosc.
1312 1287 1392 1321 Am.
1417 1298 1448 1323 c.
1470 1285 1508 1328 4,
1531 1284 1591 1320 10.

189 1348 317 1387 Animo
339 1361 431 1383 non
453 1349 705 1393 deficiam,
732 1354 777 1385 et
799 1350 837 1384 id
860 1349 952 1395 quod
975 1350 1129 1394 suscepi,
1161 1349 1252 1394 quod
1273 1353 1412 1393 potero,
1434 1348 1591 1392 perfe-

190 1420 303 1444 ram.
350 1409 516 1445 Bremius
546 1410 592 1444 ad
623 1411 710 1455 Nep.
741 1411 844 1445 Paus.
877 1422 909 1445 c.
938 1410 998 1452 111,
1023 1411 1056 1446 7.
1082 1411 1277 1455 Wopkens.
1301 1410 1412 1443 Lectt.
1439 1407 1538 1441 Tull.
1560 1406 1591 1449 I,

190 1469 250 1505 13.
279 1480 317 1515 p.
348 1469 397 1505 75
428 1483 480 1515 sq.
510 1470 631 1506 Beier.
671 1471 716 1507 ad
747 1471 822 1506 Cic.
845 1470 889 1506 de
915 1471 988 1506 off.
1011 1471 1074 1515 111,
1100 1471 1134 1512 6,
1157 1471 1214 1506 32.
1240 1483 1273 1515 p.
1300 1468 1382 1504 234.
1418 1469 1590 1503 Goerenz-

190 1531 235 1565 ad
257 1530 371 1576 Legg.
395 1531 440 1574 Π,
462 1532 521 1574 21,
546 1531 603 1568 53.
627 1544 661 1577 p.
686 1533 767 1571 184.
790 1552 838 1561 -·-
867 1533 1050 1575 Videlicet,
1074 1532 1166 1577 quod
1191 1532 1227 1566 in
1250 1531 1391 1566 Fabric.
1415 1530 1457 1565 1..
1481 1530 1590 1572 deest,

191 1591 345 1633 Cortius,
369 1592 415 1626 ab
437 1592 563 1638 ineptis
587 1595 744 1630 librariis
766 1598 925 1629 assutum
949 1593 1079 1636 dicens,
1102 1593 1218 1637 eiecit,
1244 1592 1329 1637 quia
1352 1602 1476 1626 veram
1498 1595 1589 1626 stru-

190 1655 310 1687 cturae
340 1652 514 1688 rationem
546 1666 616 1689 non
647 1656 833 1700 perspexit.
886 1655 1074 1690 Particula
1103 1654 1197 1689 enim
1229 1665 1299 1688 non
1325 1653 1371 1689 ad
1394 1652 1591 1687 coniuncti-

189 1723 275 1747 vum
306 1713 459 1748 refertur
488 1726 532 1750 ex
557 1716 708 1752 relativo
740 1715 970 1761 pendentem,
1002 1726 1095 1759 quae
1123 1715 1215 1749 ratio
1238 1714 1489 1758 explicativam
1511 1725 1589 1748 sen-

189 1774 337 1809 tentiam
371 1777 576 1812 annectendi
604 1789 688 1812 sane
721 1777 873 1811 insolens
896 1780 931 1811 et
954 1776 1082 1811 vitiosa
1106 1776 1208 1817 foret,
1242 1776 1301 1809 sed
1326 1775 1371 1809 ad
1395 1774 1590 1819 speculanti

186 1835 353 1880 pertinet,
374 1847 417 1871 eo
439 1837 582 1881 quidem
605 1838 764 1881 consilio,
788 1842 828 1873 ut
851 1838 1028 1873 excusatio
1053 1837 1251 1878 adiuvetur,
1277 1847 1348 1880 qua
1371 1836 1483 1869 Volux
1506 1835 1590 1868 Sul-

189 1896 248 1931 lae
271 1896 482 1941 persuadere
504 1901 663 1943 conatur,
694 1909 764 1934 non
787 1899 914 1934 fraude
939 1909 1023 1942 sua,
1047 1898 1107 1933 sed
1131 1899 1212 1932 dolo
1234 1898 1430 1943 Iugurthae
1452 1898 1589 1932 factum

190 1968 277 2000 esse,
302 1960 340 1992 ut
363 1956 432 1992 iter
453 1968 558 1993 suum
581 1968 651 1992 non
674 1959 859 1996 celaretur.
904 1959 1187 2005 Interpunctione
1218 1959 1328 2005 igitur
1362 1958 1482 1994 addita
1505 1970 1589 2003 per-

189 2018 369 2062 spicuitati
411 2018 603 2054 sententiae
642 2021 894 2055 consulendum
933 2021 1147 2065 putavimus.
1194 2021 1358 2055 Ceterum
1389 2021 1500 2056 verba
1532 2021 1590 2055 cm·

191 2081 259 2115 iter
293 2081 532 2126 cognitum
565 2086 654 2116 esset
686 2093 755 2117 non
793 2083 995 2129 significant
1036 2083 1094 2117 cm'
1132 2083 1201 2116 iter
1245 2087 1402 2117 notum
1448 2087 1588 2126 esset,

191 2141 252 2176 sed
286 2142 343 2176 cui
375 2142 420 2176 de
448 2142 574 2177 itinere
598 2144 760 2179 auditum
783 2150 886 2187 esset,
910 2144 969 2178 vel
989 2145 1050 2190 qut·
1074 2144 1116 2179 de
1140 2144 1264 2178 itinere
1289 2143 1517 2188 cognovisset.

285 2205 320 2245 §.
342 2202 377 2238 4.
402 2206 437 2238 et
459 2202 493 2238 5.
517 2215 629 2249 neque
650 2223 697 2231 —
720 2210 773 2249 et]
823 2207 877 2241 De
899 2205 957 2240 his
980 2205 1166 2250 particulis
1189 2215 1224 2239 v.
1249 2204 1295 2239 ad
1320 2204 1349 2246 1,
1374 2203 1408 2238 5.
1435 2215 1470 2248 p.
1494 2202 1587 2237 8.—

194 2265 304 2299 Voces
338 2276 417 2310 spes
448 2275 594 2310 opesque
635 2265 708 2300 iam
749 2278 856 2311 supra
887 2266 1039 2311 legimus
1071 2267 1273 2301 coniunctas
1306 2276 1338 2300 c.
1371 2265 1415 2306 X,
1448 2264 1508 2306 1.;
1539 2264 1587 2299 cf.

192 2326 317 2369 CXIV,
339 2326 377 2360 4.
399 2326 547 2371 Fragm.
572 2327 727 2362 Ilistorr.
750 2329 813 2370 Ill,
837 2328 894 2369 11,
918 2328 953 2362 2.
992 2329 1124 2362 Earum
1148 2327 1224 2361 vim
1247 2330 1283 2361 et
1305 2337 1429 2360 veram
1451 2329 1591 2360 senten-

191 2386 281 2421 tiam
304 2397 374 2421 non
397 2391 576 2424 assecutus
598 2393 650 2424 est
672 2389 832 2430 Cortius,
863 2389 924 2433 qui
948 2389 992 2423 ad
1016 2389 1122 2423 Catil.
1145 2399 1176 2422 c.
1202 2388 1308 2430 xxi,
1331 2388 1365 2422 1.
1398 2387 1587 2432 praecepit,

192 2448 312 2492 figur-ai.
339 2447 383 2483 ἓν
413 2448 480 2484 διοὶ
513 2451 623 2486 δυοῖν
653 2450 846 2496 significari
869 2456 1025 2495 speratas
1049 2460 1141 2495 opcs.
1186 2449 1256 2483 Sed
1279 2449 1458 2493 utriusque
1481 2460 1589 2484 voca-

193 2509 270 2542 buli
301 2513 510 2553 potestatem
542 2524 606 2557 per
636 2523 675 2547 se
704 2513 827 2547 valere
859 2511 943 2547 satis
973 2515 1026 2546 est
1050 2511 1085 2544 in
1110 2510 1250 2554 apric03
1276 2521 1352 2555 spes
1375 2510 1487 2555 igitur
1508 2513 1588 2546 aunt

195 2571 330 2604 auxilio
356 2573 485 2614 sutura
515 2578 549 2607 et
579 2578 749 2618 sperata5
778 2576 900 2608 contra
932 2583 1012 2617 opes
1041 2572 1085 2605 de
1114 2572 1254 2616 paratis
1283 2576 1318 2606 et
1347 2571 1589 2615 praesentibus

195 2631 336 2665 auxiliis
359 2632 606 2678 intelligendae
637 2639 728 2671 sunt.
763 2653 809 2660 -
848 2634 996 2669 Credere
1019 2633 1157 2667 cortine
1189 2644 1252 2676 pro
1279 2643 1376 2666 more
1399 2631 1587 2666 temerario

194 2692 334 2735 omisit,
358 2693 488 2738 quippo
511 2695 568 2729 cui
591 2707 681 2732 unus
702 2695 781 2732 cod.
804 2696 971 2741 Bergan,
1001 2694 1037 2728 in
1062 2705 1131 2738 quo
1154 2694 1303 2729 verbum
1326 2693 1442 2735 deest,
1474 2692 1587 2737 pluris

195 2753 241 2787 ait
280 2757 476 2788 ceterorum
508 2755 680 2791 librorum
710 2757 791 2791 fide.
858 2756 930 2790 Sed
961 2759 1206 2800 praeterquam
1238 2755 1332 2800 quod
1362 2755 1408 2789 ab
1443 2759 1585 2790 externa

194 2814 406 2850 auctoritate
435 2815 582 2852 minime
609 2821 809 2861 suspectum
842 2820 895 2854 eet
915 2818 1145 2863 vocabulum,
1180 2817 1258 2862 ipso
1283 2827 1385 2852 sensu
1408 2815 1584 2852 maximo—
