1630 3034
445 176 799 220 IUGURTHA.
862 177 987 219 CAP.
1019 177 1132 220 XCI.
1390 184 1475 224 485

93 295 195 338 citui
230 310 314 354 per
350 294 595 348 centurias,
626 295 732 338 item
769 300 932 337 turmas
959 295 1205 352 aequaliter
1235 296 1471 343 distribue—

90 399 181 447 rat,
219 398 264 435 et
292 407 347 435 ex
383 391 510 435 coriis
548 397 666 435 utres
706 391 769 434 uti
811 391 968 435 fierent
1012 393 1220 447 curabat3
1261 394 1391 439 simul
1428 403 1472 441 et

91 489 285 548 inopiam
324 488 533 532 frumeuti
570 488 733 541 lenire,
775 493 818 531 et
860 488 1023 548 ignaris
1061 490 1264 535 omnibus
1296 508 1472 552 parare,

89 601 203 643 quae
232 600 338 628 mox
373 586 469 629 usui
505 585 675 638 forent3
713 585 906 642 denique
944 591 1067 628 sexto
1100 586 1198 643 die,
1236 604 1371 646 quum
1415 591 1472 634 ad

88 684 252 727 flumen
288 689 468 727 ventum
506 687 596 737 est,
632 683 823 725 maxima
866 682 930 725 vis
973 683 1133 726 utrium
1171 683 1345 730 effecta.
1405 687 1508 736 lbi2

89 780 238 824 castris
278 780 365 824 levi
398 779 668 823 munimento
705 778 874 838 positis,
910 779 1066 824 milites
1105 780 1252 825 cibum
1290 798 1467 843 capere,

86 948 158 982 bnt.
185 967 231 973 -
257 949 303 982 Et
327 950 404 991 post
427 947 530 981 simul
554 958 620 980 non
645 949 759 980 exstat
783 946 817 980 in
843 946 925 981 Bas.
953 946 985 980 1.
1011 947 1123 981 Paris.
1146 947 1181 981 b.
1207 960 1237 982 c.
1261 961 1293 984 x.
1316 961 1344 984 z.
1365 951 1471 986 Aeaci.

87 1009 205 1042 Guelt'.
233 1009 264 1042 l.
288 1009 323 1043 2.
357 1009 470 1043 Ρθίᾶῐ.
496 1008 529 1043 1.
559 1007 594 1042 2:
627 1008 729 1041 Bern.
755 1008 789 1042 3.
825 1008 941 1042 Berol.
978 1008 1010 1040 l.
1045 1007 1079 1041 2.
1117 1009 1236 1044 Goerl.
1272 1015 1306 1044 et
1337 1011 1471 1045 duobus

86 1068 215 1102 IVassii
231 1095 240 1111 ,
266 1080 308 1103 ac
332 1080 415 1103 sane
439 1070 559 1102 abesse
581 1072 717 1112 potest,
742 1067 849 1112 quum
872 1069 974 1102 simul
992 1088 1036 1094 —
1056 1074 1091 1103 ct
1114 1069 1182 1103 sibi
1205 1081 1307 1114 saepe
1330 1083 1472 1115 respon-

86 1129 211 1173 deant,
236 1133 277 1163 ut
300 1129 513 1164 ostendimus
538 1129 582 1163 ad
607 1141 637 1164 c.
666 1130 802 1172 XLwl,
827 1129 859 1163 2.
910 1130 979 1164 Sed
1004 1131 1032 1164 si
1056 1131 1146 1164 duae
1169 1142 1235 1173 res,
1259 1142 1348 1175 quae
1370 1133 1472 1167 simul

84 1190 257 1234 partIculzi
292 1194 331 1225 ut
363 1192 484 1224 eodem
526 1194 681 1234 tempore
716 1190 828 1223 factae
862 1191 1219 1234 comprehenduntur,
1254 1191 1329 1235 pari
1369 1192 1402 1225 vi
1436 1196 1471 1227 et

85 1262 226 1295 prorsus
257 1252 451 1295 aequaliter
484 1252 693 1297 cogitandae
727 1255 985 1294 proponuntur,
1022 1253 1125 1285 simul
1148 1252 1229 1284 voci
1253 1257 1287 1286 et
1310 1252 1470 1296 gemina-

84 1314 158 1346 tum
191 1312 397 1356 subiit-itum
432 1313 532 1347 cuius
563 1315 758 1346 structurae
788 1322 1000 1356 quamquam
1033 1324 1101 1347 non
1134 1313 1231 1347 aliud
1267 1314 1469 1357 exemplum

82 1373 175 1416 apud
210 1373 419 1408 Sallustium
451 1375 601 1408 habetur
636 1374 732 1418 (nam
760 1373 838 1407 loci·
860 1386 888 1407 c.
915 1375 1084 1417 Lxxlu,
1109 1375 1142 1407 2.
1169 1373 1240 1408 alia
1268 1374 1359 1408 ratio
1385 1374 1468 1418 est),

83 1437 200 1468 tamen
224 1435 331 1480 longe
354 1435 585 1479 plurimorum
612 1436 711 1469 codd.
741 1434 845 1468 lectio
869 1444 938 1466 non
961 1433 1098 1467 videtur
1122 1433 1336 1476 damnanda,
1361 1445 1468 1478 quum

81 1494 195 1528 minus
219 1496 402 1539 probabile
428 1496 472 1530 sit
494 1496 658 1530 adiecisse
682 1495 816 1529 scribas
841 1499 897 1535 et,
921 1505 1026 1537 quam
1051 1494 1208 1528 omisisse
1230 1495 1363 1538 potius,
1386 1494 1469 1538 quia

81 1555 183 1590 simul
214 1556 374 1590 sufficere
406 1558 583 1591 rebantur.
630 1556 746 1600 Saepe
779 1555 828 1589 ita
860 1555 1015 1588 locutum
1049 1566 1123 1588 esse
1157 1554 1295 1589 Livium
1320 1555 1468 1590 ostendit

79 1617 343 1651 Drakenborch.
372 1618 416 1651 ad
445 1618 570 1658 xxw,
594 1615 653 1659 43,
675 1616 707 1650 6.
733 1615 782 1650 ibi
807 1625 1012 1659 comparans
1037 1616 1164 1658 XXIII,
1185 1615 1240 1655 26,
1266 1616 1296 1650 8.
1317 1617 1465 1658 XXXII,

80 1673 138 1716 18,
162 1674 195 1708 3.
220 1678 253 1708 et
276 1687 306 1708 c.
330 1675 387 1718 2⁴,
412 1677 459 1720 3.,
494 1689 606 1722 neque
637 1677 740 1712 aliter
771 1677 843 1711 Cic.
869 1676 993 1710 Tusce.
1025 1673 1092 1717 fv,
1116 1675 1174 1718 28,
1200 1677 1257 1713 60.
1309 1678 1375 1711 Illa
1401 1690 1465 1713 au-

79 1739 149 1769 tem
183 1737 297 1770 altera
320 1739 411 1772 ratio
446 1744 479 1773 et
515 1739 628 1773 oratio
661 1739 794 1772 simul
827 1743 868 1772 et
904 1737 1097 1781 opinionem
1126 1738 1262 1781 salsam
1285 1739 1396 1781 tollit,
1424 1744 1465 1773 et

80 1797 341 1841 aegritudinem
376 1800 550 1842 detrahit,
584 1803 619 1834 et
653 1800 795 1833 Sueton.
827 1799 926 1832 caes.
960 1809 991 1832 e.
1015 1797 1070 1831 57.
1121 1799 1251 1831 Eodem
1276 1810 1375 1831 sensu
1401 1810 1466 1842 pro

79 1859 182 1892 simul
217 1859 346 1893 Caesar
377 1861 464 1895 dixit
496 1873 562 1895 uno
595 1866 767 1902 tempore,
803 1858 845 1891 de
877 1857 920 1892 B.
956 1859 1000 1892 G.
1026 1859 1077 1900 ll,
1102 1858 1159 1893 19.
1185 1859 1218 1892 7.
1267 1860 1465 1893 Incredibili

81 1918 259 1953 celeritate
291 1921 340 1954 ad
367 1924 502 1965 flumen
533 1923 821 1960 decucurrerunt,
855 1923 893 1952 ut
927 1929 1039 1962 paene
1064 1929 1151 1951 uno
1188 1924 1388 1964 tempore
1422 1926 1465 1955 et

81 1980 128 2012 ud
155 1981 261 2013 silvas
277 2005 287 2021 ‚
313 1986 358 2015 et
391 1983 428 2015 in
455 1983 626 2025 flumine,
659 1986 699 2014 et
740 1980 811 2012 iarn
838 1979 875 2012 in
900 1979 1058 2011 manibus
1081 1979 1206 2012 nostris
1229 1980 1342 2013 hostes
1366 1980 1464 2013 vitle-

79 2045 208 2074 rentur.
254 2040 349 2075 Tota
371 2044 489 2075 autem
513 2040 710 2074 enunciatio
736 2039 940 2073 bimembris
964 2050 1005 2072 eo
1029 2038 1174 2072 consilio
1199 2040 1317 2074 addita
1341 2043 1402 2083 est,
1426 2044 1466 2074 ut

80 2102 188 2135 lenire
220 2104 352 2145 spectet
383 2102 427 2136 ad
461 2103 569 2136 verba
597 2113 701 2146 pecus
735 2100 979 2142 distribuerat,
1011 2111 1140 2143 parare
1164 2100 1208 2132 ad
1241 2105 1336 2134 utres
1360 2101 1415 2134 uti
1429 2103 1463 2144 s.

81 2164 237 2197 curabat.
262 2183 306 2189 --
332 2165 433 2197 Sexto
466 2163 543 2205 die,
577 2174 701 2207 quum
736 2162 759 2195 i.
792 2173 821 2195 e.
854 2166 949 2195 sexto
984 2161 1061 2202 die,
1086 2172 1135 2194 ex
1168 2172 1272 2204 quo,
1309 2161 1364 2193 vel
1387 2167 1465 2205 post

80 2229 165 2258 sest.
191 2225 303 2266 diem,
340 2235 469 2269 quarn3
504 2234 537 2256 v·
574 2223 712 2266 Zumpt.
747 2223 902 2256 Gramm.
938 2222 1014 2255 Lat.
1048 2224 1079 2263 ἓ.
1103 2221 1160 2254 74.
1186 2221 1240 2254 12.
1274 2222 1307 2256 b.
1333 2225 1402 2254 not.
1428 2222 1460 2255 2.

68 2271 113 2329 ’μ
138 2285 218 2320 366.
243 2286 295 2319 ed.
319 2286 377 2319 lv.
401 2285 494 2329 Aug.
518 2284 724 2318 Grotet'endi
748 2285 907 2317 Gramm.
933 2283 1008 2316 Lat.
1033 2283 1146 2316 schol.
1170 2293 1202 2326 p.
1227 2281 1305 2316 308.
1332 2283 1365 2326 ς.
1382 2281 1463 2316 382.

79 2349 149 2379 not.
167 2345 199 2378 l.
250 2345 398 2379 Plancus
425 2345 460 2378 in
486 2345 556 2380 Cic.
592 2346 678 2388 Epp.
711 2346 753 2379 ad
782 2346 921 2378 Famm.
946 2345 989 2385 X,
1013 2343 1069 2384 23,
1093 2343 1126 2377 8.
1178 2343 1354 2389 Οοῑὶρςαπι
1384 2343 1461 2376 tri-

80 2406 185 2446 duo,
219 2417 349 2450 quum
380 2407 440 2440 hos
475 2406 603 2439 dabam
637 2407 789 2448 litteras,
828 2405 1080 2449 exspectabam.
1117 2405 1232 2438 Plaut.
1258 2404 1352 2437 Pers.
1377 2403 1403 2444 1,
1427 2402 1462 2444 3,

79 2464 135 2500 58.
170 2466 333 2500 Nondum
356 2479 414 2501 sex
438 2478 568 2501 menses
593 2471 691 2508 sunt,
715 2478 842 2511 quum
867 2467 932 2499 huc
957 2465 1211 2509 commigravit.
1237 2474 1270 2497 v.
1299 2463 1393 2497 Cort.
1417 2463 1461 2496 ad

79 2527 151 2561 Cic.
178 2528 267 2571 Epp.
293 2527 337 2561 ad
371 2527 511 2562 Famm.
545 2528 626 2570 XV,
654 2526 716 2570 Η,
741 2529 772 2561 1.
823 2527 926 2561 Multi
956 2526 1040 2559 anni
1061 2530 1160 2567 sunt,
1194 2535 1319 2569 quum
1344 2524 1401 2558 ille
1426 2523 1462 2557 ἰη

79 2599 159 2622 aere
182 2598 257 2622 mec
283 2593 344 2623 est.
1041 2597 1045 2602 '

171 2651 204 2692 §-
228 2650 261 2682 2.
297 2654 330 2683 et
353 2649 387 2683 3.
435 2650 537 2683 simul
571 2661 646 2683 cum
679 2652 827 2691 occasu]
863 2661 895 2682 v.
931 2650 973 2683 ad
1006 2660 1036 2682 c.
1072 2648 1232 2690 LXVIII,
1265 2647 1298 2680 2.
1323 2665 1367 2671 --
1393 2645 1462 2679 Pro

79 2710 220 2744 sarcinis
251 2711 393 2745 abiectis
431 2711 582 2745 Weisius
624 2722 666 2744 ex
698 2711 772 2744 sola
804 2710 941 2754 Gryph.
978 2708 1060 2742 min.
1103 2708 1238 2752 scripsit
1273 2708 1341 2741 abi.
1372 2717 1461 2740 sare.

81 2770 191 2805 Recte
214 2775 332 2806 autem
352 2771 561 2806 Gerlachius
583 2771 618 2806 in
641 2773 693 2806 ed.
716 2770 904 2806 novissima
927 2770 1025 2803 colon
1051 2773 1127 2814 post
1148 2770 1240 2803 iubet
1265 2768 1299 2801 iu
1323 2777 1460 2801 comma
