1630 3034
244 112 300 155 66
855 113 1011 153 INDEX

244 226 375 256 Primum
392 233 463 255 cuin
474 223 584 266 ellipsi
595 222 833 256 condicionalis
843 224 1043 264 sententiae,
1057 227 1219 266 sequente
1227 225 1276 256 sin
1284 223 1462 267 particula,
1478 223 1502 256 1.
1517 224 1572 262 35,
1582 206 1630 257 4.·⁴

242 279 373 310 Primum
384 279 525 322 positum
543 289 605 311 non
623 283 783 321 sequente
801 283 862 311 tum
878 284 938 312 aut
953 281 1062 312 deinde
1076 280 1254 323 particula,
1279 279 1303 312 Ι.
1325 279 1380 320 45,
1397 279 1430 314 2.
1618 238 1630 319 i

240 335 355 366 Primus
373 336 520 375 hastatus,
535 336 689 376 princeps,
702 336 795 376 pilus,
812 334 837 368 Ι.
858 335 913 375 38,
932 335 965 368 6.

239 390 379 432 Princeps
396 391 418 423 i.
439 401 468 433 q.
489 391 650 434 incipiens
667 400 728 423 seu
744 391 880 434 primus,
899 391 935 425 C.
952 392 1011 432 24,
1027 391 1062 426 2.

239 446 379 487 Princeps
397 451 518 478 senatus
535 451 569 478 et
584 448 614 478 in
631 451 750 488 senatu,
768 447 792 479 Ι.
811 447 868 487 25,
887 448 919 480 5.

238 502 379 542 Princeps
394 504 522 543 primus,
540 502 564 534 Ι.
581 502 636 542 38,
655 502 686 535 6.

239 558 389 598 Principio
408 568 470 589 non
488 558 585 600 plane
599 559 684 590 idem
701 562 754 591 est
771 563 869 601 atquc
887 569 906 590 a
920 560 1083 600 principio,
1108 558 1133 591 1.
1153 557 1209 598 29,
1223 558 1276 594 2.,
1292 557 1368 597 102,
1383 557 1415 590 6.

239 613 387 654 Principio
412 623 485 646 cum
509 614 620 657 ellipsi
644 614 883 647 condicionalis
908 615 1109 655 sententiae,
1134 618 1295 657 sequente
1319 615 1367 645 sin
1390 613 1568 657 particula,
1593 613 1616 645 1.

330 669 386 709 35,
404 670 437 702 4.

239 724 323 755 Prius
340 724 454 757 verbis
471 725 619 758 iunctum
636 735 708 758 cum
723 735 799 766 prae
815 726 872 760 vel
890 731 958 758 ante
975 727 1176 771 compositiS,
1203 725 1238 759 C.
1253 725 1315 765 18,
1334 725 1366 758 6.
1415 725 1470 763 32,
1498 725 1527 757 1.
1574 768 1577 771 .

238 779 418 821 Priusquam
434 791 506 813 cum
523 781 705 814 indicativo
723 786 757 814 et
774 792 846 815 cum
863 783 1075 816 coniunctivo
1094 784 1252 823 iunctum,
1278 777 1318 814 G.
1338 781 1372 821 4,
1392 782 1423 814 5.

237 836 380 867 Privatim
397 837 418 868 i.
440 847 471 878 q.
491 838 695 878 singulorum
713 836 834 880 gratio,
859 838 935 879 1.,8,
956 840 986 871 5.
1343 843 1347 846 ”

237 891 293 923 Pro
310 893 565 935 praepositionis
583 895 714 937 propria
730 899 890 936 potestas,
917 895 941 927 Ι.
957 894 1014 934 29,
1034 895 1064 927 6.
1115 894 1171 933 39,
1191 893 1223 926 1.
1274 892 1328 932 59,
1348 892 1377 925 1.

236 947 291 978 Pro
309 948 471 980 rationem
488 948 624 988 indicat,
643 959 706 991 qua
725 950 809 982 duae
827 960 881 982 res
895 950 1119 989 continentur,
1147 949 1181 982 C.
1203 949 1257 988 59,
1277 948 1307 981 1.
1359 947 1413 987 51,
1438 947 1469 980 8.
1520 947 1542 979 1.
1566 947 1619 985 11,

327 1002 358 1035 1.
408 1003 463 1043 39,
484 1003 514 1036 1.

236 1059 292 1090 Pro
309 1064 507 1102 potestatem
524 1059 723 1093 defendendi
740 1061 796 1094 vel
813 1062 995 1093 excusandi
1013 1061 1125 1099 habet,
1153 1060 1176 1092 Ι.
1198 1060 1273 1099 102,
1294 1060 1346 1092 12.

238 1114 293 1146 Pro
311 1115 433 1147 dictum
451 1115 490 1147 de
509 1116 580 1147 loco
596 1118 649 1148 ubi
664 1118 725 1157 sis,
751 1117 774 1149 l.
796 1116 851 1156 67,
871 1117 901 1149 1.

237 1169 292 1200 Pro
310 1171 452 1202 concione
471 1181 534 1212 qua
551 1173 680 1204 ratione
699 1173 820 1204 dictum
840 1173 895 1211 sit,
923 1172 946 1205 l.
966 1172 1023 1211 29,
1044 1172 1076 1204 G.

236 1225 291 1257 Pro
309 1226 330 1257 i.
351 1236 381 1268 q.
402 1228 509 1269 quasi,
528 1237 628 1260 verae
646 1229 768 1260 rationi
793 1228 912 1260 salsam
929 1228 1091 1270 quandam
1108 1227 1294 1267 substituit,
1320 1227 1345 1260 1.
1365 1227 1420 1267 98,
1440 1228 1471 1259 6.

236 1281 291 1312 Pro
309 1282 332 1313 i.
352 1292 383 1324 q.
403 1282 475 1314 loco
494 1283 636 1316 alicuius
651 1285 713 1324 rei,
739 1284 762 1316 I.
786 1284 817 1324 1,
837 1286 867 1317 5.
917 1285 974 1324 22,
994 1285 1027 1317 4.

237 1336 292 1368 Pro
312 1348 383 1369 cum
402 1340 531 1371 nomine
549 1340 613 1371 vim
628 1340 777 1372 adverbii
796 1341 908 1379 habet,
934 1340 957 1373 Ι.
976 1340 1032 1379 22,
1051 1341 1081 1372 4.

238 1392 293 1424 Pro
311 1394 333 1426 i.
350 1404 379 1436 q.
397 1392 492 1434 α’ντὶ,
512 1394 547 1427 C.
568 1395 621 1435 51,
639 1395 671 1427 8.

237 1448 293 1480 Pro
312 1454 390 1481 certo
408 1451 430 1482 i.
448 1460 478 1493 q.
499 1455 636 1491 certum,
656 1450 692 1483 C.
713 1451 767 1491 15,
785 1451 817 1485 2.

236 1503 293 1535 Pro
311 1506 446 1545 consule,
463 1512 682 1548 propraetore,
701 1508 757 1540 ubi
773 1508 838 1540 dici
855 1513 1009 1550 nequeat,
1035 1508 1060 1541 Ι.
1081 1508 1138 1546 44,
1160 1507 1189 1539 1.

238 1560 381 1592 Probrum
398 1562 419 1593 i.
441 1571 472 1604 q.
492 1573 546 1595 res
565 1573 650 1605 quae
668 1564 812 1596 dedecus
831 1564 940 1604 affert,
964 1564 989 1597 1.
1017 1563 1071 1603 85,
1092 1563 1146 1596 14.

238 1615 353 1648 Procax
370 1618 391 1648 i.
412 1627 442 1659 q.
464 1619 558 1650 nimis
577 1620 744 1660 petulans,
771 1617 811 1653 C.
830 1620 886 1661 25,
906 1622 937 1653 5.

238 1671 400 1703 Procedere
416 1673 438 1704 i.
459 1683 488 1714 q.
504 1684 661 1716 prospere
679 1676 827 1715 evenire,
846 1676 869 1708 1.
890 1676 946 1715 85,
965 1677 997 1707 5.
1046 1675 1101 1713 35,
1119 1677 1150 1709 4.

237 1726 400 1758 Procedere
413 1738 483 1760 cum
502 1729 613 1760 dativo
633 1730 791 1770 iunctum,
812 1731 846 1762 C.
869 1732 923 1769 32,
945 1732 973 1763 1.

237 1782 344 1814 Procul
361 1793 461 1815 errare
478 1794 540 1826 quo
559 1795 660 1818 sensu
677 1786 810 1826 dictum,
836 1787 860 1819 I.
880 1787 936 1827 85,
955 1786 1009 1819 38.

237 1839 365 1871 Prodere
380 1840 537 1881 quomodo
555 1841 688 1874 differat
703 1852 724 1874 a
740 1845 887 1882 deserere,
905 1842 932 1875 I.
952 1842 1007 1882 31,
1026 1842 1078 1874 18.

236 1895 385 1928 Proelium
403 1897 578 1929 latrocinio
595 1899 789 1941 oppositum,
815 1899 840 1931 1.
862 1898 918 1939 97,
938 1900 968 1931 5.

237 1951 368 1992 Profiteri
386 1962 432 1984 sc.
455 1963 571 1986 nomen
589 1955 675 1997 apud
693 1948 891 1995 rogatorem,
920 1956 952 1987 in
970 1954 1121 1997 petendis
1139 1954 1330 1994 honoribus,
1358 1952 1398 1988 C.
1422 1955 1475 1995 18,
1494 1955 1526 1988 3.

237 2007 370 2047 profiteri
386 2009 530 2040 indicium
547 2010 568 2041 i.
590 2019 619 2052 q.
640 2013 709 2043 rem
726 2020 851 2043 omnem
870 2012 980 2050 fateri,
1007 2010 1031 2044 Ι.
1053 2010 1108 2046 35,
1127 2009 1157 2042 6.

236 2064 419 2105 profugium,
436 2057 606 2106 perfugium
623 2071 658 2112 ct
669 2068 828 2107 refugium,
848 2068 925 2109 quid
943 2067 1110 2106 differant,
1137 2063 1176 2099 C.
1194 2067 1249 2105 54,
1268 2067 1298 2099 3.

236 2120 396 2161 Ριόῇιςμ·νε1
410 2121 610 2162 gormunice,
630 2123 727 2153 dauon
744 2124 865 2162 fliehm,
892 2123 915 2155 1.
938 2123 990 2162 13,
1009 2125 1040 2156 4.

234 2175 402 2216 Prosundus
422 2177 443 2208 i.
464 2186 494 2218 q.
516 2182 644 2217 vastus,
665 2178 891 2221 inexplebilis,
916 2178 940 2212 Ι.
961 2179 1016 2221 81,
1037 2179 1067 2211 1.

236 2231 396 2264 Prohibere
413 2242 484 2264 cum
503 2232 651 2265 ablativo
670 2234 828 2273 iunctum,
854 2234 878 2267 Ι.
898 2235 954 2275 21,
970 2234 1004 2271 2.

234 2288 393 2320 Prohibere
413 2289 570 2330 quomodo
588 2292 705 2321 tutandi
723 2296 756 2322 et
770 2293 952 2332 impediendi
969 2301 1101 2324 sensum
1120 2291 1274 2334 accipiat,
1301 2291 1324 2325 1.
1348 2290 1423 2331 107,
1443 2292 1472 2325 1.

234 2343 361 2375 Proinde
380 2344 400 2376 i.
423 2354 452 2385 q.
473 2345 621 2387 perinde,
648 2343 687 2378 C.
707 2347 760 2385 12,
780 2347 810 2379 5.
861 2346 883 2379 1.
902 2348 934 2386 4,
952 2347 984 2379 8.
1036 2347 1091 2386 31,
1112 2347 1162 2380 10.

235 2399 387 2431 Prolalare
404 2404 438 2432 ct
454 2402 615 2441 protelare,
634 2401 657 2434 I.
678 2402 732 2441 27,
752 2402 785 2435 2.

234 2455 397 2497 Proleplica·
414 2457 521 2498 posita
540 2457 715 2497 vocabula,
742 2458 764 2491 Ι.
782 2458 837 2498 ¹29,
857 2460 887 2491 5.

234 2510 403 2543 Promittere
421 2513 497 2554 quid
516 2513 649 2546 differat
665 2525 683 2545 a
703 2516 852 2554 polliceri,
870 2515 893 2547 Ι.
916 2514 969 2549 47.
990 2516 1019 2547 4.
1074 2516 1150 2554 113,
1170 2517 1200 2549 1.

232 2566 386 2607 Prompms
405 2568 426 2600 i.
447 2578 476 2610 q.
498 2568 538 2600 ad
557 2569 682 2611 nliquid
701 2571 887 2603 audendum
903 2576 1052 2613 por-atus,
1071 2570 1110 2604 C.
1134 2573 1188 2609 ⁴3,
1207 2574 1237 2605 4.

235 2622 387 2662 promptus
407 2624 522 2663 linquo,
542 2624 564 2656 1.
585 2626 640 2662 44,
663 2625 690 2658 1.

1604 342 1605 345 ,
1627 330 1630 347 1
