1630 3034
395 123 568 164 RERUM
599 123 662 163 AC
694 122 964 163 VERBORUM
1311 121 1363 162 61

0 236 152 277 ’erfectnm
167 235 341 268 verborum
359 236 548 268 deliberandi
565 237 611 268 ita
630 239 835 279 usurpatum,
855 239 892 267 ut
908 244 978 267 cum
996 239 1170 278 praesente
1187 239 1364 268 commuta-

79 296 147 324 tuln
164 292 332 331 videatur,
348 292 372 325 Ι.
393 292 448 332 95,
466 292 498 325 2.

0 348 113 389 ἐτ-[εστὶ
127 349 287 387 infinitivus
307 358 369 380 non
382 349 514 392 ponitur
529 359 587 391 pro
604 348 663 381 inf.
682 348 881 391 praesentis,
906 345 939 393 Ι..
952 346 1007 386 31,
1024 345 1080 380 27.

0 404 110 444 'erfecit'
127 404 326 435 coniunctivus
344 414 415 436 cum
429 404 540 437 futuro
557 409 674 437 exacto
688 404 858 443 confusus,
875 402 899 435 Ι.
920 401 996 441 110,
1016 402 1055 443 3;
1072 403 1102 435 4.

0 459 111 501 'er-secti
123 461 324 492 coniuncta-us
357 461 593 504 depravatione
618 470 660 493 ex
677 460 857 493 indicativo
873 458 1185 502 plusquamperfecti
1197 484 1205 498 ‚
1228 469 1270 492 cx
1287 462 1368 500 quod

79 520 169 559 apto,
196 520 300 555 ortus,
327 513 366 548 C.
387 517 441 550 18.
457 517 488 549 3.
536 516 561 549 Ι.
583 516 637 556 39,
658 517 688 549 1.

0 571 113 612 Persecti
129 573 330 604 coniunctivus
348 574 383 606 vi
402 573 590 615 imperativi
607 573 748 616 positus,
773 570 799 605 Ι.
820 571 896 611 110,
915 573 946 604 4.

0 628 112 668 Dersecti
128 629 287 668 infinilivus
305 629 449 671 pendens
475 638 517 660 ex
533 630 633 660 iubere
649 628 763 668 verbo,
789 628 813 661 I.
835 627 912 666 106,
931 628 962 659 4.

0 684 111 724 r’erfecit'
126 685 241 725 passivi
259 685 466 727 participium
484 689 543 717 aut
559 684 742 717 infinitivus
760 693 803 717 ex
817 685 884 716 volo
908 683 1054 727 pendens
1079 693 1099 715 a
1123 687 1299 726 praesente
1316 684 1366 716 di-

77 749 222 780 versum,
241 738 267 773 1.
287 740 363 777 110,
383 740 413 773 6.

0 795 113 836 ”effecti
129 798 232 829 activi
249 796 303 829 ΙΠ.
323 807 463 840 persona
475 796 616 839 pluralis
635 797 667 828 in
684 807 789 834 —ere,.
822 795 847 828 Ι.
864 795 917 835 11,
936 796 968 829 2.

0 850 112 891 ⁰erfecti
128 854 159 883 in
176 854 309 894 epistolis
327 853 413 885 ratio
431 862 494 884 non
520 852 561 884 ad
579 852 646 884 alia
670 851 835 885 scribendi
859 862 983 893 genera
1011 855 1063 883 est
1086 851 1289 884 traducenda
1302 877 1310 888 ,
1342 851 1365 883 1.

81 907 136 947 95,
154 908 186 941 2.

0 962 118 1003 Perfecto
136 965 247 996 aoristo
261 964 474 1006 subiungitur
483 964 866 1007 praesensconiunctivi,
882 960 922 996 C.
940 963 996 1003 41,
1018 965 1048 996 5.
1076 962 1099 996 Ι.
1118 961 1217 1002 28,2.
1247 962 1366 997 111,1.

0 1018 134 1059 Perficere
149 1020 244 1052 verbi
262 1021 392 1063 propria
408 1020 473 1059 vis,
499 1019 524 1052 1.
544 1019 598 1059 16,
616 1019 648 1052 3.

0 1074 132 1115 Perficere
148 1076 226 1118 quid
243 1076 375 1108 differat
393 1086 412 1108 a
435 1080 570 1117 patrare,
587 1075 613 1109 I.
631 1075 687 1115 21,
706 1075 738 1107 2.

0 1130 119 1171 Perfidia
136 1136 171 1163 et
183 1133 279 1163 scelus
296 1142 396 1175 saepe
415 1133 671 1173 coniunguntur,
696 1129 722 1164 1.
740 1130 815 1170 107,
833 1132 865 1163 2.

0 1187 161 1228 Persuqium
179 1188 336 1230 quomodo
354 1188 486 1220 differat
503 1190 673 1229 aprosuqio
691 1193 725 1220 et
739 1189 867 1228 resumo,
893 1184 934 1221 C.
955 1190 1009 1221 54.
1029 1188 1059 1220 3.

0 1243 150 1284 Persaycre
167 1243 339 1276 confusum
357 1253 427 1276 cum
443 1247 614 1286 prosnyere,
632 1244 657 1277 I.
678 1243 753 1283 103,
772 1244 805 1276 3.

0 1298 117 1340 Peryere
139 1301 194 1332 iter
210 1310 275 1342 qua
291 1305 480 1333 structurae
496 1301 625 1333 ratione
643 1300 764 1333 dictum
781 1300 838 1340 sit,
855 1299 878 1332 Ι.
901 1298 954 1337 79,
977 1301 1008 1332 5.

0 1354 140 1387 Periclum
156 1360 191 1388 et
205 1357 384 1397 periculum,
401 1356 426 1389 I.
447 1354 479 1396 7,
499 1356 529 1389 1.

0 1411 118 1444 Perinde
142 1412 300 1455 quomodo
317 1412 450 1445 differat
465 1422 484 1445 a
499 1413 636 1454 proinde,
655 1411 679 1444 1.
700 1413 732 1451 4,
750 1411 783 1444 8.
832 1411 888 1451 31,
907 1411 959 1445 10.

0 1467 161 1500 Permittere
178 1469 307 1511 quando
323 1479 380 1512 pro
397 1470 509 1500 mittere
526 1469 667 1508 dicatur,
695 1465 734 1500 C.
755 1467 810 1508 51,
827 1467 882 1501 22.

0 1523 163 1556 Permittere
179 1525 309 1566 gratiae
324 1530 358 1557 et
373 1525 570 1557 clementiae
589 1524 796 1562 vocabulum,
825 1523 860 1556 C.
877 1523 930 1557 51.
945 1523 999 1556 22.

0 1578 152 1612 Permioelio
170 1584 266 1612 (errae
283 1581 304 1612 i.
324 1590 355 1623 q.
371 1581 483 1619 chaos,
508 1579 533 1613 Ι.
549 1580 604 1620 41,
621 1579 672 1612 10.

0 1635 178 1668 Per-scribere
193 1645 256 1668 non
274 1641 327 1668 est
343 1638 444 1668 animo
461 1637 642 1678 conspicere,
661 1635 685 1668 1.
705 1634 760 1674 93,
775 1636 806 1667 4.

0 1691 134 1732 Persequi
149 1693 172 1724 i.
191 1701 222 1734 q.
239 1692 370 1731 ulcisci,
390 1691 425 1724 C.
443 1692 474 1731 9,
495 1693 525 1725 5.
574 1691 600 1725 1.
621 1691 675 1731 14,
693 1690 748 1724 23.

0 1747 99 1779 Perses
115 1752 150 1780 et
165 1748 300 1788 Perseus,
319 1745 360 1781 C.
380 1747 434 1787 51,
451 1749 481 1780 5.

0 1803 125 1835 Persona
140 1805 264 1836 subiecti
280 1805 382 1836 tacite
399 1808 526 1836 mutata
543 1803 744 1835 constructio
761 1807 918 1841 mutatur,
943 1803 967 1835 Ι.
987 1803 1019 1841 8,
1036 1803 1068 1835 2.

0 1859 142 1891 Personae
157 1860 285 1902 positae
302 1870 360 1902 pro
376 1860 477 1898 rebus,
497 1869 580 1901 quae
598 1868 811 1901 personarum
828 1863 916 1897 sunt,
942 1857 967 1889 1.
989 1857 1064 1897 110,
1090 1857 1122 1890 8.

0 1914 143 1947 Personae
159 1915 260 1947 rebus
280 1919 488 1957 comparatae
505 1918 563 1946 aut
579 1914 760 1957 oppositae,
786 1913 824 1946 C.
842 1913 896 1953 51,
915 1913 969 1946 14.
1017 1913 1042 1945 Ι.
1062 1913 1117 1952 85,
1138 1912 1190 1945 13.

0 1970 133 2002 Personis
152 1971 282 2012 quando
299 1971 524 2013 praedicatum
542 1974 645 2000 neutro
664 1979 786 2010 genere
812 1969 964 2007 addatur,
989 1968 1014 2000 1.
1032 1968 1088 2007 49,
1107 1970 1138 2001 5.

0 2025 219 2068 perspicuitatis
237 2036 357 2058 caussa
375 2025 476 2058 verbo
494 2035 609 2057 nomen
627 2025 770 2063 additur,
799 2024 894 2056 cuius
912 2025 1000 2057 notio
1025 2024 1135 2057 iamin
1153 2024 1255 2057 verbo
1273 2025 1371 2063 inest,

85 2081 112 2114 Ι.
127 2080 182 2121 73,
199 2081 229 2114 1.
279 2081 335 2117 83.
354 2081 386 2114 3.
434 2080 489 2119 88,
507 2081 539 2112 4.

0 2137 143 2170 Pertinere
158 2136 327 2169 confusum
346 2147 417 2169 cum
432 2138 611 2177 pertinyere,
637 2133 660 2168 1.
680 2135 736 2173 48,
754 2136 785 2168 3.

0 2192 160 2225 Pessimum
180 2194 335 2234 publicum
353 2193 441 2235 quid,
461 2192 484 2224 Ι.
505 2192 560 2229 25,
576 2191 607 2223 3.

0 2247 194 2281 pessumdare
209 2248 304 2281 verbi
320 2250 373 2281 vis
391 2253 425 2280 et
441 2248 546 2289 origo,
564 2247 587 2279 Ι.
609 2246 639 2283 1,
665 2247 697 2279 4.

0 2304 165 2337 Pestilentia
182 2309 216 2336 et
230 2306 321 2346 pestis
339 2304 496 2346 quomodo
510 2303 670 2335 translate
687 2307 897 2345 usurpentur.
925 2299 964 2335 C.
987 2302 1038 2335 10.
1054 2302 1084 2334 6.

0 2359 102 2400 Pestis,
116 2361 210 2392 homo
228 2359 387 2398 nefarius,
407 2358 441 2391 C.
462 2358 513 2397 14,
535 2357 565 2390 1.

0 2415 98 2448 Petere
115 2420 150 2448 et
164 2417 268 2456 petitio
281 2415 434 2448 absolute
453 2414 572 2445 dictum
592 2413 631 2445 de
648 2414 788 2456 petendo
806 2415 992 2446 consulatu.
1012 2413 1045 2446 C.
1069 2414 1122 2447 18,
1141 2414 1173 2446 3.
1224 2414 1246 2446 1.
1267 2414 1320 2449 63,
1340 2414 1358 2446 6

91 2470 147 2511 64,
167 2470 199 2503 1.

0 2525 130 2558 Petreius
149 2524 241 2568 (M.),
269 2525 304 2557 C.
325 2524 378 2556 59.
407 2526 435 2555 4.

1 2581 159 2620 phalerae,
185 2581 303 2613 donum
321 2581 476 2619 militare,
494 2577 520 2611 l.
540 2579 594 2618 85,
612 2580 667 2613 29.

2 2637 138 2669 Philaeni
155 2636 375 2671 scribendum,
395 2646 456 2668 non
471 2636 595 2674 Philem',
612 2635 638 2668 Ι.
659 2634 712 2674 19,
732 2636 763 2667 3.
