1630 3034
478 168 510 210 Ρ
537 166 576 209 R
602 165 758 209 AEF
785 166 822 208 A·
847 166 884 208 T
911 165 933 209 1
962 166 1012 209 O.
1356 187 1433 212 xm

64 290 173 334 taria
207 287 265 332 de
296 285 484 331 Catilina
519 290 563 327 et
595 282 811 343 Iugurtha
850 282 1124 340 confectum,
1175 299 1291 329 nunc
1332 289 1432 346 qui-

67 392 172 435 dem
216 388 414 433 nondum
462 385 596 431 edere
650 385 805 439 licuit,
861 399 1130 443 quamquam
1176 387 1291 431 bene
1340 390 1430 433 scio

64 493 139 537 tali
181 490 438 536 adiumento
493 486 690 532 lectionis
742 484 895 529 addito
933 485 1129 530 futurum
1173 488 1334 545 fuisse,
1382 497 1432 534 ut

67 595 180 638 liber
232 606 358 637 usum
410 589 549 634 multo
602 587 845 632 faciliorem
889 585 1109 645 haberet,
1153 604 1206 632 ac
1244 590 1432 636 fortasse

64 694 368 740 nonnullorum
408 691 596 751 gratiam
649 691 732 733 isto
785 689 959 734 nomine
1002 695 1258 734 mereretur.
1336 693 1432 737 Sed

62 811 198 855 quum·
243 795 374 839 etiam
423 792 597 836 tertium
641 778 849 835 volumen
888 791 1026 836 multa
1069 790 1323 838 habiturum
1364 796 1430 849 sit,

60 912 175 956 quae
219 895 353 940 indici
402 894 612 938 contineri
657 892 880 948 debeant,
950 894 1083 938 satius
1137 894 1242 938 duxi
1295 896 1428 940 abso-

58 1000 150 1043 luto
185 997 365 1041 demum
408 1011 547 1056 opere
592 994 727 1038 talem
766 994 1013 1049 subiicere,
1060 996 1135 1053 qui
1180 998 1427 1041 universam

56 1099 385 1144 annotationem
444 1097 762 1157 complectatur
788 1127 802 1151 ,
868 1111 1000 1153 quam
1065 1098 1135 1141 vel
1201 1104 1428 1156 postrema

57 1201 150 1244 sine
199 1199 345 1243 indice
399 1199 631 1253 emittere,
694 1197 764 1241 vel
819 1195 965 1241 eidem
1018 1198 1132 1242 libro
1186 1198 1298 1243 duos
1345 1200 1429 1243 ad-

52 1302 250 1362 iungere.

190 1502 329 1558 Quod
364 1502 580 1545 relicuum
616 1506 706 1557 est,
752 1515 842 1544 non
890 1513 1073 1559 possum
1106 1499 1212 1542 huic
1246 1498 1428 1558 praefa-

53 1604 159 1648 tioni
206 1604 340 1647 finem
392 1603 624 1662 imponere
644 1635 656 1657 ‚
727 1603 833 1659 quin
894 1602 1104 1644 maximas
1157 1599 1427 1644 Frotschero

54 1705 313 1749 amicissimo
349 1719 483 1764 agam
522 1703 713 1764 gratias,
762 1703 871 1761 qui,
908 1716 1179 1760 quamquam
1217 1701 1418 1760 complu-

51 1808 171 1851 ribus
224 1806 433 1866 operibus
488 1805 546 1849 ab
606 1804 704 1863 ipso
757 1802 940 1848 edendis
994 1803 1124 1846 valde
1183 1807 1427 1862 occupatus

51 1908 156 1962 fuit,
200 1915 350 1951 tamen
384 1905 596 1967 precibus
635 1905 745 1949 meis
789 1911 1021 1964 permotus
1069 1903 1355 1964 plagularum
1401 1918 1429 1946 a

49 2008 312 2068 typothetae
375 2008 596 2052 erroribus
649 2005 988 2066 purgandarum
1037 2005 1268 2065 negotium
1321 2019 1430 2063 per-

51 2123 184 2166 quam
219 2109 454 2152 molestum
495 2108 714 2166 suscepit,
761 2112 971 2165 tantaque
1011 2106 1261 2150 assiduitate
1296 2105 1340 2148 in
1376 2121 1429 2148 ea

50 2224 99 2253 re
138 2214 333 2252 versatus
370 2214 462 2263 est,
501 2214 548 2251 ut
583 2207 672 2251 hoc
707 2207 918 2250 volumen
957 2208 1098 2251 multo
1142 2206 1427 2266 paucioribus

51 2325 184 2369 quam
218 2309 411 2368 primum
441 2308 550 2352 vitiis
587 2307 799 2352 affectum
837 2306 1052 2367 prodiret.
1125 2307 1256 2361 Quae
1289 2322 1428 2367 prae-

51 2418 173 2455 terea
210 2410 293 2454 fuit
327 2409 405 2455 tiri
449 2409 687 2453 doctissimi
724 2409 997 2464 humanitas,
1031 2414 1081 2451 ut
1116 2423 1189 2452 me
1216 2424 1308 2452 non
1342 2423 1427 2452 no-

50 2513 168 2556 lente
211 2511 532 2555 commentariis
581 2511 693 2554 meis
748 2508 821 2554 hic
864 2511 955 2553 illic
1000 2525 1099 2554 suas
1145 2509 1427 2553 animadver-

50 2613 193 2657 siones
230 2613 553 2672 interponeret,
600 2612 636 2656 si
671 2610 779 2670 quid
822 2612 894 2655 vel
928 2611 1177 2671 neglexisse
1211 2626 1309 2667 me,
1355 2609 1427 2654 vel

54 2729 220 2758 errasse
274 2713 467 2770 videret,
511 2713 648 2756 multo
701 2713 876 2773 saepius
931 2712 979 2755 id
1027 2713 1189 2756 vellem
1234 2712 1425 2764 factum3
