1630 3034
149 165 237 206 2⁰⁰
519 159 566 202 G.
597 156 928 201 SALLUSTI
958 156 1181 202 CRISP1

153 277 375 322 Baebium
404 277 630 320 tribunum
662 275 808 336 plebis
843 288 1010 334 magna
1044 275 1261 321 mercede
1285 283 1428 336 parat,
1459 291 1540 321 cu-

155 375 222 418 i'us
258 373 536 434 impudentia
571 378 726 417 contra
773 371 839 416 ius
877 377 922 415 et
955 371 1147 416 iniurias
1168 374 1310 418 omnis
1351 373 1541 418 munitus

122 471 289 520 3foret.
360 471 422 516 At
458 469 510 516 C.
528 487 531 493 ’
549 469 789 513 Memmius
833 468 1053 512 advocata
1090 470 1337 528 eonciotoe,
1387 485 1541 529 quam—

158 582 296 627 quam
338 567 438 627 regi
481 566 642 610 infesta
664 566 845 627 plebes
891 571 1032 618 erat.
1055 571 1101 609 et
1146 582 1250 626 pars
1293 568 1343 611 in
1373 567 1546 611 vincula

159 665 264 709 duci
311 664 519 721 iubebat,
539 679 543 685 ·
567 679 699 724 pars,
747 663 792 706 ni
838 663 983 706 socios
1019 656 1200 707 sceleris
1237 663 1302 708 sui
1338 664 1546 724 aperiret,

158 777 286 806 more
321 761 541 806 maiorum
578 760 637 805 de
684 759 814 804 hoste
850 760 1119 820 supplicium
1158 762 1296 818 sumi,
1342 761 1547 821 dignitati

162 874 300 917 quam
343 859 437 903 irae
472 857 615 919 magis
652 858 886 902 consulens
923 856 1081 902 sedare
1116 866 1261 902 motus
1298 863 1344 901 et
1377 857 1546 901 animos

159 1003 281 1037 mittit.
313 1002 487 1044 XXXIX,
510 1000 544 1036 5.
588 1002 777 1036 Ruhnken.
809 1002 854 1036 ad
878 1001 1044 1045 Aquilam
1076 1001 1179 1036 Rom.
1214 1013 1245 1036 e.
1268 1000 1372 1034 XLV.
1404 1005 1439 1044 p.
1468 999 1548 1034 19⁰.

161 1065 200 1098 Si
223 1064 321 1097 dicas
344 1065 393 1098 M.
420 1064 506 1098 Cato
529 1062 612 1106 ille,
638 1062 845 1108 quamvis
865 1063 1019 1105 sufficiat
1041 1074 1162 1097 nomen
1180 1063 1425 1098 *tantummodo
1446 1075 1550 1108 poeu-

159 1125 246 1165 isse,
279 1125 489 1159 videaris
511 1125 590 1168 plus
612 1125 828 1169 significasse
852 1123 975 1156 addito
997 1123 1068 1157 ille.
1116 1124 1381 1157 Drakenborch.
1405 1123 1453 1157 ad
1472 1122 1547 1156 [aiv.

161 1186 274 1226 xxn,
298 1185 362 1225 20,
389 1186 423 1220 1.
446 1186 576 1220 Duker.
601 1186 644 1220 ad
669 1186 766 1219 Flor.
791 1185 836 1227 11,
861 1185 894 1227 6,
919 1184 978 1218 33.
1002 1186 1172 1219 Goerenz.
1199 1185 1242 1218 ad
1267 1185 1338 1218 Cic.
1363 1183 1493 1218 Acudd.
1505 1184 1551 1225 11,

161 1246 228 1288 23,
252 1247 310 1283 74.
334 1259 368 1290 p.
394 1245 476 1280 137.
506 1245 592 1279 Vide
615 1246 721 1280 etiam
746 1258 836 1289 quae
859 1246 1057 1280 notavimus
1082 1247 1126 1280 ad
1149 1246 1251 1280 Cutil.
1271 1245 1431 1286 xxxvl,
1455 1244 1489 1278 1.
1506 1259 1550 1269 ..-

161 1307 233 1341 Pro
258 1307 375 1341 verbis
407 1311 530 1340 cuncta
566 1319 617 1341 ea
642 1312 820 1353 gesserat,
856 1317 973 1352 quae
1004 1317 1146 1351 supra
1180 1308 1378 1342 diximus
1416 1307 1554 1342 eortius

163 1366 326 1411 plurimis
353 1366 491 1402 omissis
522 1368 661 1413 scripsit
683 1372 809 1403 cuncta
831 1372 1001 1412 gesserat.
1050 1367 1190 1412 Quippe
1214 1379 1324 1412 quum
1348 1380 1432 1413 pars
1453 1370 1552 1404 codd.

163 1428 298 1462 habeat
319 1429 610 1470 memoravimus,
645 1429 682 1463 id
709 1429 770 1463 ille
795 1440 857 1473 pro
881 1435 1089 1474 argumento
1123 1429 1403 1474 interpolationis
1433 1430 1554 1472 habet,

164 1500 274 1532 quum
306 1499 345 1522 re
377 1500 460 1523 vera
490 1501 559 1523 non
591 1489 687 1523 aliud
720 1491 788 1525 nisi
822 1491 996 1525 incuriam
1028 1489 1224 1525 scribarum
1255 1496 1410 1526 testetur.
1456 1491 1554 1525 Idem

164 1550 384 1584 statuendum
416 1551 460 1583 de
491 1549 616 1584 ceteris
648 1551 905 1596 discrepantiis,
941 1563 1033 1596 quae
1063 1551 1214 1586 leviores
1249 1557 1347 1595 sunt,
1377 1562 1485 1597 quam
1517 1556 1557 1586 ut

164 1610 304 1655 glossae
337 1610 373 1643 in
403 1614 535 1645 textum
568 1611 690 1646 illatae
720 1612 955 1656 suspicionem
986 1613 1134 1654 faciant3
1167 1625 1249 1647 nam
1272 1613 1309 1647 in
1332 1613 1415 1647 Seu.
1438 1611 1472 1646 2.
1503 1616 1557 1646 est

166 1676 299 1706 tanta
333 1682 401 1712 σας
433 1671 469 1705 in
500 1672 616 1705 Guelt'.
643 1672 700 1705 11.
733 1673 828 1706 deest
859 1679 1043 1717 gesseram
1073 1674 1168 1708 Vrat.
1198 1675 1229 1708 1.
1267 1674 1374 1707 habet
1404 1685 1486 1714 eae‚·
1518 1673 1555 1707 in

165 1730 283 1765 StruV.
305 1731 469 1766 Arondel.
489 1732 571 1767 Par.
594 1732 638 1767 B„
656 1736 691 1767 et
705 1733 782 1768 Vat.
801 1732 836 1767 5.
863 1744 906 1767 ea
920 1733 1026 1777 deest,
1051 1735 1144 1777 quod
1164 1734 1372 1769 Gerlachius
1392 1734 1428 1768 in
1448 1734 1555 1768 Com-

166 1796 289 1827 mentt.
313 1804 348 1837 p.
370 1792 450 1829 266.
481 1792 678 1827 inconsulto
702 1795 850 1838 probat,
877 1793 1000 1828 indicii
1021 1795 1096 1837 sui,
1130 1807 1193 1840 pro
1222 1807 1339 1839 more,
1371 1794 1557 1829 immemor

152 1849 204 1887 viu
228 1854 283 1889 ed.
307 1853 453 1888 minore.
476 1854 518 1887 V.
542 1854 587 1888 ad
612 1855 747 1896 XXXI,
774 1854 829 1889 10.

261 1915 292 1956 ἓ.
316 1914 350 1948 3.
399 1915 576 1950 aduocata
598 1916 773 1960 concione]
798 1915 975 1950 concionis
998 1917 1171 1951 vocabulo
1195 1916 1278 1961 quid
1302 1916 1559 1961 significaretur

168 1976 257 2009 bene
282 1975 441 2018 exposuit
464 1976 605 2010 Ferdin.
638 1976 827 2011 Schulzius
860 1977 903 2011 de
927 1977 1082 2011 Comita'is
1116 1979 1213 2012 Rom.
1248 1991 1280 2022 p.
1309 1977 1377 2012 140
1405 1989 1480 2021 sqq.
1512 1997 1558 2002 —

167 2037 239 2071 Pro
262 2037 352 2071 sumi
375 2036 410 2070 in
435 2036 556 2070 Guelf.
578 2036 634 2070 10.
663 2036 761 2071 Leid.
780 2038 824 2071 F.
844 2037 889 2071 G.
905 2037 955 2071 M.
980 2038 1081 2072 Bodl.
1107 2043 1141 2072 et
1158 2039 1200 2072 B.
1220 2039 1323 2073 Publ.
1347 2043 1400 2073 est
1422 2049 1560 2072 sumen-

169 2097 274 2140 dum,
304 2108 347 2131 ex
378 2097 659 2142 interpolatione.
707 2098 818 2133 Sensu
851 2103 967 2132 tamen
998 2099 1078 2132 duci
1110 2105 1143 2133 et
1174 2101 1264 2134 sumi
1293 2112 1356 2144 pro
1379 2099 1560 2133 infinitivis

169 2158 279 2193 futuri
310 2159 388 2202 capi
417 2159 544 2193 debere
576 2158 781 2194 observavit
811 2159 855 2193 G.
880 2160 1015 2193 Ludov.
1039 2159 1227 2194 Walchius
1256 2161 1300 2194 ad
1329 2161 1419 2195 Tac.
1439 2159 1558 2205 Agric.

170 2231 199 2253 c.
221 2219 341 2253 xmv.
366 2231 401 2262 p.
423 2218 504 2255 418.
538 2219 607 2253 Sed
626 2230 837 2263 quamquam
856 2227 990 2254 certum
1011 2226 1073 2262 est,
1099 2232 1201 2265 saepe
1223 2221 1435 2255 infinitivum
1459 2232 1561 2265 prae-

170 2280 275 2314 sentis
297 2291 359 2322 pro
377 2280 549 2314 infinitivo
568 2281 677 2315 futuri
695 2280 848 2325 positum
871 2280 1037 2326 reperiri,
1062 2286 1178 2315 tamen
1207 2283 1300 2315 hunc
1326 2294 1429 2316 usum
1450 2293 1562 2327 neque

171 2352 252 2375 eum
273 2341 436 2375 Walchio
464 2340 514 2375 ita
536 2341 778 2375 Graecismum
805 2341 974 2383 dixerim,
1008 2341 1106 2384 quasi
1133 2353 1153 2376 a
1186 2342 1390 2377 Latinorum
1421 2343 1562 2388 propria

171 2401 307 2435 dicendi
326 2402 460 2436 ratione
477 2402 690 2444 abhorreat,
715 2403 860 2437 Graccis
882 2403 1068 2447 peculiaris
1087 2403 1151 2444 sit3
1180 2404 1245 2437 nisi
1268 2404 1358 2438 forte
1376 2403 1562 2438 IValcliius

171 2462 279 2496 etiam
304 2462 561 2497 Germanorum
589 2464 874 2498 consuetudinem
903 2475 1064 2508 praesens
1096 2474 1159 2507 pro
1187 2464 1306 2498 futuro
1341 2463 1486 2507 ponendi
1518 2475 1560 2498 ex

173 2524 310 2556 Graeco
332 2524 426 2557 fonte
445 2523 594 2566 repetit3
618 2535 728 2567 neque
749 2525 841 2558 hunc
858 2524 1018 2559 Sallustii
1045 2524 1162 2557 locum
1188 2524 1230 2557 iis
1259 2523 1426 2568 exemplis
1448 2535 1560 2557 annn-

174 2584 379 2617 morandum
411 2595 550 2625 censeo,
584 2585 710 2627 quibus
729 2585 790 2619 ille
809 2586 900 2619 hanc
920 2586 1092 2620 rationem
1113 2585 1315 2619 illustravit.
1363 2584 1451 2628 Quis
1467 2584 1559 2618 enim

173 2645 289 2678 iubere
314 2645 461 2677 verbum
490 2655 569 2677 oum
599 2644 770 2679 infinitivo
797 2647 906 2680 futuri
931 2646 1211 2689 coniungentium
1237 2645 1434 2688 putaverit,
1469 2646 1561 2688 quod

177 2705 360 2738 Wolclnius
390 2706 565 2748 pez-tulare
588 2706 746 2741 videtur?
794 2707 969 2751 Legitime
998 2708 1090 2740 onim
1116 2711 1150 2740 et
1178 2710 1376 2740 constanter
1402 2717 1563 2749 praesens

173 2765 342 2800 aoristum
367 2767 411 2800 ab
442 2766 510 2801 hoc
536 2766 642 2802 verbo
668 2768 812 2811 pcndct;
846 2768 935 2810 «lund
961 2778 1068 2812 quum
1088 2771 1210 2812 suopte
1231 2767 1263 2800 vi
1291 2767 1504 2802 voluntatem
1529 2775 1562 2802 ct
