1630 3034
105 207 190 251 156
474 206 1120 250 c.SALLUSTIGRISP1

105 323 405 383 negotiatores
452 323 734 382 promiscue,
783 323 842 366 uti
892 325 1080 383 quisque
1120 318 1296 368 armatis
1332 322 1487 367 obvius

106 421 275 474 fuerat,
310 418 542 465 interfecit.

238 515 426 559 XXVII.
484 513 621 570 Quod
655 521 896 574 postquam
929 516 1106 561 Romae
1143 517 1372 576 cognitum
1408 520 1488 571 est,

101 619 147 657 et
190 628 262 667 res
295 613 339 656 in
375 589 545 656 Senatu
598 613 757 672 agitari
806 619 992 673 coepta,
1039 613 1160 657 idem
1208 613 1270 656 illi
1305 611 1489 655 ministri

100 710 221 770 regis
255 708 585 769 interpellando
622 724 674 752 ac
710 725 848 770 saepe
882 711 1049 770 gratia,
1086 710 1309 754 interdum
1335 707 1488 768 iurgiis

99 908 138 939 ut
161 904 320 948 videtur,
345 908 449 949 atque
472 904 591 939 Leidd.
616 908 761 949 excepto
785 906 828 940 N.
852 910 964 942 exstat
987 912 1169 950 armatus,
1193 903 1486 949 quemadmodum

100 966 272 999 Gruterus
305 969 339 999 et
372 966 524 1010 bangius
557 966 778 1010 scripserunt.
833 968 878 1002 Et
910 980 994 1002 sane
1024 969 1174 1012 probum
1216 965 1327 1000 videri
1368 964 1488 1008 possit,

97 1039 206 1071 quum
230 1031 265 1060 et
288 1039 349 1071 per
372 1038 409 1060 se
432 1026 654 1071 intelligatur
678 1028 906 1072 Inguithinos
929 1033 1082 1063 armatos
1109 1029 1236 1069 fuisse,
1260 1037 1371 1069 neque
1405 1036 1487 1069 pro-

96 1087 217 1121 babile
250 1087 295 1121 sit
327 1098 348 1121 a
379 1087 570 1122 victoribus
593 1088 629 1122 in
655 1088 743 1122 alios
765 1088 832 1122 nisi
854 1088 889 1122 in
913 1094 1066 1123 armatos
1088 1088 1261 1122 saevitum
1286 1098 1370 1121 esse.
1418 1086 1489 1120 Sed

96 1149 233 1189 obstat,
268 1149 358 1192 quod
393 1161 509 1183 omnes
537 1150 682 1193 puberes
714 1149 888 1183 Numidae
911 1153 945 1183 et
968 1149 1202 1193 negotiatores
1225 1148 1386 1181 dicuntur
1407 1158 1488 1191 pro-

95 1210 240 1250 misene,
265 1209 288 1242 i.
315 1220 345 1244 e.
369 1210 499 1243 nullius
522 1211 575 1244 rei
597 1211 733 1244 ratione
755 1210 897 1254 habita,
919 1209 1092 1244 interfecti
1115 1221 1200 1242 esse.
1232 1209 1352 1252 Neque
1375 1207 1490 1243 omni·

95 1282 141 1305 110
162 1271 270 1305 armis
295 1269 344 1303 uti
369 1275 573 1313 potuerunt,
599 1272 657 1315 qui
683 1273 856 1305 deditione
868 1275 971 1315 farta
994 1272 1030 1305 in
1053 1283 1179 1305 manus
1199 1269 1340 1303 victoris
1373 1268 1487 1303 venis-

95 1335 194 1371 sent3
219 1331 419 1374 ceteroquin
444 1331 521 1365 iure
545 1343 663 1366 caesos
687 1333 834 1367 diceres.
883 1334 1001 1376 Quare
1025 1332 1173 1365 armatis
1197 1335 1288 1364 recte
1311 1330 1430 1371 habet,
1454 1335 1487 1363 et

93 1393 362 1438 intelligendum
387 1393 429 1425 de
451 1393 667 1437 Iugurthinis
691 1393 811 1427 hostili
835 1394 938 1428 modo
963 1395 1086 1427 urbem
1107 1392 1330 1427 intrantibus.
1354 1392 1398 1425 cf.
1423 1402 1488 1425 no-

94 1457 169 1488 tata
191 1454 236 1489 ad
259 1465 288 1487 c.
314 1454 446 1494 XXIII,
473 1456 505 1487 l.
531 1454 760 1497 Gerlacliius,
785 1454 820 1487 in
844 1456 920 1488 sola
953 1455 1184 1489 inconstantia
1214 1453 1282 1487 sibi
1315 1444 1499 1495 constans,

93 1515 130 1549 iu
161 1515 213 1549 ed.
244 1514 326 1548 mai.
362 1515 509 1548 armatis
533 1515 643 1557 dedit,
667 1515 702 1549 in
728 1515 863 1549 minore
887 1521 1042 1549 armatus
1066 1515 1300 1558 amplectitur.
1327 1533 1368 1540 -
1396 1515 1487 1549 Fue-

93 1582 176 1618 rat,
209 1588 273 1620 pro
296 1587 363 1619 quo
389 1587 478 1608 unus
501 1576 609 1609 Febr.
636 1577 668 1610 1.
694 1577 796 1620 lapsu
821 1577 957 1610 scribae
972 1577 1045 1619 fuit
1070 1575 1230 1619 exhibet,
1265 1577 1404 1611 con-tius
1428 1578 1487 1611 de-

92 1637 194 1672 levit.
243 1636 320 1669 Vim
345 1637 674 1681 plusquamperfecti
698 1638 948 1681 explicavimus
972 1638 1014 1671 ad
1041 1638 1313 1672 Cat.1xxxv11
1330 1663 1338 1677 ,
1371 1639 1403 1671 1.
1441 1657 1483 1662 -

93 1698 273 1740 Inter-fecit
306 1697 339 1730 in
373 1697 455 1732 Bas.
490 1698 521 1730 1.
556 1697 635 1730 Sen.
661 1698 693 1732 l.
719 1699 812 1732 Vrat.
838 1699 869 1732 l.
895 1699 1000 1732 Acad.
1024 1699 1152 1732 Franc.
1172 1702 1346 1731 mutatum
1372 1697 1407 1731 in
1432 1699 1484 1731 in-

93 1759 238 1802 terficit,
262 1757 396 1790 scilicet
429 1761 466 1791 ut
498 1763 706 1802 congrueret
738 1770 819 1792 cum
853 1770 1059 1803 praegresso
1092 1764 1213 1799 necat,
1244 1769 1332 1800 quae
1363 1769 1487 1792 caussa

95 1818 325 1853 Gerlachium
350 1829 488 1861 quoque
512 1819 645 1861 movit,
669 1823 707 1852 ut
731 1818 765 1852 in
790 1820 843 1853 ed.
869 1819 951 1852 min.
991 1830 1153 1863 praesens
1188 1819 1368 1862 reciperet.
1415 1819 1484 1852 Sed

91 1880 289 1924 perfeetum
327 1882 361 1912 et
394 1891 558 1922 praesens
592 1879 800 1913 historicum
833 1892 936 1922 saepe
971 1880 1005 1913 in
1040 1881 1161 1913 endem
1197 1880 1339 1923 periodo
1379 1880 1485 1914 simul

93 1939 219 1973 haberi
253 1939 323 1972 iam
356 1951 461 1983 supra
495 1940 694 1975 monuimus
726 1942 768 1975 ad
796 1953 825 1974 c.
861 1942 946 1982 xn,
982 1940 1015 1975 4.
1063 1943 1150 1982 Apte
1177 1941 1314 1974 Cortius
1337 1942 1486 1976 contulit

93 2000 172 2035 Liv.
206 2000 276 2039 IV,
306 1999 354 2041 7,
385 2001 418 2033 1.
454 2001 702 2045 magistratum
735 2003 900 2036 ineunt
938 2004 978 2036 A.
1012 2004 1253 2047 Sempronius,
1281 2002 1321 2036 L.
1347 2003 1484 2043 Atilius,

99 2063 138 2096 T.
175 2061 364 2101 Caecilius,
400 2073 542 2106 quorum
574 2063 611 2095 in
646 2063 862 2108 magistratu
899 2063 1081 2097 concordia
1117 2064 1209 2097 domi
1230 2075 1351 2108 pacem
1377 2065 1483 2098 etiam

88 2124 182 2167 soris
203 2123 441 2167 praebuit.

188 2182 332 2217 xxm.
390 2183 421 2227 ξ.
448 2183 480 2217 l.
536 2184 715 2229 cognitum
748 2186 820 2229 est]
860 2185 997 2219 Cor-tius
1033 2184 1075 2218 de
1107 2184 1207 2219 codd.
1238 2185 1310 2218 suis
1343 2197 1486 2229 prorsus

93 2245 198 2280 silens
222 2250 271 2279 est
295 2243 432 2285 onnisit3
455 2245 514 2277 sed
541 2257 648 2288 quum
673 2257 791 2278 omnes
816 2246 982 2286 Gmtcri,
1014 2246 1163 2286 Wnssii,
1198 2245 1379 2279 Gerlachii
1403 2257 1485 2280 cum

94 2305 236 2340 relicuia
273 2309 428 2347 teneant,
464 2317 532 2339 non
556 2306 702 2339 dubium
727 2311 795 2349 est,
830 2306 911 2351 quin
936 2307 970 2340 in
995 2307 1166 2341 Cottianis
1191 2318 1329 2350 quoque
1351 2307 1486 2341 habeu-

95 2372 164 2401 tur.
212 2367 309 2400 Unus
334 2367 411 2400 Vat.
434 2366 468 2399 5.
494 2378 561 2399 non
587 2367 768 2411 agnoscit,
794 2368 893 2401 cuius
915 2367 1122 2402 anctoritate
1147 2367 1378 2410 Ger-larliius,
1404 2367 1486 2402 licet

96 2427 132 2461 in
164 2431 296 2460 textum
329 2427 518 2470 receperit,
555 2427 590 2461 in
629 2429 838 2462 Commentt.
874 2441 906 2472 μ.
930 2429 1011 2464 254.
1032 2429 1215 2462 delendum
1240 2434 1366 2462 censet.
1414 2428 1484 2462 Sed

94 2487 152 2522 vir
182 2487 361 2522 mutabilis
395 2488 513 2522 iudicii
545 2489 613 2522 sibi
647 2489 682 2522 in
713 2490 765 2523 cd.
793 2490 982 2524 novissima
1006 2502 1072 2523 non
1097 2489 1259 2524 constitit.
1284 2509 1329 2514 —
1355 2489 1485 2532 Coepta

96 2547 258 2593 plurimis
291 2549 499 2592 optimisque
533 2549 632 2583 libris
666 2550 846 2591 firmatur-3
879 2551 941 2585 alii
974 2552 1084 2594 cot-pit
1109 2551 1240 2585 habeut
1265 2562 1306 2585 ex
1330 2551 1484 2593 interpo-

97 2609 226 2644 latione
248 2609 464 2648 scribarum.
489 2610 549 2654 qui
572 2611 712 2653 passiva
739 2613 852 2645 formu
875 2612 1098 2645 offendere-nt.
1147 2612 1216 2645 Sed
1241 2622 1283 2646 en
1308 2609 1392 2645 satis
1414 2610 1483 2643 fte-

97 2681 206 2713 queus
229 2674 302 2710 est,
328 2671 390 2703 uhi
414 2671 604 2705 infinitivus
625 2672 758 2716 passivi
780 2672 824 2705 nl)
851 2672 1000 2716 coepisse
1017 2672 1126 2705 verbo
1144 2672 1278 2715 pendet.
1294 2682 1328 2705 v,
1346 2671 1484 2714 Zuiunpt.

103 2732 261 2764 Granum.
288 2731 362 2764 Lat.
395 2734 427 2773 §.
457 2731 513 2767 59.
539 2743 572 2775 p.
596 2732 677 2766 201.
702 2732 755 2765 ed.
781 2733 836 2766 u:
863 2733 936 2766 Cic.
962 2734 1059 2766 Brut.
1084 2744 1115 2766 c.
1140 2732 1186 2772 7,
1215 2731 1274 2766 26.
1299 2731 1341 2764 de
1364 2731 1424 2764 Or.
1457 2732 1482 2769 l.

103 2792 169 2832 87,
196 2791 274 2827 168.
301 2792 384 2826 Ger.
409 2793 456 2826 Io.
483 2793 578 2828 voss.
602 2794 645 2826 dc
669 2794 818 2835 Anulog.
846 2794 904 2833 ΙΙΙ,
927 2794 984 2830 39.
1012 2805 1043 2837 p.
1070 2792 1146 2827 158.
1170 2792 1223 2826 ed.
1249 2792 1290 2826 n.
1316 2790 1482 2826 vechner.
