1630 3034
412 195 751 240 CATILINA.
809 194 945 257 CAR.
975 196 1126 239 XLVI.
1375 194 1462 239 209

76 315 250 372 heusis,
294 311 403 373 quid
445 311 567 358 facto
604 325 720 372 opus
756 317 890 364 esset3
928 325 1124 370 poenam
1158 310 1342 354 illorum
1374 309 1459 353 sibi

79 406 227 461 oneri,
261 405 570 464 impunitatem
606 402 873 463 perdundae
907 401 1184 463 reipublicae
1217 400 1320 446 fore
1358 414 1462 446 cre-

79 498 231 543 debat.
307 495 454 555 Igitur
493 495 779 557 „confirmato
835 494 982 538 animo
1035 492 1190 550 vocari
1220 491 1307 542 ‚ad
1363 506 1500 548 seseg

77 589 203 633 iubet
254 586 523 641 Lentulum,
554 583 858 646 ‘Cethegum‚
914 584 1160 642 Statilium,
1206 583 1465 638 Gabinium,

79 678 276 739 itemque
323 676 599 737 Coeparium
645 677 890 735 quemdam
933 675 1330 730 Terracinensem,
1387 674 1467 737 qui

78 808 226 857 perfecti
248 810 364 845 locum
387 811 433 846 ab
457 808 578 854 aliquo
601 807 828 845 substitutum
850 811 921 850 est,
951 805 1012 852 qui
1034 815 1279 852 praegressum
1304 806 1467 841 dubitans

78 879 150 903 non
181 873 276 902 recte
299 872 447 912 caperet.
504 869 666 902 ceterum
697 867 734 901 in
758 878 896 902 summa.
918 867 1106 899 verborum
1130 865 1374 909 perspicuitate
1397 875 1466 899 uon

82 933 268 969 assequor,
300 922 382 969 quid
408 926 546 960 Cortius
571 921 639 958 sibi
672 925 841 966 voluerit,
874 924 957 969 quid
988 919 1163 967 explicans
1189 934 1253 968 quo
1281 925 1403 966 facto,
1429 926 1464 957 et

83 984 266 1016 conferens
289 984 406 1017 Plaut.
431 982 557 1016 Pseud.
571 982 599 1023 1,
618 981 652 1023 3,
672 979 706 1015 2.
731 986 765 1016 et
788 976 957 1024 11227‘0.
983 981 1066 1025 quid
1090 981 1176 1013 mila·
1200 985 1321 1014 auctor
1345 979 1466 1014 es?-·-

82 1039 290 1074 perdundae
322 1039 530 1085 reipublicae
562 1039 699 1074 Cor-tius
732 1043 768 1085 et
798 1038 1006 1073 Gerlachius
1036 1049 1100 1081 pro
1137 1038 1311 1085 genitivo
1323 1038 1466 1081 habent,

81 1098 163 1130 coll.
189 1092 267 1132 Cat.
288 1097 390 1138 Π,
373 1107 422 1139 4.,
445 1097 505 1130 sed
536 1101 576 1131 ut
598 1096 648 1131 ibi
679 1109 720 1132 ex
744 1097 860 1131 zerbis
893 1107 941 1128 co
933 1095 1146 1129 zservandae
1171 1096 1341 1129 libertatis
1364 1095 1469 1129 ἰιιῑιτὶὃ

81 1152 208 1198 ligitur
239 1155 424 1199 augendae
457 1155 542 1199 reip.
575 1153 770 1199 genitivum
802 1166 837 1186 es
840 1164 894 1193 s,e
920 1142 970 1185 ita
1001 1153 1092 1186 11.l.
1128 1164 1169 1186 ex
1201 1153 1298 1186 oneri
1322 1155 1468 1196 apparet

80 1211 180 1255 perd.
204 1212 289 1256 reip.
314 1212 455 1247 tertium
480 1223 515 1245 es
518 1223 554 1246 se
577 1223 711 1246 casum.
730 1227 775 1239 -·-
799 1212 887 1246 Fore
904 1204 1040 1243 eortius
1064 1209 1165 1242 unius
1182 1205 1375 1245 Guelf.10.
1400 1210 1468 1244 fide

84 1268 226 1312 expulit.
252 1288 296 1293 —
335 1268 505 1303 Credebat
531 1270 635 1314 Bipp.
670 1268 813 1302 Gruteri
844 1272 878 1302 et
910 1267 1079 1300 Palmerii
1102 1267 1307 1301 auctoritate
1330 1267 1470 1303 deleve-

83 1330 184 1367 runt,
215 1319 274 1360 sed
303 1314 399 1359 libri
422 1338 492 1360 mss
542 1328 586 1361 ad
610 1337 717 1360 unum
750 1336 868 1358 omues
890 1324 1050 1358 retinent.
1096 1325 1195 1358 Haec
1219 1309 1336 1358 autem
1361 1337 1470 1358 ennu-

87 1383 192 1416 ciatio
217 1383 261 1417 ad
285 1381 547 1426 praecedentem
570 1384 621 1418 ita
643 1384 816 1424 refertur,
839 1386 878 1416 ut
900 1380 1073 1424 particula
1095 1389 1177 1414 nam
1201 1382 1399 1429 supplenda
1409 1377 1473 1425 sit,

86 1440 129 1473 de
152 1448 221 1484 qua
244 1433 360 1484 ellipsi
384 1440 534 1493 diximus
557 1441 602 1475 ad
625 1440 782 1480 0th1,
803 1439 836 1472 7.
863 1441 897 1472 et
919 1437 1084 1478 XXXIX,
1105 1437 1138 1472 4.

179 1499 212 1539 g.
236 1492 270 1530 3.
284 1482 475 1553 ¹itemque
516 1498 719 1541 Caeparium
752 1498 935 1546 quemdam
972 1490 1277 1540 Terracinensem]
1317 1479 1473 1543 Itemque

87 1555 122 1588 in
143 1546 310 1609 omnibus
333 1566 368 1589 es
373 1559 403 1604 t
409 1556 506 1589 codd.
531 1553 683 1600 exceptis
707 1555 823 1588 Guelf.
841 1554 875 1588 1.
901 1555 964 1588 Ac.
986 1555 1018 1587 1.
1035 1553 1070 1587 2.
1094 1553 1180 1586 Τιιι·
1200 1553 1233 1593 1.
1258 1556 1294 1586 et
1309 1553 1427 1608 Rern.
1435 1549 1471 1588 3.

85 1613 126 1647 Ιιι
143 1600 312 1647 Remensi
336 1613 370 1650 1
402 1618 519 1647 autem
543 1613 673 1659 legitur
695 1613 842 1657 itemque
870 1613 909 1654 Q.
938 1612 1060 1655 θυεμ,
1083 1610 1175 1644 unde
1200 1609 1339 1644 Cortius
1363 1611 1474 1655 conri-

88 1669 138 1704 cit
169 1681 254 1714 que,
279 1673 399 1714 utpote
422 1682 463 1704 ex
487 1666 637 1703 nominis
661 1670 753 1715 siglo
779 1677 914 1711 ortum,
948 1669 1156 1710 delendum,
1181 1667 1474 1712 scribendumque

88 1738 163 1761 esse
184 1728 267 1760 item
290 1727 345 1770 Q.
357 1728 457 1771 Coep.
503 1727 612 1761 Nobis
634 1728 880 1771 planecontra
896 1726 1057 1768 videtur,
1081 1729 1114 1759 et
1139 1724 1250 1758 eiecto
1275 1726 1476 1768 praenomi-

89 1783 142 1818 nis
178 1779 279 1829 signo
310 1785 511 1828 scripsimus
544 1786 692 1829 itemque
718 1786 830 1829 Coep.,
855 1778 1034 1817 codicibus
1066 1779 1182 1828 magis
1222 1782 1474 1826 addicentibus,

90 1841 215 1885 quibus
236 1853 356 1876 vereor
378 1855 420 1877 ue
445 1843 667 1883 Gerlachius,
692 1841 752 1885 qui
776 1846 962 1884 utrumque
986 1838 1125 1880 delevit,
1149 1850 1277 1885 parum
1301 1839 1475 1881 tribuerit.

93 1899 148 1932 cf.
168 1910 197 1932 c.
218 1895 354 1941 xum,
371 1899 460 1932 3.-
489 1899 681 1941 Quemdam
705 1910 772 1932 non
797 1900 914 1942 plures
939 1908 1045 1942 quam
1068 1907 1194 1940 novem
1218 1896 1315 1931 codd.
1331 1901 1480 1946 ,tenent3

90 1957 150 1991 sed
173 1951 297 1995 relicui
319 1967 509 2000 pronomen
533 1957 628 1990 haud
656 1956 762 2003 dubie
785 1969 826 1991 co
850 1956 1060 1997 omiserunt,
1093 1948 1178 1997 quia
1202 1959 1368 1998 putarunt
1396 1956 1480 1988 Ter-

91 2015 303 2047 racinensem
332 2014 505 2058 pertinere
537 2016 581 2049 ad
605 2027 730 2050 nomen
754 2015 824 2048 viri
855 2012 1057 2058 proprium,
1093 2011 1150 2045 cui
1173 2023 1363 2063 pronomen
1387 2013 1480 2046 male

91 2066 356 2105 interficeretur.
381 2090 426 2096 —-
472 2073 775 2112 Terracinensem,
806 2083 873 2105 non
905 2071 1228 2110 Tarraconensem,
1253 2080 1334 2102 cum
1359 2069 1481 2103 Cottio

93 2132 128 2162 ct
152 2128 340 2163 Gerlachio
363 2130 584 2173 scripsimus,
619 2130 784 2175 qnoniam
817 2139 936 2162 omnes
959 2129 1032 2161 sere
1067 2125 1168 2168 libri,
1200 2121 1421 2169 quantumvis
1443 2126 1481 2160 iu

92 2186 161 2220 hoc
186 2181 324 2219 nomine
357 2185 607 2231 discrepantes,
641 2193 759 2221 tamen
793 2186 907 2229 prima
939 2185 1078 2229 syllaba
1110 2196 1128 2217 e
1153 2183 1306 2216 litteram
1330 2183 1480 2226 habent3

95 2244 141 2277 cf.
166 2244 349 2279 Heindorf.
373 2244 416 2277 ad
440 2244 526 2277 Hor.
554 2244 628 2278 Sat.
653 2246 681 2285 Ι,
703 2245 738 2285 5,
762 2242 820 2277 26.
881 2243 952 2276 Pro
973 2241 1127 2285 parabat
1158 2240 1276 2273 Guelf.
1297 2241 1354 2275 12.
1377 2241 1483 2276 offert

93 2301 323 2345 properabat,
346 2301 460 2334 scriba.
494 2302 676 2346 ignorante
705 2310 835 2345 parare
858 2297 1026 2332 reflexivo
1050 2308 1150 2330 sensu
1174 2307 1248 2330 esse
1271 2308 1307 2330 se
1326 2308 1483 2340 parare,-

95 2369 131 2391 ν.
162 2368 250 2400 quae
274 2357 309 2390 iu
334 2357 533 2391 universum
557 2359 600 2391 de
632 2358 700 2391 hoc
726 2369 790 2391 usu
814 2357 1012 2390 notavimus
1036 2355 1081 2388 ad
1105 2366 1134 2388 c.
1156 2354 1215 2394 VI,
1241 2354 1274 2387 7.
1299 2354 1378 2387 con.
1404 2356 1480 2389 Cat.

96 2416 223 2456 XUH,
247 2413 280 2449 5.
319 2415 471 2448 Catilina
507 2420 541 2448 et
572 2417 758 2448 Autronius
780 2415 954 2458 parabant
979 2411 1132 2444 consules
1163 2412 1365 2455 interficere.
1402 2413 1481 2458 lug.

97 2467 196 2513 xui,
217 2472 250 2505 3.
294 2472 468 2505 Adherbal
498 2473 650 2515 parabat
674 2472 780 2504 armis
803 2471 1018 2504 contendere.
1050 2469 1141 2509 LXI,
1162 2469 1196 2502 3.
1238 2470 1383 2502 insidias
1406 2476 1485 2504 ten-

99 2530 181 2563 dere
211 2534 330 2573 parat.
388 2529 520 2561 Eadem
555 2529 598 2562 de
637 2529 745 2562 verbo
776 2538 977 2572 comparare
1022 2526 1156 2559 monuit
1201 2527 1399 2560 Gronovius
1440 2528 1484 2560 ad

98 2587 175 2621 Liv.
200 2581 392 2625 xxxvm,
422 2585 478 2627 12,
503 2586 537 2620 6.
572 2591 606 2621 et
637 2584 800 2620 Bremius
834 2586 878 2620 ad
901 2585 989 2629 Nep.
1011 2583 1190 2630 Thrasyl).
1214 2583 1259 2626 11,
1285 2583 1318 2620 2.
1342 2585 1487 2619 laudato

100 2643 247 2678 Ruhnk.
269 2644 315 2678 ud
338 2643 423 2682 Ter.
445 2643 551 2679 Andr.
575 2644 604 2687 1,
626 2643 662 2686 5,
685 2642 745 2677 19.

166 2759 203 2807 1.
1149 2755 1214 2800 14
