1630 3034
394 205 743 251 CATILINA.
801 205 937 248 cAP.
968 205 1019 249 V.
1340 204 1397 248 29

11 327 77 372 sui
108 323 331 386 profusus,
367 319 526 369 ardens
570 326 617 368 in
662 319 1004 382 cupiditatibus;
1043 321 1144 366 satis
1179 321 1396 380 eloquen-

11 418 115 475 tiae,
149 414 390 476 sapientiae
423 429 598 474 pamm.
678 414 842 458 Vastus
878 414 1046 457 animus
1092 412 1400 468 immoderata,
1419 421 1444 460 5

11 507 305 562 incredibilia,
342 506 467 550 nimis
505 506 594 549 alta
630 520 809 564 semper
844 504 1067 563 cupiebat.
1127 504 1263 548 Hunc
1296 510 1443 562 post6

13 598 361 642 dominationem
397 596 512 642 Luci
545 597 700 641 Sullae
734 595 894 640 lubido
942 609 1149 639 maxuma
1182 595 1399 638 invaserat

12 707 174 743 omnibus
205 707 280 741 fere
311 706 409 741 codd.
433 705 585 751 legitur,
620 706 771 750 exceptis
803 707 872 741 Ine.
895 705 950 747 1.‚
983 703 1213 745 Lovoniensi‚
1246 704 1291 738 ab
1315 704 1398 738 Ans.

12 766 148 809 Popma
173 765 324 805 collato,
350 764 467 797 Guelf.
487 764 543 799 11.
568 764 686 799 Senat.
709 765 743 799 1.
769 767 803 798 et
826 763 938 798 Paris.
962 764 1007 798 E.
1053 762 1155 805 Apud
1178 761 1398 795 Priscianum

13 832 153 866 quoque
175 822 251 863 XV,
271 820 306 864 5,
316 820 374 854 32.
401 820 528 864 p.631.
549 820 621 855 Ed.
641 822 764 855 Krehl.
789 821 850 855 ubi
872 824 989 854 noster
1011 820 1110 853 locus
1133 824 1273 862 propter
1296 819 1395 862 geni-

13 879 126 914 tivum
160 890 182 913 a
213 879 322 912 verbo
341 870 431 911 *satis
454 879 661 922 pendentem
683 880 868 923 laudatur*⁷
898 888 1024 910 norem
1049 877 1148 909 codd.
1181 877 1397 920 eloquentiae

13 928 166 977 ha‘bent,
190 935 295 979 idque
319 935 549 969 Gerla'chium
571 931 783 980 permovisse
806 936 964 974 videtur,
988 937 1027 968 ut
1049 927 1231 978 iulg-atam
1255 946 1396 978 respue-

11 997 78 1029 ret.
122 992 194 1027 Sed
225 994 323 1026 locus
347 985 458 1027 m'ulto
491 993 634 1027 maioris
670 994 714 1027 ad
737 992 921 1027 lectionem
943 981 1218 1025 constituendam
1242 991 1395 1025 auctori-

13 1050 95 1085 tatis
127 1053 178 1084 est
212 1046 306 1093 apud
332 1050 488 1084 Gellium
520 1051 550 1092 I,
580 1049 660 1092 15.,
696 1050 757 1094 qui
792 1055 908 1084 tamen
940 1049 1087 1082 editores
1111 1048 1259 1081 mirifice
1293 1049 1397 1083 elusit

15 1116 146 1142 omnes.
187 1107 303 1140 Verba
324 1106 414 1141 haec
437 1112 533 1141 sunt:
573 1108 749 1141 Valerium
775 1096 921 1141 Probum
947 1118 986 1140 ex
1002 1106 1182 1149 familiari
1204 1106 1275 1139 eius
1299 1106 1396 1140 docto

13 1165 88 1198 viro
114 1164 282 1208 comperi,
306 1165 557 1197 Sallustianum
582 1165 687 1207 illud,
712 1165 835 1198 satis
868 1164 1181 1208 eloquentiae,
1213 1165 1396 1207 sapien-

15 1222 112 1256 tiae
133 1233 157 1265 p
169 1233 190 1253 a
203 1232 294 1254 rum
320 1220 414 1252 brevi
430 1225 616 1264 antequam
634 1222 708 1255 vita
728 1222 919 1263 decederet,
935 1211 988 1254 ‘sic
1008 1222 1124 1265 legere
1141 1221 1306 1265 coepisse:
1329 1232 1398 1254 sa-

16 1279 77 1312 tis
109 1277 399 1322 loquentiae,
431 1288 505 1321 sap.
536 1289 638 1321 par„
662 1280 752 1323 quod
776 1267 1014 1324 loquentia
1038 1279 1196 1311 novatori
1218 1278 1398 1312 verborum

18 1335 183 1367 Sallubtio
215 1336 374 1367 ⁴‘nitu-ime
408 1333 631 1379 congrueret,
667 1336 862 1379 eloquentia
896 1345 972 1367 cum
1015 1335 1215 1379 insipientia
1257 1336 1398 1370 minime

17 1389 225 1426 conveniret:
281 1382 358 1434 Quo
382 1392 458 1424 loco
484 1396 619 1425 tantum
651 1393 748 1426 abest
781 1394 820 1423 ut
842 1391 1028 1435 probetur,
1063 1393 1154 1435 quod
1179 1403 1298 1426 omnes
1322 1395 1398 1428 ela-

17 1452 136 1490 mant,
160 1436 370 1492 loquentiam
395 1448 555 1481 Sallustii
580 1460 673 1490 esse,
705 1452 744 1482 ut
766 1448 865 1481 nulla
887 1459 926 1481 re
949 1449 1160 1482 contrarimn
1185 1451 1300 1495 magis
1333 1462 1398 1495 pa-

16 1507 97 1540 teat.
133 1505 268 1538 ‘Verbis
298 1506 389 1539 enim
422 1506 480 1539 vel
503 1505 615 1539 obiter
636 1505 799 1550 inspectis
809 1531 819 1546 ‚
852 1510 1014 1548 apparet,
1046 1505 1081 1538 id
1106 1508 1197 1550 quod
1219 1509 1292 1543 iam
1313 1522 1398 1553 per-

15 1557 174 1606 spexerat
208 1561 270 1595 vir
297 1562 384 1596 recti
406 1563 668 1607 inem-ruptique
700 1562 841 1603 iudicii,
875 1563 924 1597 lo
951 1563 1274 1607 Ger.Schelle1-us‚
1310 1567 1395 1602 Lex.

14 1620 132 1663 Ampl
155 1630 188 1663 p.
207 1606 309 1653 5816'.
335 1624 368 1654 et
390 1631 499 1663 nuper
522 1620 627 1654 etiam
647 1620 852 1654 Gerlaehius
877 1619 911 1652 in
931 1620 1196 1655 Commentariis
1220 1635 1255 1666 Ρ
1267 1622 1324 1660 44
1341 1635 1397 1658 as-

15 1682 181 1720 sequutus
205 1680 274 1718 es,t
306 1681 340 1711 et
366 1677 474 1711 Gellii
498 1680 652 1721 tempore
676 1676 922 1723 eloquentiae‘
912 1689 947 1710 ln
971 1677 1071 1711 libris
1096 1679 1180 1712 fuis-
1167 1691 1221 1721 s‚e
1257 1686 1291 1714 et
1317 1682 1398 1716 Sal-

15 1733 162 1767 lustium
185 1734 300 1777 ipsum
323 1734 373 1767 sic
405 1734 514 1777 serips
517 1734 561 1767 iss
564 1746 601 1775 e,
633 1735 832 1789 loquentiae
865 1738 991 1785 autem
1008 1736 1235 1770 coniecturam
1260 1744 1396 1773 tantum

17 1790 150 1824 {alerii
171 1791 280 1824 Probi
303 1802 399 1833 esse,
431 1791 523 1835 quod
547 1790 739 1824 clarissime
762 1782 931 1827 testantur
952 1793 1061 1825 xerba
1084 1794 1131 1826 sic
1165 1795 1280 1839 legere
1303 1808 1397 1830 coe..

15 1849 162 1893 pisse,
186 1852 220 1881 et
243 1848 291 1882 sic
316 1859 339 1881 a
358 1848 442 1881 Sall.
468 1849 623 1882 relictum
648 1849 940 1902 affirmasse,
967 1848 1007 1892 (i.
1030 1861 1058 1882 e.
1084 1851 1292 1886 confidenter
1315 1865 1397 1886 con-

18 1905 156 1948 iecisse)
187 1905 276 1949 quod
307 1906 466 1939 novatori
488 1907 666 1939 verborum
690 1908 904 1951 congrueret.
964 1906 1033 1939 Sed
1056 1907 1140 1940 huic
1164 1910 1398 1944 Grammatici

17 1963 236 1996 coniecturae
258 1973 326 1995 non
348 1963 496 1996 multum
521 1951 745 1996 tribuenduin
769 1966 831 2003 est,
857 1961 928 2005 qui,
953 1963 981 1996 si
999 1963 1162 1999 Suetonio
1186 1967 1228 1999 de
1251 1968 1398 2001 illustrr.

19 2019 177 2053 Gramm.
197 2019 282 2061 Cap.
303 2018 359 2054 24.
378 2010 656 2062 fideshabenda,
680 2020 813 2065 ingenii
833 2020 993 2053 acumine
1008 2025 1041 2055 et
1058 2027 1151 2056 recto
1175 2023 1304 2058 iudicio
1327 2037 1397 2058 non

19 2076 210 2111 admodum·
229 2076 404 2110 excelluit.
451 2077 571 2120 Neque
595 2079 717 2120 obstat,
737 2077 829 2120 quod
853 2077 1024 2112 Catilinae
1046 2091 1171 2123 parum
1194 2082 1398 2123 sapientiae,

18 2133 236 2176 eloquentiae
260 2133 344 2167 satis
368 2133 550 2176 tribuitur;
581 2135 677 2167 haud
700 2133 792 2167 enim
816 2133 981 2179 insipiens
1016 2137 1083 2170 fuit
1124 2142 1157 2170 et
1190 2142 1319 2171 temere
1342 2139 1397 2171 lo-

18 2202 134 2235 quax,
168 2189 282 2224 stultis
304 2184 532 2234 inanibii'sque
560 2191 677 2224 verbis
700 2194 819 2232 mene,
854 2193 946 2235 quod
968 2194 1127 2227 Valerius
1148 2194 1284 2228 Probus
1306 2196 1398 2237 vult,

20 2248 81 2283 sed
101 2258 233 2292 magna
255 2247 411 2291 pollebat
432 2246 659 2291 persuadendi
681 2248 729 2289 vi,
755 2249 848 2291 quod
871 2249 907 2282 in
931 2253 1024 2283 tanto
1049 2251 1206 2284 facinore
1228 2251 1397 2295 incipien-

21 2306 66 2343 do
88 2316 151 2349 per
174 2316 211 2340 se
232 2305 442 2349 intelligitur
468 2308 502 2338 et
525 2305 609 2339 Sall.
631 2304 706 2348 ipse
729 2309 874 2339 testatur
897 2305 1135 2349 orationibus,
1158 2319 1243 2351 quas
1267 2310 1311 2342 ab
1332 2309 1397 2342 illo

20 2362 164 2396 habitas
186 2362 307 2406 fingit,
333 2363 418 2405 Cap.
440 2363 517 2396 XX.
537 2367 571 2397 et
590 2363 709 2397 LVIII.
735 2364 829 2406 operi
853 2363 998 2397 insertis.
1045 2364 1223 2408 Sapientia
1244 2366 1398 2400 caruisse

22 2419 167 2462 dicitur,
201 2419 284 2462 quia
306 2419 539 2453 alienissimus
573 2423 647 2452 erat
671 2420 714 2452 ab
750 2419 844 2453 omni
878 2420 1066 2454 honestatis
1097 2422 1233 2455 ratione
1265 2427 1298 2457 ct
1323 2424 1417 2457 elo-,

21 2475 166 2520 quentia
189 2476 234 2509 ad
257 2476 474 2519 turpissimas
498 2475 735 2519 pessimasque
757 2489 811 2510 res
832 2479 1006 2511 utebatur.
1024 2497 1068 2503 —
1094 2479 1252 2513 Ceterum
1273 2481 1314 2513 de
1330 2481 1397 2514 Ca-

21 2533 141 2568 tilinae
164 2533 319 2566 moribus
342 2537 376 2566 et
397 2532 538 2577 ingenio
560 2545 628 2567 non
650 2533 763 2567 minus
782 2535 935 2579 egregie,
955 2546 1167 2579 quamquam
1187 2537 1257 2571 alio
1277 2539 1394 2580 modo,

20 2594 62 2626 ut
83 2595 220 2631 orator,
243 2589 316 2635 egit
339 2590 459 2624 Cicero
483 2593 571 2623 orat.
595 2603 628 2634 p.
649 2591 742 2625 Coei.
765 2590 797 2633 5,
820 2591 874 2633 12,
895 2602 946 2634 eq.

114 2647 201 2681 Luci
227 2647 368 2690 Sullae]
412 2647 574 2690 Plerique
607 2648 704 2682 codd.
736 2649 900 2682 exhibent
931 2649 1039 2691 Silla,
1072 2650 1175 2693 pauci
1206 2651 1393 2686 admodum

23 2706 161 2751 Syllam
191 2704 251 2742 scd
273 2716 297 2740 ιι
319 2703 436 2740 littera
457 2704 677 2742 scribendum
709 2715 786 2742 esse
815 2716 940 2743 nomen
968 2717 1037 2743 nou
1069 2708 1174 2744 modo
1203 2708 1337 2754 lapide,-
1360 2714 1394 2745 et
