1630 3034
438 152 797 199 mGURTuA.
859 125 990 199 cip.
1019 153 1178 200 LXVI.
1402 158 1488 199 εει

108 275 256 335 ipsum
312 271 594 334 praefectum
644 269 803 332 oppidi
855 270 913 315 T.
967 269 1220 331 Turpilium
1272 269 1488 327 Silanum,

108 369 217 414 alius
263 370 397 414 alium
447 369 608 414 domos
645 383 745 413 suas
780 367 987 422 invitant3
1026 382 1103 412 eos
1139 367 1281 412 omnis
1309 373 1490 428 praeter

107 466 359 527 Turpilium
403 467 517 511 inter
563 466 719 526 epulas
769 464 1058 518 obtruncant3
1111 470 1270 524 postea
1327 464 1487 509 milites

105 564 318 624 palantis,
352 562 545 620 inermis,
581 563 754 622 quippe
784 560 830 605 in
858 560 936 605 tali
971 560 1044 605 die
1075 575 1129 604 ac
1156 560 1248 605 sine
1281 561 1487 622 imperio,

106 695 178 731 off.
202 695 232 738 1,
256 695 314 737 1⁰,
337 693 395 730 32.
442 693 482 728 Si
504 693 809 728 constitueris
841 693 1040 738 cuipiam
1063 696 1098 726 te
1123 692 1332 729 advocatum
1355 695 1393 729 in
1416 706 1488 730 rem

100 760 321 801 praesentem
353 765 425 788 esse
456 759 650 790 venturum.
684 754 732 788 id.
767 754 811 789 de
844 754 944 789 Orat.
969 753 1004 795 1,
1026 752 1083 794 62,
1106 751 1188 787 265.
1239 755 1333 789 Sane
1365 757 1488 790 vellem

102 828 169 850 non
192 815 537 850 constituissem
560 815 597 849 in
623 816 854 849 Tusculanum
876 825 932 849 me
955 813 1057 848 hodie
1081 817 1261 848 venturum
1286 826 1358 849 esse
1382 816 1486 851 Lae-

102 878 176 912 lio.
208 876 364 911 luvenal.
388 876 458 918 111,
489 876 547 911 12.
595 877 663 910 Hic
695 876 755 910 aba·
780 881 970 910 nocturnae
1001 875 1120 909 Numa
1155 877 1489 912 constituebat

101 937 278 972 amicae
303 937 404 972 Nunc
421 937 513 970 sacri
529 938 641 980 sontis
663 949 783 971 nemus
807 942 841 972 et
865 937 1007 971 delubra
1031 936 1187 969 locantur
1209 936 1361 972 Iudaeis.
1388 938 1489 981 Quae

101 1002 140 1034 ut
173 999 323 1043 probant
356 997 643 1032 constituere
678 1010 754 1032 cum
779 998 862 1043 aliq.
892 997 949 1031 vel
973 997 1081 1031 alicui
1107 995 1315 1039 respondere
1337 997 1488 1032 Germa-

98 1059 181 1095 nico
205 1060 269 1094 mit
291 1057 495 1103 jemandcm
529 1058 604 1092 eine
632 1059 902 1102 Uebereinkunft
926 1059 1070 1103 treffen,
1106 1057 1170 1091 mit
1193 1057 1304 1091 einem
1325 1058 1487 1092 iiber-ein-

101 1123 279 1161 kommm,
310 1119 362 1154 ita
394 1118 484 1152 nihil
513 1119 630 1153 obstat
662 1120 848 1164 quominus
882 1119 990 1154 etiam
1014 1117 1143 1152 omissa
1165 1126 1312 1161 persona
1338 1119 1487 1154 verbum

99 1183 304 1216 constituere
332 1180 493 1214 absolute
518 1185 722 1224 usurpetur,
753 1180 1047 1225 quemadmodum
1079 1178 1186 1213 etiam
1222 1178 1388 1213 Germani
1411 1179 1487 1214 istis

99 1241 334 1276 locutionibus
365 1244 520 1274 utuntur.
566 1241 620 1274 lta
651 1242 798 1276 verbum
828 1242 979 1276 habetur
1002 1240 1094 1283 apud
1118 1238 1283 1273 Tacitum
1308 1241 1429 1276 Germ.
1453 1253 1485 1276 c.

98 1304 159 1343 xl,
183 1302 274 1337 med.
327 1300 399 1335 Nec
424 1301 557 1335 dierum
589 1313 788 1346 numerum,
820 1307 858 1337 ut
892 1313 972 1344 nos,
1009 1301 1070 1334 sed
1091 1301 1242 1334 noctium
1265 1306 1486 1345 computant3

98 1365 146 1398 sic
178 1362 487 1402 constituunt,
522 1362 571 1395 sic
595 1365 788 1398 condicunt.
835 1364 937 1408 Quae
959 1361 1050 1396 ratio
1077 1361 1112 1395 in
1133 1360 1294 1395 Sallustii
1317 1362 1394 1395 loco
1417 1373 1486 1396 non

97 1429 252 1458 mutatur
274 1421 393 1457 addita
414 1421 581 1466 temporis
602 1422 870 1468 significatione,
895 1433 964 1466 quo
988 1426 1256 1465 exsequerentur
1279 1422 1488 1464 constituta3

98 1496 189 1529 quae
213 1482 333 1527 qualia
356 1488 467 1516 essent
499 1483 605 1517 facile
629 1483 839 1527 intelligitur
861 1494 904 1517 ex
928 1482 1176 1518 sententiarum
1199 1492 1301 1518 nexu.
1328 1501 1372 1507 —
1398 1481 1485 1516 Sen-

97 1557 173 1580 sum
206 1544 395 1577 verborum
428 1544 545 1577 ludum
581 1549 615 1579 et
650 1544 830 1578 lasciviam
860 1548 899 1578 ut
931 1543 1167 1588 explicemus,
1200 1542 1298 1586 prius
1321 1542 1420 1577 nobis
1442 1543 1486 1577 de

96 1605 298 1640 discrimine
324 1602 416 1636 inter
450 1603 569 1637 ludum
604 1609 638 1638 et
661 1605 773 1638 lusum
808 1603 990 1638 dicendum
1015 1608 1084 1645 est,
1116 1603 1153 1636 in
1176 1614 1245 1646 quo
1269 1603 1485 1638 luculentum

95 1667 220 1701 ducem
244 1674 428 1708 sequemur
450 1663 667 1698 Ludovicum
692 1664 956 1699 Doederlinum.
1002 1664 1036 1698 ls
1067 1662 1161 1698 enim
1185 1662 1222 1696 in
1244 1663 1336 1697 libro
1365 1663 1484 1708 Syno-

70 1766 73 1772 ,
95 1738 228 1772 uymm.
253 1725 317 1759 Vol
354 1725 399 1759 ΙΙ.
423 1735 456 1767 p.
480 1724 541 1761 29.
563 1725 682 1759 docuit
706 1726 824 1759 ludum
848 1737 925 1760 esse
948 1724 1175 1759 cessationem
1199 1723 1404 1768 graviorum
1428 1736 1485 1758 re-

95 1800 174 1823 rnm
196 1793 231 1822 et
253 1782 493 1820 remissionem
517 1786 691 1828 laborum,
716 1787 826 1820 animi
848 1786 1033 1820 relaxandi
1059 1795 1206 1825 caussa,·
1231 1785 1341 1818 lusum
1366 1789 1484 1819 autem

94 1849 188 1883 cerni
222 1859 340 1882 rerum
363 1846 520 1880 inanium
552 1846 665 1881 studio
696 1847 1037 1891 oblectationumque
1071 1845 1239 1881 vanitate.
1286 1846 1382 1879 Idem
1406 1846 1484 1881 Vol.

92 1911 153 1945 ΙΙΙ.
179 1921 211 1953 p.
233 1908 291 1943 44.
325 1907 472 1941 lascivus
495 1910 592 1939 recte
614 1917 636 1941 a
660 1907 777 1940 radice
802 1907 898 1940 LAC
924 1927 969 1933 —-
994 1907 1111 1947 ducit,
1136 1910 1175 1940 ut
1195 1906 1240 1940 sit
1262 1906 1362 1950 quasi
1384 1907 1484 1942 laxus

94 1967 150 2001 vel
174 1967 326 2007 solutus3
351 1967 443 2000 unde
464 1966 622 2009 sequitur
645 1968 825 2001 lasciviam
851 1967 925 2002 eius
948 1978 1042 2009 esse,
1079 1965 1138 2010 qui
1164 1966 1314 2011 negotiis
1336 1979 1403 2003 non
1427 1968 1482 2003 iu-

94 2032 206 2062 tentns
229 2027 402 2070 rebusque
424 2026 585 2070 gerendis
609 2038 676 2061 non
699 2028 860 2062 astrictus
889 2026 999 2062 animi
1021 2026 1202 2061 relaxandi
1226 2032 1261 2062 et
1291 2029 1483 2073 voluptatis

94 2098 214 2122 caussa
235 2087 359 2131 paullo
392 2085 537 2119 liberius
569 2092 738 2132 evagetur
767 2099 809 2121 ac
842 2088 1009 2121 nonnulla
1041 2087 1108 2121 sibi
1137 2086 1320 2133 indulgeat
1348 2099 1370 2123 a
1394 2089 1482 2124 viris

93 2147 262 2193 gravibus
296 2146 423 2180 aliena.
469 2147 587 2190 Quare
619 2149 766 2181 lascivia
802 2154 836 2182 et
868 2148 952 2181 ludo
984 2155 1018 2181 et
1043 2146 1137 2181 lusui
1161 2153 1313 2192 cognata
1340 2153 1412 2191 est,
1438 2160 1481 2185 ac

93 2206 293 2251 saepissime
317 2207 373 2240 vel
397 2218 477 2240 cum
502 2207 569 2241 hoc
592 2209 649 2242 vel
672 2220 752 2242 cum
775 2209 837 2243 illo
863 2208 1087 2253 coniungitur
1109 2207 1174 2249 (cf.
1199 2209 1354 2243 Gronov.
1378 2209 1480 2245 Obss.

92 2268 153 2309 111,
183 2267 218 2301 4.
242 2279 274 2310 p.
299 2266 381 2302 351.
407 2266 461 2301 ed.
485 2267 623 2312 Lips.);
655 2280 735 2303 num
760 2270 848 2304 haec
872 2269 989 2304 omnia
1013 2268 1172 2313 opposita
1195 2274 1276 2303 suut
1299 2271 1403 2305 rebus
1426 2283 1479 2306 se-

93 2329 165 2363 riis.
212 2327 332 2361 Ludus
365 2331 483 2361 autem
515 2332 550 2362 et
582 2329 677 2363 lusus
718 2341 930 2375 quamquam
962 2331 1149 2373 differunt,
1186 2335 1330 2375 possunt
1360 2335 1478 2365 tamen

93 2389 188 2423 haud
207 2399 288 2423 raro
312 2388 355 2421 de
378 2388 500 2421 eadem
524 2399 562 2422 re
586 2389 672 2432 dici,
704 2397 806 2434 prout
829 2397 950 2426 auctor
972 2391 1006 2425 id
1021 2416 1031 2432 ‚
1055 2391 1147 2435 quod
1171 2391 1396 2426 oblectationi
1419 2391 1474 2426 in-

90 2449 213 2492 servit,
232 2449 291 2482 vel
315 2447 503 2482 iucundum
526 2449 583 2482 vel
606 2449 710 2484 inane
732 2452 856 2486 haberi
880 2453 966 2487 vult.
1014 2452 1124 2486 Plura
1146 2451 1306 2495 exempla
1330 2452 1477 2488 contulit

93 2509 354 2544 Drakenborch.
382 2509 426 2543 ad
451 2509 528 2543 [ιίν.
553 2510 580 2551 1,
605 2510 647 2552 5,
671 2511 705 2546 2.
753 2515 918 2548 Evander
951 2513 1122 2555 instituit,
1154 2517 1194 2547 ut
1225 2514 1311 2546 nudi
1336 2514 1476 2548 iuvenes

89 2582 151 2615 per
181 2572 328 2604 lusum
370 2575 507 2613 atque
548 2571 788 2607 lasciviam
821 2579 1007 2608 currerent.
1044 2572 1094 2608 ib.
1130 2573 1316 2617 xxxva,
1340 2574 1407 2615 2⁰,
1438 2573 1472 2608 5.

94 2631 179 2665 Pars
210 2632 246 2665 in
277 2631 454 2664 iuvenales
487 2631 612 2665 lusus
644 2632 985 2679 lasciviamque
1014 2633 1116 2668 versi.
1152 2633 1322 2675 XXXIX,
1348 2632 1413 2677 15,
1437 2633 1471 2670 7.

94 2692 186 2724 Alios
210 2691 350 2725 deorum
385 2694 535 2737 aliquem
560 2695 711 2734 cultum,
741 2694 829 2728 alios
860 2705 1053 2730 concessum
1087 2695 1240 2730 ludum
1265 2698 1308 2730 et
1331 2693 1472 2728 lasei-

93 2751 214 2785 viam
236 2763 312 2787 esse
333 2753 481 2787 credere.
