1630 3034
445 175 814 220 IUGURTHA.
874 177 996 222 cAP.
1019 177 1156 221 XCH.
1389 183 1474 223 489

91 294 218 339 simul
249 301 294 339 et
323 294 598 354 locupletes,
634 294 693 337 ad
729 294 902 338 coelum
937 295 1077 352 ferre,
1116 293 1338 339 Numidae
1373 310 1471 339 ma-

87 392 157 452 gis
197 407 333 450 quam
375 391 614 435 mortalem
653 390 833 448 timere,
878 397 1109 451 postremo
1145 407 1326 448 omnes,
1364 392 1471 436 socii

87 494 223 547 atque
257 489 435 543 hostes,
473 486 657 532 credere
692 488 754 531 illi
788 494 862 532 aut
899 495 1094 532 mentem
1131 488 1324 553 divinam
1361 504 1470 546 esse,

85 634 242 667 consulta
265 644 334 666 non
357 635 547 675 aequentur
581 632 695 666 male
728 633 911 674 consultis,
943 632 1004 666 sed
1037 636 1076 666 ut
1101 634 1232 667 consilii
1263 637 1296 667 et
1321 635 1470 676 fortu-

86 704 170 727 nae
206 693 392 727 discrimen
426 693 592 733 tollatur,
631 693 793 726 omnibus
829 693 987 727 secundis
1018 694 1120 727 rebus
1152 694 1197 727 ad
1230 694 1342 728 solam
1374 694 1471 729 ducis

84 753 250 788 virtutem
289 752 430 796 relatis,
463 753 500 786 id
531 753 705 797 scriptura
734 765 755 788 a
784 754 884 788 nobis
917 755 1056 797 recepta
1088 754 1232 799 egregie
1261 754 1469 790 declaratur.

84 812 204 857 Neque
230 814 362 854 obstat,
394 814 486 857 quod
516 813 656 858 proprie
690 826 758 848 nou
793 814 862 848 dici
901 819 1015 858 potest
1046 815 1154 849 bene
1194 816 1409 850 consulta
1433 817 1470 849 ίη

84 873 248 907 virtutem
279 875 467 908 trahere
485 899 496 917 ‚
530 886 639 918 quum
670 876 762 919 quod
786 886 847 919 per
871 886 907 908 se
930 875 1110 909 laudabile
1133 880 1202 918 est,
1228 875 1264 909 id
1289 888 1358 909 non
1382 887 1470 920 opus
1524 899 1531 909 .»

83 932 129 966 sit
150 933 247 967 trahi
269 933 305 967 in
330 935 482 969 laudem.
530 935 599 968 Sed
631 935 668 969 in
702 941 824 980 aperto
848 940 901 970 est
924 936 1172 979 trahebantur,
1210 937 1301 980 quod
1324 938 1472 971 verbum

82 993 250 1044 proximis
283 999 416 1029 tautum
451 1000 615 1030 accurate
647 996 825 1038 convenit,
861 1008 925 1040 per
948 987 1098 1041 zeugma
1121 998 1165 1031 ad
1188 998 1335 1032 alterum
1358 1010 1471 1032 mem-

82 1054 186 1088 brum
214 1056 358 1098 referri,
393 1056 445 1090 ita
481 1061 520 1090 ut
541 1057 643 1100 plena
665 1057 834 1091 sententia
857 1057 919 1090 sit:
955 1058 1111 1092 Gloriam
1136 1060 1315 1104 augebant
1339 1059 1471 1102 omnia,

82 1126 151 1149 non
178 1116 266 1150 bene
289 1118 446 1152 consulta
468 1118 596 1160 modo,
621 1129 744 1152 verum
770 1117 875 1152 etiam
900 1130 983 1152 casu
1000 1119 1103 1160 data,
1129 1131 1219 1164 quae
1242 1120 1278 1154 in
1303 1120 1471 1154 virtutem

81 1177 322 1212 trahebantur.
369 1179 439 1213 Sed
465 1191 573 1224 quum
604 1178 670 1213 ista
700 1179 890 1213 sententiae
913 1179 1145 1214 conformatio
1177 1191 1246 1214 non
1269 1179 1354 1214 satis
1385 1191 1469 1214 con-

83 1238 185 1273 cinna
216 1239 281 1281 sit,
313 1244 347 1274 et
370 1240 589 1284 aliquantum
623 1240 783 1281 diffluat,
816 1240 920 1275 facile
952 1239 1158 1283 perspicitur
1182 1252 1244 1274 cur
1268 1240 1469 1284 Sallustius,

82 1304 261 1334 coartatae
293 1301 445 1335 orationi
479 1300 643 1342 studens,
677 1300 832 1333 diversas
865 1299 1022 1334 notiones
1048 1300 1106 1334 uni
1135 1300 1336 1345 praedicato
1359 1297 1468 1334 subii-

82 1371 161 1394 cere
184 1362 366 1403 maluerit,
405 1361 498 1404 quod
528 1364 723 1394 structurae
757 1371 867 1404 genus
891 1361 982 1403 apud
1007 1373 1088 1394 eum
1112 1362 1207 1395 haud
1231 1372 1310 1395 raro
1334 1361 1469 1395 inveni-

82 1426 159 1466 tur,
185 1424 230 1459 cf.
256 1425 301 1458 ad
330 1435 359 1458 c.
386 1422 479 1463 xlv,
505 1420 537 1455 4.
568 1421 601 1455 9.
634 1421 691 1456 23.
719 1421 852 1462 XLVI,
876 1420 910 1454 8.
959 1421 1027 1455 Sed
1061 1425 1099 1456 ut
1132 1422 1289 1460 internae
1317 1421 1470 1455 rationes

81 1483 290 1527 scripturam
321 1486 475 1517 nostram
500 1481 742 1526 maximopere
778 1486 990 1523 sustentant,
1021 1482 1072 1517 ita
1096 1486 1239 1517 externa
1262 1482 1470 1517 auctoritate

80 1554 149 1577 non
172 1544 324 1578 multum
347 1544 623 1577 commendatur.
671 1542 909 1577 Nihilominus
940 1543 1048 1576 verba
1072 1543 1233 1577 Sallustii
1256 1555 1330 1576 esse
1353 1543 1470 1586 credo,

81 1615 188 1648 quum
205 1604 350 1638 lacunae
373 1604 594 1649 singulorum
619 1608 681 1638 aut
704 1604 862 1649 plurium
885 1604 1097 1646 verborum,
1121 1603 1194 1638 iam
1216 1604 1300 1639 satis
1327 1605 1470 1648 antiquo

80 1668 237 1709 tempore
266 1670 385 1707 ortae,
416 1677 484 1699 uon
520 1665 595 1699 sine
633 1665 792 1708 exemplo
824 1664 902 1698 sint.
950 1666 1004 1699 Ita
1038 1665 1106 1698 hoc
1133 1664 1209 1709 ipso
1243 1665 1356 1709 capite
1379 1667 1411 1707 §-
1436 1664 1469 1698 l.

79 1727 256 1771 patravit,
281 1731 315 1761 et
339 1729 372 1770 §.
395 1726 428 1760 3.
455 1727 594 1761 deserta
618 1726 654 1760 in
679 1725 798 1760 multis
820 1727 920 1759 codd.
944 1726 1058 1766 deest;
1082 1726 1153 1761 alia
1176 1730 1280 1770 atque
1301 1725 1472 1770 insignio-

80 1799 121 1822 ra
144 1789 304 1831 exempla
333 1788 563 1834 cognovimus
594 1797 699 1831 supra
734 1797 765 1820 c.
790 1786 886 1827 XXI,
910 1785 944 1819 4.
970 1787 1062 1827 XLI,
1086 1785 1120 1821 5.
1144 1791 1178 1821 et
1202 1787 1321 1828 XLIV,
1349 1785 1383 1820 5.
1409 1784 1471 1819 ubi

81 1859 130 1890 v.‚
153 1853 187 1882 et
210 1848 246 1882 iu
269 1849 374 1894 longe
397 1847 638 1891 antiquissimo
663 1848 741 1881 Vat.
765 1848 806 1883 A.
839 1847 918 1892 lug.
944 1847 1034 1887 xlv,
1058 1846 1116 1881 25.
1149 1850 1240 1882 totus
1264 1859 1384 1881 versus
1410 1857 1470 1880 ex-

81 1909 177 1944 cidit.
225 1910 328 1954 Quod
360 1914 478 1944 autem
510 1908 698 1942 deteriores
731 1907 830 1940 codd.
864 1906 928 1940 illa
968 1907 1077 1940 verba
1108 1908 1269 1949 habent,
1306 1906 1471 1940 meliores

82 1969 272 2013 ignorant,
306 1969 343 2003 id
374 1969 505 2003 nemini
540 1973 740 2012 suspectum
765 1967 850 2008 erit,
884 1967 943 2010 qui
968 1968 1185 2011 reputaverit
1208 1967 1399 2001 bonitatem
1424 1967 1470 2000 li-

82 2030 226 2064 brorum
258 2030 452 2073 scripturae
485 2029 632 2062 ueritate
665 2027 824 2070 censeri,
857 2027 1079 2072 optimosque
1116 2027 1226 2062 fluere
1250 2027 1469 2077 potuisse‘ex

82 2090 202 2125 codice
232 2089 407 2124 nonnullis
438 2079 620 2124 vocabulis
655 2089 809 2129 defecto,
841 2099 882 2122 ac
905 2089 994 2122 nihil
1019 2089 1177 2130 obstare,
1204 2088 1388 2133 quominus
1412 2088 1469 2121 de-

82 2151 227 2186 teriores
260 2151 434 2197 originem
465 2151 618 2184 referant
650 2150 694 2183 ad
727 2148 884 2182 codicem
916 2150 1016 2183 nulla
1041 2150 1181 2193 quidem
1204 2150 1331 2182 lacuna
1354 2148 1467 2182 defor-

80 2217 233 2254 matum,
257 2213 316 2246 sed
340 2211 496 2255 alioquin
520 2211 633 2245 minus
657 2213 822 2243 accurate
842 2198 1021 2253 scriptum.
1048 2230 1094 2235 —
1119 2212 1172 2244 De
1194 2214 1372 2244 structura
1394 2214 1468 2242 tra-

81 2274 165 2308 bere
187 2274 282 2318 alqd.
308 2274 352 2307 in
385 2274 515 2306 virtu
531 2278 615 2306 tem
640 2282 674 2305 V.
699 2271 742 2304 ad
764 2282 795 2305 c.
819 2271 989 2312 Lxxxx',
1015 2271 1072 2305 26.
1094 2291 1138 2296 —
1165 2273 1276 2305 Simul
1301 2277 1358 2312 et,
1382 2281 1470 2315 quas

83 2346 186 2369 voces
208 2335 345 2368 Cottius
375 2336 549 2377 commate
582 2326 785 2375 interposito
809 2331 902 2365 male
926 2331 1112 2377 disiungit,
1144 2331 1400 2366 illustravimus
1423 2331 1468 2364 ad

82 2407 114 2429 c.
136 2396 224 2437 XX,
253 2396 287 2429 1.
310 2417 357 2422 —
388 2395 480 2428 Socii
513 2405 579 2428 non
612 2392 926 2435 comprehendunt,
967 2397 1005 2427 ut
1040 2393 1158 2427 Fabro
1189 2392 1347 2432 videtur,
1379 2391 1469 2424 cives

83 2456 260 2490 Romanos
284 2455 358 2488 sive
391 2456 539 2495 milites,
572 2453 614 2486 de
638 2453 763 2497 quibus
796 2451 867 2485 iam
892 2452 1024 2486 dictum
1049 2457 1120 2494 est,
1144 2454 1202 2486 sed
1226 2451 1469 2498 intelliguntur

81 2516 217 2551 incolae
241 2515 382 2550 Africae
407 2514 631 2559 provinciae,
655 2515 697 2547 de
721 2525 790 2557 qua
821 2525 852 2546 v.
878 2514 970 2555 XIX,
995 2514 1028 2548 7.
1079 2515 1241 2548 ceterum
1265 2523 1380 2546 omnes
1408 2523 1469 2545 vo·-

83 2578 248 2612 cnbulum
280 2576 320 2610 vi
350 2575 559 2611 substantivi
597 2575 750 2619 positum
782 2574 997 2618 appositione
1027 2574 1244 2619 sequentium
1277 2573 1468 2606 verborum

83 2636 297 2679 illustratur3
322 2648 430 2682 quare
453 2636 568 2670 Faber
591 2647 633 2670 ea
656 2639 749 2669 recte
773 2636 1008 2669 commatibus
1039 2634 1188 2670 inclusit.
1214 2635 1260 2668 οἳ.
1288 2634 1407 2674 XCIV,
1434 2632 1468 2666 5.

85 2700 122 2731 et
144 2709 179 2731 v.
202 2699 247 2732 ad
271 2699 344 2732 Cat.
370 2710 397 2730 c.
424 2698 538 2738 XXX,
563 2696 596 2732 4.
629 2709 661 2740 p.
688 2696 756 2730 138
774 2708 825 2740 sq.
852 2716 894 2721 —
932 2696 1012 2730 Esse
1038 2699 1114 2740 post
1137 2696 1291 2730 divinam
1315 2695 1409 2728 deest
1432 2692 1468 2727 in

86 2758 202 2793 Gueu.
225 2759 258 2794 3.
286 2763 320 2793 et
343 2758 434 2793 Med.
459 2758 502 2799 73
530 2757 658 2793 delevit
682 2757 828 2792 Curtius.
