1630 3034
147 180 235 222 442
513 172 561 218 C.
590 171 921 216 SALLUSTI
950 173 1173 218 GRISPI

147 289 460 337 huiuscemodi
511 290 666 334 animis
693 286 971 349 trahebant,
1015 296 1061 335 et
1100 305 1179 335 eos
1211 305 1302 335 non
1335 292 1537 352 paullum
1586 303 1589 305 ’

106 392 132 435 5
145 389 345 434 oratione
373 401 454 432 sua
474 385 646 432 Marius
676 393 913 433 arrexerat.
962 388 1080 432 Nam
1102 394 1360 448 postquam,
1391 390 1536 433 omni-

146 487 254 541 bus,
305 500 422 544 quae
474 484 804 544 postulaverat,
857 484 1073 542 decretis,
1129 485 1286 530 milites
1340 485 1536 530 scribere

145 582 259 640 volt,
294 580 505 626 hortandi
536 595 721 639 caussa,
756 581 888 626 simul
919 589 963 626 et
997 582 1295 640 nobilitatem,
1330 583 1394 626 uti
1426 597 1536 626 con-

147 685 375 735 sueverat,
421 678 700 739 exagitandi,
747 679 1012 724 concionem
1065 680 1229 740 populi
1279 679 1536 732 advocavit3

145 776 312 821 deinde
345 774 437 820 hoc
472 773 610 820 modo
647 774 865 820 disseruit.

264 868 506 918 LXXXV.
577 872 714 930 „Scio
751 888 866 933 ego,
910 872 1133 933 Quirites,
1168 874 1412 934 plerosque
1446 886 1537 915 non

142 970 287 1015 isdem
336 969 504 1015 artibus
548 969 788 1031 imperium
835 986 862 1014 a
907 969 1035 1014 vobis
1078 975 1260 1031 petere,
1304 973 1373 1024 et,
1407 973 1534 1029 post-

236 1130 270 1170 §.
294 1127 329 1162 4.
370 1127 475 1171 sore]
500 1126 602 1160 Hane
626 1136 748 1159 vocem
763 1150 775 1170 ,
799 1136 890 1169 quae
912 1124 949 1159 in
971 1126 1049 1160 solo
1073 1125 1194 1160 Guelf.
1219 1125 1275 1159 11.
1301 1125 1420 1167 deest,
1453 1124 1538 1158 Cor-

141 1176 364 1224 tiu'e‘omisit.
387 1205 432 1214 ·—
463 1189 607 1232 Aliquid
641 1187 838 1222 trahere
874 1188 990 1221 animo
1017 1190 1070 1220 est
1101 1186 1250 1221 alicuius
1272 1187 1324 1221 rei
1348 1185 1537 1231 cogitatio-

139 1260 221 1284 nem
253 1261 322 1283 non
359 1248 536 1284 dimittere
565 1261 609 1283 ex
642 1248 781 1292 animo,
815 1259 954 1293 semper
977 1247 1111 1291 aliquid
1145 1247 1264 1282 auimo
1296 1249 1458 1290 volvere,
1488 1247 1536 1282 ef.

138 1311 267 1352 XCIII,
293 1311 327 1345 1.
377 1309 516 1345 Marius
548 1312 673 1345 anxius
704 1309 846 1344 trahere
878 1318 955 1343 curn
988 1310 1103 1343 animo
1127 1320 1210 1352 suo,
1242 1310 1459 1344 omitteretne
1480 1307 1537 1342 in·-

139 1377 287 1416 ceptum.
311 1390 358 1396 —
393 1372 475 1406 Non
505 1373 687 1417 paulluum
717 1381 750 1404 v.
777 1371 823 1405 ad
855 1370 959 1406 Catil.
993 1371 1057 1414 111,
1082 1371 1115 1404 1.
1140 1382 1173 1414 p.
1193 1370 1250 1404 16.
1277 1387 1320 1396 -
1345 1371 1536 1404 Art-exerat

138 1433 279 1466 eortius
311 1432 386 1466 eine
419 1430 546 1467 idonea
577 1442 702 1466 caussa
725 1431 762 1464 in
789 1436 947 1465 erexerat
983 1435 1158 1465 mutatum
1183 1431 1299 1474 cupit3
1327 1441 1364 1465 v-
1388 1430 1431 1464 1111
1455 1430 1532 1464 Cat.

138 1492 304 1534 XXXIX,
328 1492 360 1526 3.
398 1506 432 1537 p.
455 1494 537 1530 184.
561 1513 605 1519 —-
641 1493 808 1527 Omnibus
832 1493 984 1528 decretis
1007 1503 1053 1526 sc.
1083 1502 1104 1526 a
1127 1495 1260 1526 senatu.
1283 1510 1331 1516 —
1353 1491 1465 1525 Simul
1487 1495 1535 1531 et,

135 1565 171 1586 v.
196 1554 240 1587 ad
266 1565 298 1588 c.
325 1554 402 1595 XX,
428 1555 462 1589 l.

228 1613 403 1649 LXXXV.
439 1616 474 1657 ἓ.
500 1614 532 1648 l.
556 1618 591 1648 et
613 1615 647 1649 2.
697 1615 774 1649 Scio
812 1616 904 1660 ego]
937 1616 990 1648 De
1022 1614 1060 1648 vi
1093 1612 1310 1659 pronominis
1334 1623 1400 1659 ego
1424 1612 1533 1645 verbo

134 1674 247 1710 additi
277 1687 312 1708 v.
348 1675 394 1709 ad
427 1687 457 1709 c.
490 1676 558 1717 IV,
584 1674 618 1709 5.
654 1687 687 1719 p.
712 1676 771 1711 23.
796 1696 839 1702 —
864 1677 978 1711 Isdem
1010 1680 1122 1710 exstat
1157 1676 1194 1709 in
1225 1674 1304 1709 Sen.
1330 1674 1364 1707 1.
1395 1673 1471 1707 Vin.
1498 1673 1531 1706 1.

134 1738 207 1771 Ine.
233 1737 265 1771 1.
289 1737 386 1773 Vtut.
409 1737 443 1770 l.
467 1737 502 1772 3.
527 1737 648 1771 Guelf.
673 1737 707 1771 1.
732 1738 766 1772 3.
801 1739 899 1772 Flor.
924 1738 957 1771 1.
992 1737 1103 1771 Paris.
1128 1737 1162 1772 b.
1187 1748 1218 1772 z.
1251 1740 1286 1769 et
1308 1735 1383 1768 Vat.
1409 1735 1451 1770 A.
1482 1733 1529 1766 cf.

134 1799 180 1833 nd
203 1810 232 1832 c.
251 1799 344 1841 XIV,
371 1798 427 1832 ll.
474 1798 588 1832 Ceteri
612 1798 818 1843 plerumque
843 1799 995 1838 hisdem,
1021 1799 1081 1831 vel
1107 1798 1228 1831 iisdem
1252 1801 1313 1829 aut
1336 1796 1531 1830 eisdem.—

136 1861 309 1905 Supplicis
342 1860 412 1894 huc
442 1859 685 1894 terminatione
716 1860 848 1905 legitur
879 1860 915 1893 in
939 1858 1051 1893 Paris.
1078 1870 1132 1899 z.;
1168 1857 1398 1891 confirmatur
1421 1856 1529 1890 etiam

133 1934 186 1963 eo,
211 1922 303 1966 quod
327 1921 363 1955 in
397 1922 478 1955 Ven.
505 1923 537 1955 l.
568 1925 622 1955 est
648 1922 820 1965 supplicii,
839 1921 876 1955 in
902 1922 998 1954 flor.
1023 1920 1057 1953 1.
1080 1918 1271 1962 suppliciis.
1295 1937 1340 1943 —
1367 1918 1530 1960 Modicus,

131 1984 155 2018 i.
181 1995 211 2018 e.
236 1983 430 2024 modestum
463 1993 498 2016 v·
533 1982 578 2016 ad
605 1993 636 2016 c.
669 1983 761 2025 CXI,
786 1984 876 2017 1.—
893 1982 1025 2016 Deinde
1049 1981 1155 2025 longe
1189 1978 1334 2024 plurimi
1357 1978 1438 2012 libri
1462 1978 1529 2012 ha-

133 2045 240 2085 bent3
275 2044 416 2078 Cottius
450 2055 492 2077 ex
517 2043 700 2077 duodecim
726 2044 827 2078 codd.
858 2043 953 2077 dedit
987 2043 1129 2083 dehinc,
1165 2039 1377 2075 Gerlachius
1399 2051 1441 2073 ex
1465 2038 1529 2073 tri-

130 2107 198 2140 bus
222 2107 327 2146 dcin‚·
358 2116 392 2138 v.
425 2105 470 2138 ad
495 2105 535 2145 V,
560 2104 594 2140 6.
625 2124 664 2129 -
699 2105 766 2139 Per
789 2105 973 2151 ignaviam
1000 2109 1031 2138 et
1056 2103 1253 2147 superbiam
1277 2100 1528 2134 illustravimus

131 2167 176 2201 ud
211 2167 288 2201 Cat.
322 2178 353 2200 c.
379 2167 465 2209 XX,
490 2167 524 2201 2.
561 2179 597 2211 p.
622 2165 681 2201 97.
704 2185 749 2191 ——
778 2167 906 2201 Contra
941 2178 984 2201 ea
1016 2176 1085 2198 non
1114 2164 1227 2197 solum
1261 2161 1433 2206 plurimi,
1466 2161 1527 2194 scd

131 2228 238 2262 etium
263 2227 389 2272 optimi
412 2228 495 2262 libri
518 2233 647 2269 tenent,
672 2231 710 2261 ut
734 2222 1014 2262 Commelflx'az.
1037 2226 1121 2259 Bas.
1147 2225 1176 2260 L
1197 2223 1305 2259 Febr.
1330 2221 1362 2256 1.
1387 2222 1469 2256 Sen.
1489 2222 1523 2255 1.

131 2289 244 2323 Paris.
269 2290 304 2323 b.
330 2301 360 2323 c.
388 2300 420 2323 x.
446 2300 488 2330 z.,
526 2288 598 2322 alii.
657 2289 775 2323 Minor
808 2299 888 2333 pars
920 2300 963 2322 ea
995 2298 1064 2320 non
1094 2286 1221 2328 habet,
1258 2296 1365 2328 quam
1404 2294 1525 2317 vocem

130 2355 251 2385 contra
276 2350 524 2395 praepositioni
549 2349 705 2384 additam
730 2350 804 2384 iam
830 2350 1010 2395 tetigimus
1043 2348 1086 2382 ad
1112 2359 1142 2380 c.
1168 2347 1271 2386 uu,
1296 2345 1329 2380 5.
1356 2346 1457 2379 Caes.
1480 2345 1524 2380 Β.

130 2412 205 2447 civ.
228 2413 289 2453 111,
313 2411 370 2453 74,
396 2412 431 2447 3.
484 2411 661 2445 Contra
691 2423 744 2445 ea
778 2412 909 2445 Caesar
940 2423 1007 2444 non
1030 2409 1118 2443 satis
1141 2408 1308 2442 militibus
1328 2406 1523 2451 perterritis

130 2474 335 2517 confidebat·
384 2472 480 2507 Male
515 2478 632 2506 autem
668 2472 825 2516 plerique
865 2481 985 2505 omnes
1015 2470 1167 2504 editores
1205 2469 1314 2502 verba
1345 2468 1406 2504 sed
1437 2466 1523 2501 mitta·

130 2540 251 2568 eontra
288 2546 331 2568 ea
364 2535 504 2568 videtur
533 2535 731 2567 clausulam
764 2533 897 2567 faciunt
929 2542 1155 2577 praegressae
1178 2530 1396 2569 sententiae,
1417 2527 1521 2562 semi-

132 2596 212 2629 colo
237 2600 313 2638 post
339 2607 469 2641 agere,
504 2601 629 2639 puncto
655 2600 731 2638 post
754 2596 892 2629 videtur
916 2595 1040 2639 posito.
1087 2593 1189 2637 Quod
1213 2593 1340 2626 fulsum
1365 2601 1440 2625 esee
1462 2602 1519 2624 nr-

131 2656 209 2701 guit
232 2661 408 2691 structum
439 2656 615 2700 sequentis
643 2655 917 2697 cnunciationin,
949 2667 1012 2699 per
1043 2653 1322 2690 ἀνακολουθίαν
1345 2651 1519 2695 quandum

133 2728 175 2751 cx
199 2717 255 2752 hi·
287 2717 404 2751 verbis
437 2722 553 2762 aptae.
598 2718 690 2753 Nam
720 2729 827 2761 quum
855 2718 979 2760 duplex
1014 2716 1295 2751 emmciutionum
1329 2713 1420 2748 ratio
1445 2724 1519 2747 esse

132 2782 268 2822 posset,
293 2778 343 2813 ita
365 2783 404 2813 ut
427 2783 488 2814 aut
511 2784 631 2813 contra
656 2790 700 2813 ea
735 2779 872 2813 videtur
895 2769 1034 2823 plenum
1061 2776 1299 2821 praedio-tum
1324 2774 1437 2816 foret,
1460 2773 1518 2808 eui
