1630 3034
427 155 782 200 IUGURTHA.
823 157 948 200 CAP.
982 156 1215 200 XXXVII.
1436 159 1521 200 213

142 274 236 320 Sed
268 280 506 334 postquam
537 273 710 332 dilapso
748 249 952 333 tempore
993 274 1267 317 comitiorum
1306 272 1400 316 dies
1436 268 1557 315 ad·4

142 372 365 430 ventabat,
400 370 586 414 Albinus
616 369 734 413 Aulo
766 369 904 413 fratre
932 371 1156 414 in‘castris
1192 385 1277 430 pro
1311 375 1520 428 praetore

141 468 296 512 relicto
333 468 526 512 Romam
565 466 767 512 decessit.

277 563 507 609 XXXVH.
585 562 656 605 Ea
699 567 965 621 tempestate
1008 562 1185 605 Romae
1230 561 1518 606 seditionibus

141 659 378 703 tribuniciis
415 659 622 702 atrociter
651 659 906 718 respublica
935 658 1198 718 agitabatur.
1269 659 1319 705 P.
1347 659 1556 702 Lucul-fz

139 757 205 800 lus
236 762 280 799 et
306 756 360 802 L.
385 756 569 811 Annius,
606 755 769 798 tribuni
799 755 958 813 plebis,
993 754 1292 798 resistentibus
1320 755 1519 815 collegis,

142 852 397 896 continuare
427 852 732 912 magistratum
762 851 1022 908 nitebantur,
1059 866 1174 908 quae
1206 850 1417 894 dissensio
1446 857 1517 894 to-

80 999 84 1001 Δ
138 949 220 993 tius
266 948 366 991 anni
415 948 590 992 comitia
644 948 930 1007 impediebat.
1008 947 1077 990 Ea
1130 962 1255 990 mora
1297 947 1340 990 in
1387 948 1554 1005 spen13

139 1045 356 1089 adductus
393 1045 555 1099 Aulus,
604 1060 736 1103 quem
779 1059 864 1104 pro
899 1050 1109 1103 praetore
1145 1044 1189 1086 in
1225 1043 1375 1086 castris
1411 1043 1517 1086 reli-

138 1148 258 1185 ctum
288 1156 423 1200 supra
458 1140 659 1196 diximus,
687 1147 763 1183 aut
792 1139 1060 1184 conficiundi
1095 1139 1201 1182 belli
1238 1145 1312 1182 aut
1347 1145 1517 1182 terrore

138 1238 353 1280 exercitus
389 1237 446 1280 ab
477 1252 586 1296 rege
622 1237 839 1296 pecuniae
874 1236 1134 1295 capiundae,
1172 1237 1326 1280 milites
1363 1250 1515 1278 mense

136 1347 290 1382 traxisse.
340 1348 422 1381 Dolo
445 1347 558 1388 enim,
583 1347 675 1390 quod
700 1346 813 1381 obiter
835 1357 1034 1387 monemus,
1059 1358 1126 1380 non
1150 1346 1192 1379 de
1216 1345 1350 1380 insidiis
1374 1343 1515 1388 capien-

136 1410 232 1451 dum,
254 1407 380 1451 quibus
404 1408 471 1441 dux
494 1409 674 1441 Romanus
699 1407 887 1440 Numidam
909 1419 1035 1451 capere
1056 1407 1224 1448 studeret,
1249 1406 1308 1440 sed
1332 1406 1375 1438 de
1397 1404 1515 1448 pravis

136 1468 308 1508 consiliis,
343 1473 466 1502 contra
499 1469 631 1502 bonum
660 1467 839 1511 publicum
873 1479 951 1500 cum
983 1479 1066 1512 rege
1099 1468 1143 1501 ad
1173 1466 1247 1501 eius
1271 1465 1513 1509 impunitatem

135 1528 228 1562 clam
253 1527 356 1561 initis.
405 1529 489 1562 Dolo
513 1528 621 1573 igitur
643 1528 849 1572 praegnanti
877 1540 979 1562 sensu
1003 1534 1054 1562 est
1078 1529 1154 1562 dolo
1178 1528 1292 1568 malo,
1317 1526 1339 1560 i.
1366 1538 1395 1559 e.
1422 1527 1512 1559 malo

136 1589 264 1631 animo,
286 1589 444 1633 maligna
469 1593 592 1622 mente.
617 1588 663 1623 cf.
688 1588 759 1622 Cic.
786 1589 876 1632 Top.
903 1601 933 1621 c.
957 1588 992 1630 9,
1017 1589 1073 1622 -10,
1126 1589 1261 1622 Dolus
1282 1587 1426 1620 malus
1450 1591 1512 1627 cst,

134 1662 239 1695 quum
271 1650 369 1683 aliud
399 1650 539 1694 agitur,
574 1649 671 1682 aliud
703 1650 906 1692 simulatur,
939 1650 1029 1682 unde
1061 1653 1154 1692 patet
1184 1652 1302 1682 nostro
1334 1648 1411 1680 loco
1442 1647 1512 1680 doli

133 1710 310 1744 notionem
332 1709 403 1743 iam
426 1709 660 1753 significatam
684 1721 757 1743 esse
780 1709 896 1743 verbis
919 1710 1013 1744 haud
1036 1711 1198 1755 ignarum
1222 1720 1310 1742 cons.
1335 1708 1442 1752 regis.
1466 1726 1511 1731 —

134 1772 194 1804 Ex
217 1775 320 1804 tanta
340 1781 437 1814 prop.
463 1774 513 1803 est
532 1782 616 1814 pra
627 1774 811 1815 egressas
836 1773 937 1805 tanta‘
957 1782 1054 1815 prop.
1074 1775 1112 1804 ut
1134 1774 1227 1804 recte
1252 1769 1338 1802 vidit
1355 1767 1512 1808 Cortius;

133 1832 177 1864 cf.
202 1830 293 1864 infra
318 1842 346 1863 c.
370 1831 500 1872 LXIX,
526 1831 560 1864 3.
600 1831 776 1875 Vagenses
809 1832 947 1865 biduum
982 1833 1080 1865 modo
1115 1843 1161 1864 ex
1194 1829 1343 1874 perfidia
1377 1827 1511 1862 laetati.

132 1891 176 1925 ad
201 1891 276 1924 Cat.
299 1890 357 1931 lv,
382 1890 417 1925 1.
443 1889 560 1924 Daris.
585 1891 628 1923 ad
653 1891 750 1925 Caes.
768 1893 808 1925 Β.
827 1893 864 1925 C.
890 1893 917 1934 1,
942 1892 999 1933 70,
1022 1892 1056 1926 3.
1081 1892 1190 1925 Plura
1217 1887 1389 1933 congessit
1413 1888 1512 1920 Han-

133 1952 211 1985 dius
234 1951 276 1984 de
298 1950 445 1984 Particc.
471 1950 560 1984 Latt.
585 1951 661 1983 vol.
687 1953 728 1985 ll.
753 1964 786 1995 p.
811 1953 891 1985 (546.
915 1955 948 1994 ἓ.
975 1951 1007 1985 5.
1032 1971 1078 1975 —
1114 1952 1277 1985 'Tu-actum
1303 1950 1426 1982 bellum
1451 1959 1509 1980 ex-

135 2011 214 2054 plic.
235 2011 280 2044 ad
304 2011 501 2052 LXXXIII,
529 2010 564 2044 3.
590 2031 636 2036 —-
668 2012 719 2043 De
741 2018 923 2056 postquam
946 2023 1024 2044 cum
1050 2010 1187 2053 imperf.
1211 2009 1327 2042 iuncto
1353 2020 1384 2041 v.
1410 2007 1453 2041 ad
1479 2020 1508 2041 c.

134 2071 231 2112 XIII,
255 2070 289 2105 ὖ.
324 2082 356 2113 p.
380 2070 438 2103 68.
472 2090 515 2094 -—
551 2070 616 2102 Pro
638 2076 800 2113 praetore
824 2072 998 2114 quomodo
1024 2071 1286 2114 intelligendum
1311 2069 1355 2103 sit
1379 2069 1509 2102 dictum

135 2131 180 2165 ad
203 2142 232 2164 c.
257 2131 352 2170 cul,
377 2130 410 2163 4.
444 2150 488 2155 —-
527 2131 679 2165 Decessit
704 2131 788 2164 satis
812 2132 912 2165 multi
935 2132 1031 2165 codd.
1058 2132 1244 2174 praebent3
1279 2129 1314 2162 in
1346 2129 1426 2163 aliis
1459 2133 1510 2163 est.

134 2191 275 2225 recessit
296 2190 352 2223 vel
375 2190 508 2224 secessit
517 2202 530 2230 ,·
553 2190 615 2224 alii
639 2191 787 2234 denique
811 2193 964 2226 discessit
987 2192 1160 2234 exhibent,
1187 2193 1349 2223 consueta
1372 2200 1511 2233 permu-

134 2251 273 2286 tatione.
321 2251 412 2295 Quid
442 2251 572 2284 horum
603 2261 727 2285 verum
759 2251 823 2293 sit,
856 2251 962 2286 facile
993 2257 1105 2296 potest
1129 2263 1169 2284 ex
1202 2250 1264 2291 iis,
1298 2260 1388 2293 quae
1411 2249 1453 2282 ad
1481 2261 1509 2282 c.

135 2314 225 2355 XX,
251 2312 283 2346 l.
318 2312 487 2353 diximus,
522 2311 680 2355 intelligi.
730 2312 865 2345 Tamen
899 2319 1020 2346 conti-a.
1052 2323 1152 2345 usum
1184 2315 1360 2353 receptum
1392 2313 1511 2343 auctor

134 2374 203 2407 hoc
225 2373 370 2405 verbum
394 2383 474 2405 cum
499 2371 695 2406 accusativo
713 2373 906 2414 coniunxit3
931 2373 989 2406 sed
1006 2371 1142 2405 Curtius
1159 2371 1246 2404 bene
1264 2370 1349 2404 vidit
1366 2370 1509 2403 Romam

137 2434 279 2467 decessit
302 2432 475 2466 brevitate
498 2432 626 2477 insigni
649 2432 779 2466 dictum
803 2444 877 2466 esse
900 2444 983 2477 pro:
1023 2432 1270 2476 provincia
1302 2431 1445 2464 decessit
1479 2434 1511 2463 et

138 2496 284 2528 Romam
313 2505 356 2527 se
391 2493 595 2535 contulit,
631 2493 727 2526 cuius
751 2493 886 2527 dicendi
908 2492 1045 2538 generis
1068 2491 1199 2526 similia
1222 2490 1381 2533 exempla
1403 2488 1512 2522 habes

139 2567 169 2588 c.
196 2555 292 2594 XLI,
316 2553 350 2587 2.
376 2560 410 2588 et
433 2554 534 2594 LIX,
556 2553 590 2586 1.
616 2554 676 2587 ubi
694 2565 729 2587 v.

229 2614 400 2647 xxxvll.
433 2618 465 2657 ἓ.
490 2614 523 2647 2.
571 2615 711 2647 comitia
737 2614 962 2659 impediebat]
987 2614 1039 2646 De
1062 2611 1278 2646 tribunorum
1302 2610 1414 2655 plebis
1438 2608 1514 2642 iure

139 2675 379 2708 intercedendo
403 2673 546 2708 comitia
570 2673 799 2718 impediendi,
829 2685 897 2717 qno
921 2673 997 2706 iure
1020 2672 1207 2706 exercendo
1231 2670 1348 2705 omnia
1372 2669 1516 2703 consilia

141 2733 244 2769 irrita
274 2733 415 2769 reddere
446 2737 626 2779 poterant,
657 2740 817 2769 accurate
848 2732 922 2777 egit
951 2731 1054 2765 Ferd.
1077 2731 1262 2765 Schulzius
1291 2730 1326 2764 in
1355 2730 1445 2764 libro
1475 2729 1517 2761 de
