1630 3034
419 138 780 184 IUGURTHA.
839 141 1237 205 CARLXXXIV.
1392 180 1393 183 ,
1428 151 1513 190 439

96 268 101 269 ’
131 258 333 317 cognitos
378 257 549 314 accire,
595 264 640 302 et
675 256 916 301 ambiundo
950 271 1115 317 cogere
1148 257 1349 305 homines
1385 276 1510 307 eme-

126 354 215 397 ritis
259 353 487 413 stipendiis
535 369 686 398 secum
723 353 963 413 proficisci.
1033 354 1193 412 Neque
1223 355 1283 400 illi
1319 362 1547 414 senatus-‚3

59 506 64 509 Π
126 465 399 508 quamquam
446 450 658 494 advorsus
704 456 821 506 erat,
868 449 926 493 de
971 450 1061 493 ullo
1098 453 1280 510 negotio
1312 454 1506 500 abnuere

122 546 341 600 audebat3
379 553 576 590 ceterum
614 542 976 606 supplementum
1013 547 1143 590 etiam
1175 548 1314 593 laetus
1345 550 1506 596 decre-

120 649 266 699 verat,
304 640 407 702 quia
443 659 588 702 neque
614 643 741 703 plebi
769 643 920 686 militia
949 643 1114 687 volenti
1148 646 1412 704 putabatur,
1460 656 1505 692 et

115 788 230 834 panda
260 786 460 831 compositis
485 796 706 821 commovere
739 798 799 821 eos
829 790 935 830 atque
966 786 1168 831 impellere,
1191 792 1230 823 ut
1252 801 1370 825 secum
1394 793 1504 837 profi-

115 850 334 884 ciscerentur.
382 848 437 881 De
459 847 526 880 hoc
545 846 646 880 verbi
671 848 802 881 ambire
826 852 924 881 extra
946 843 1120 883 honorum
1143 849 1344 893 petitionem
1368 862 1434 886 usu
1455 852 1502 887 cf.

115 924 147 947 c.
170 909 265 951 XIII,
292 909 328 943 7.
351 908 443 949 XIV,
467 907 526 940 2⁰.
551 907 824 945 Terent-Andr.
847 909 892 950 11,
916 908 949 950 2,
972 906 1030 941 36.
1056 908 1116 942 ubi
1141 921 1173 943 v.
1196 911 1383 946 Ruhnken.

204 971 239 1015 §.
262 969 296 1004 3.
343 969 387 1003 de
410 969 479 1002 ullo
504 969 645 1013 negotio
669 970 843 1014 abnuere]
877 970 947 1003 Pro
972 970 1124 1004 abnuere-
1148 970 1283 1015 aliquot
1306 973 1415 1015 codd„
1439 963 1500 1007 ¹102

111 1044 179 1078 que
202 1031 229 1066 ii
264 1029 419 1075 insignes
434 1057 443 1072 ,
468 1029 603 1063 habent
625 1041 779 1076 negare,
813 1041 903 1074 quae
925 1024 1045 1073 aperfe
1067 1030 1186 1075 glossa
1210 1037 1274 1067 est.
1321 1033 1414 1078 Quid
1436 1045 1500 1069 an-

110 1100 182 1129 tem
214 1090 352 1126 intersit
381 1089 471 1124 inter
503 1089 741 1125 accusativum
776 1089 925 1131 obiecti,
958 1090 1018 1134 qui
1050 1102 1133 1125 sane
1163 1096 1299 1135 poterat
1331 1095 1432 1139 poni,
1465 1098 1500 1130 et

108 1157 199 1190 inter
231 1155 275 1188 de
306 1150 620 1197 praepositionem,
654 1151 753 1185 cuius
784 1162 849 1194 ope
872 1161 975 1194 saepe
995 1151 1122 1185 obiecti
1147 1151 1237 1187 ratio
1263 1153 1517 1199 significatur„

108 1217 194 1252 scite
224 1215 342 1250 docuit
371 1211 573 1257 Herzogius
605 1212 651 1246 ad
682 1212 785 1246 Catil.
808 1212 879 1252 111,
903 1211 938 1245 2,
969 1224 1003 1255 p.
1028 1212 1084 1246 17.
1133 1212 1276 1248 Scilicet
1301 1216 1345 1249 de
1368 1215 1496 1260 posito,

107 1274 282 1309 obiectum
303 1283 373 1307 non
401 1284 466 1317 pro
491 1285 563 1307 una
587 1285 626 1308 re
652 1277 724 1315 est,
758 1284 863 1316 qnam
887 1272 1127 1315 praedicatum
1151 1277 1261 1307 totam
1286 1276 1498 1319 complecta·

104 1339 182 1376 tur,
211 1334 272 1368 sed
304 1334 445 1369 notione
468 1334 568 1378 quasi
591 1335 732 1368 diducta
764 1337 800 1367 et
829 1332 865 1366 in
897 1339 1011 1377 partes
1034 1334 1149 1368 soluta
1172 1334 1390 1370 indefinitum
1414 1348 1495 1380 pro-

102 1395 264 1440 ponitur,
300 1394 354 1429 ita
377 1400 416 1431 ut
454 1408 496 1430 ex
528 1396 710 1436 omnibus,
744 1405 969 1438 quaecunque
1001 1394 1043 1428 ad
1070 1395 1108 1451 i‘i
1129 1396 1318 1438 pertinent,
1355 1396 1494 1441 singula

104 1457 230 1501 cuique
250 1455 464 1500 cogitatione
488 1456 730 1501 amplectenda
754 1454 1012 1503 permittantur.
1037 1456 1083 1489 cf.
1110 1456 1212 1489 Catil.
1238 1458 1350 1499 XXX,
1374 1458 1407 1492 6.
1453 1459 1495 1493 St‘

102 1519 162 1563 qui
191 1517 417 1552 indicavisset
450 1518 502 1552 de
542 1517 889 1552 coniuratione.
921 1515 970 1550 ib.
1000 1529 1029 1550 c.
1055 1517 1209 1560 XLVHI,
1233 1517 1266 1551 4.
1291 1519 1370 1562 Ing.
1398 1519 1494 1560 xm,

101 1579 136 1614 3.
172 1579 240 1621 Qui
261 1583 423 1612 senatum
447 1579 610 1612 docerent
637 1579 688 1612 de
714 1577 862 1611 caede
894 1577 1033 1619 fratris.
1059 1578 1202 1620 XXVII,
1227 1578 1259 1612 4.
1312 1579 1416 1613 Cuius
1440 1580 1491 1614 de

100 1645 269 1674 natura
302 1650 409 1683 supra
432 1639 707 1672 memoravimus.
738 1636 901 1679 LXXIII,
927 1637 960 1670 1.
1014 1638 1081 1670 Ubi
1115 1639 1168 1672 cle
1210 1651 1322 1673 casu
1359 1641 1490 1674 Bomil-

100 1702 191 1736 caris
215 1700 385 1745 cognovit.
410 1699 592 1740 LXXXII,
615 1700 648 1734 1.
674 1697 880 1738 LXXXVII,
905 1695 939 1729 4.
964 1698 1100 1740 XCVII,
1127 1698 1162 1732 4.

189 1761 272 1806 quia
303 1771 414 1805 neque
445 1761 538 1804 plebi
569 1760 696 1793 militia
730 1759 858 1792 volenti
887 1759 1106 1803 putabatur]
1141 1760 1244 1793 Hane
1266 1759 1486 1803 scripturam,

95 1833 200 1867 qnam
224 1822 261 1856 in
283 1831 413 1866 magna
437 1820 596 1854 codicum
620 1819 849 1854 inconstantia
879 1824 990 1853 tutam
1014 1824 1169 1863 praestat
1193 1820 1362 1854 Prisciani
1389 1822 1487 1854 testi-

95 1882 253 1916 monium
277 1882 400 1922 xx‘m,
424 1881 482 1922 20,
508 1881 590 1917 169.
623 1893 656 1925 p.
682 1881 763 1916 181.
796 1880 848 1915 ed.
872 1880 949 1920 Kr‚
982 1880 1189 1914 confirmant
1212 1881 1319 1915 etiam
1344 1882 1483 1915 Fabric.

95 1944 126 1975 L
153 1942 229 1976 Vin.
252 1943 286 1976 1.
313 1942 409 1975 Vrat.
435 1943 468 1974 1.
503 1943 620 1975 Guelf.
646 1942 679 1975 1.
703 1941 737 1973 2.
762 1940 795 1974 7.
831 1940 928 1973 Leid.
952 1940 997 1972 K.
1024 1941 1073 1973 M.
1108 1940 1218 1974 Paris.
1242 1953 1272 1975 z.
1321 1941 1390 1974 Alii
1418 1942 1481 1974 ha-

95 2000 177 2033 bent
200 2011 233 2044 q.
260 2011 296 2033 n.
319 2001 458 2044 plebe
481 2003 606 2036 militia
638 2002 828 2034 volente
852 2011 911 2044 p.;
935 2000 998 2034 alii
1022 2013 1053 2045 q.
1077 2013 1111 2034 n.
1136 2001 1230 2045 plebi
1265 2002 1482 2036 militiam

94 2061 228 2094 volenti
248 2071 306 2104 p.;
343 2061 406 2095 alii
441 2074 472 2106 q.
497 2074 532 2096 n.
560 2062 696 2105 plebe
731 2061 859 2094 militia
892 2061 1022 2094 volenti
1052 2073 1110 2104 p.‚·
1143 2061 1206 2095 alii
1238 2073 1269 2105 q.
1294 2073 1329 2095 π,
1352 2062 1482 2105 plebe

93 2122 222 2155 militia
246 2121 432 2155 nolente
454 2132 517 2165 μς
550 2121 612 2155 alii
646 2134 678 2166 q.
705 2134 738 2154 n.
760 2122 868 2166 plebe
900 2122 1078 2155 militium
1103 2123 1293 2156 nolente
1327 2133 1386 2166 p.‚·
1417 2121 1481 2156 alii

92 2182 240 2226 denique
280 2194 313 2226 q.
345 2193 381 2215 n.
412 2183 520 2227 plebe
564 2183 741 2216 militiam
781 2183 928 2216 volente
968 2193 1023 2227 μ,
1057 2194 1146 2226 quae
1176 2187 1319 2226 peccata
1352 2182 1472 2216 omnia

90 2247 264 2278 structura
288 2243 408 2286 paullo
431 2242 635 2277 insolentior
656 2243 788 2288 genuit.
835 2244 950 2287 Quam
974 2243 1017 2276 acl
1043 2243 1258 2276 Graecorum
1281 2243 1477 2286 exemplum

90 2303 277 2338 instituisse
311 2303 520 2337 Sallustium
557 2309 591 2337 et
622 2303 778 2350 plerique
801 2303 951 2337 editores
974 2303 1155 2344 viderunt,
1187 2308 1220 2337 et
1245 2303 1378 2346 primus
1401 2306 1477 2337 nio-

90 2364 166 2398 nuit
199 2363 400 2398 Priscianus
422 2365 448 2398 l.
483 2365 506 2399 I.
533 2365 739 2399 auctoritate
769 2376 852 2398 usus
887 2364 1134 2398 Demosthenis
1164 2375 1196 2407 p.
1230 2365 1309 2398 Cor.
1336 2376 1370 2408 p.
1393 2363 1473 2398 229.

89 2426 145 2459 ed.
169 2424 288 2459 Reisk.
337 2427 412 2471 Τῆς
435 2422 475 2461 δὲ
499 2427 683 2470 πομπείας
705 2424 844 2470 ταύτης
868 2421 1043 2469 ὕστερον,
1073 2421 1128 2459 ἂν
1151 2424 1476 2469 βουλομένοις

90 2483 117 2531 ᾗ
146 2483 346 2526 τούτοις
386 2483 610 2528 ἀκούειν,
651 2484 926 2531 μνησθήσομαι.
965 2485 1010 2517 cf.
1051 2485 1215 2529 Thucyd.
1248 2486 1300 2528 II,
1333 2485 1369 2520 3.
1412 2487 1472 2535 τΙῷ

88 2544 266 2590 πλήθει
298 2547 373 2580 τῶν
411 2546 628 2583 Πλαταιέων
661 2545 718 2584 ου’
754 2544 1030 2590 βουλομένῳ
1069 2540 1126 2591 ἧν
1165 2547 1239 2580 τῶν
1267 2544 1473 2591 Ἀθηναίων

89 2603 334 2650 ἀφίστασθαι.
358 2607 439 2650 ΠΙ,
470 2606 531 2642 35.
590 2608 637 2643 Οὶ
670 2608 932 2653 Κροτωνιᾶται
962 2604 1070 2642 εἶπον
1102 2604 1188 2643 οὐκ
1228 2602 1285 2643 ἂν
1329 2607 1472 2652 σφίσι

90 2666 423 2712 βουλομένοις
466 2665 598 2703 εἶναι
640 2667 706 2705 διὰ
733 2669 799 2713 τῆς
828 2671 895 2712 γῆς
928 2668 1035 2712 σφῶν
1067 2666 1133 2704 τὸν
1167 2668 1326 2713 στρατόν
1361 2667 1469 2704 ἰέναι.

89 2726 234 2774 Diony..
256 2729 376 2765 Halic-
400 2730 460 2772 IV,
489 2729 544 2764 11.
587 2731 638 2766 El
668 2726 785 2775 ὑμῖν
816 2730 935 2766 ταῦτα
968 2729 1293 2776 βουλομένοις
1326 2727 1472 2765 ἐστίν.
