1630 3034
433 118 797 162 IUGURTHA.
858 120 987 165 CAP.
1019 122 1105 164 CII.
1366 128 1449 168 551

65 236 276 295 quoniam
311 235 604 280 humanarum
653 251 801 280 rerum
835 236 1033 282 Fortuna
1066 239 1284 298 pleraque
1319 241 1488 302 regit,9

64 334 135 378 cui
174 333 339 377 scilicet
372 334 592 393 placuisse
637 338 681 377 te
730 340 774 377 et
819 334 907 378 vim
943 341 996 383 ,et
1025 337 1216 395 gratiam
1251 328 1446 382 nostram

63 430 268 491 experiri,
303 446 433 488 nunc,
475 430 657 489 quando
696 446 782 490 per
816 432 937 475 illam
975 433 1090 489 licet,
1126 433 1286 478 festina
1313 441 1448 494 atque

60 599 150 628 rum,
173 585 232 630 qui
257 585 427 620 nescirent
449 596 490 618 ex
513 586 641 619 scilicet
664 586 899 620 accusativum
925 599 954 620 c.
977 586 1072 621 infin.
1097 589 1246 632 pendere
1268 601 1381 633 posse,
1406 590 1449 624 de

60 660 127 692 qua
156 650 332 682 structura
367 657 398 680 V.
433 647 477 680 ad
510 658 540 680 c.
576 647 634 687 lv,
668 646 702 681 6.
736 659 770 691 p.
798 647 855 683 21.
880 648 925 681 cf.
950 648 1043 682 infra
1067 660 1095 682 e.
1121 650 1241 693 CXlll,
1265 651 1299 685 3.
1350 652 1449 694 Quae

59 710 248 744 scilicet
281 726 328 734 —
359 707 494 741 occulta
522 708 672 751 pectoris
710 709 1018 752 patefecisse.
1051 710 1196 754 Fragm.
1237 711 1388 746 Historr.
1421 713 1448 755 1,

56 771 113 813 19,
135 768 170 804 5.
221 771 269 805 At
292 768 472 803 scilicet
498 778 555 801 eos
577 787 624 792 —
655 768 813 811 gratiam
846 767 890 800 ab
927 780 965 802 eo
997 772 1259 814 peperisse.
1318 774 1356 807 ln
1379 774 1448 808 hac

56 835 231 866 structura
255 834 371 865 autem
396 828 523 862 scilicet
547 827 643 862 valet
665 828 702 861 in
726 828 843 872 aprico
867 834 930 871 est,
957 832 1086 876 negari
1115 833 1246 877 nequit,
1271 835 1446 876 elucet,-

55 904 90 929 τ’.
117 893 205 938 Aug.
233 889 452 926 Grotefendii
486 889 647 925 Gramm.
678 889 754 924 Lat.
787 890 897 933 ampl.
932 891 1007 924 Vol.
1040 893 1082 926 11.
1116 896 1147 936 §.
1181 892 1263 927 131.
1297 906 1330 938 p.
1364 894 1443 929 10⁰.

54 954 186 988 Parum
207 951 461 1004 circumspecte
492 949 602 995 igitur
626 953 661 983 et
686 949 824 983 dicendi
848 962 948 984 usum
972 951 1174 997 ignorantes
1198 954 1327 998 Bipp.‚
1352 955 1445 989 Lan-

53 1015 155 1059 gius,
185 1014 400 1054 Muellerus,
436 1011 588 1045 lveisius
619 1010 800 1044 ediderunt
822 1012 977 1055 placuit,·
1009 1024 1122 1056 neque
1156 1014 1262 1048 facile
1285 1015 1445 1061 diserint,

53 1075 228 1119 quomodo
260 1085 304 1108 ex
335 1072 525 1107 indicativo
557 1071 635 1105 fieri
657 1070 810 1114 potuerit
831 1072 1033 1115 infinitivus,
1063 1085 1171 1117 quum
1194 1074 1332 1110 inversa
1355 1076 1444 1110 ratio

52 1147 112 1179 per
135 1146 173 1169 se
198 1135 276 1179 ipsa
300 1137 406 1178 patet.
433 1152 476 1158 --
505 1134 554 1166 Te
577 1136 656 1166 ante
679 1132 839 1176 experiri,
864 1134 954 1176 quod
980 1134 1137 1168 nonnulli
1160 1137 1259 1170 codd.
1285 1148 1353 1170 non
1377 1138 1444 1171 ha-

51 1197 145 1235 bent,
163 1195 307 1229 Cottius
331 1206 412 1228 cum
436 1205 567 1238 magna
595 1193 786 1227 sententiae
818 1193 1067 1237 depravatione
1101 1196 1237 1239 omisit,
1272 1197 1444 1240 siquidem

52 1257 201 1301 experiri
231 1255 305 1290 sine
338 1254 543 1300 pronomine
576 1254 774 1288 necessario
809 1254 854 1288 ad
891 1256 1085 1289 Fortunam
1125 1258 1346 1291 referendum
1379 1260 1441 1292 est.

51 1317 152 1362 Quod
197 1317 260 1351 ille
299 1317 393 1350 enim
425 1317 501 1350 vult
532 1321 568 1351 te
599 1314 769 1360 intelligi,
809 1315 845 1349 id
888 1326 949 1349 cur
980 1317 1076 1350 nullo
1110 1321 1212 1360 pacto
1235 1318 1313 1352 fieri
1336 1318 1444 1362 possit

51 1378 183 1423 patebit
216 1390 257 1412 ex
290 1380 444 1413 annotat.
476 1377 519 1410 ad
553 1376 654 1411 Catil.
684 1377 812 1418 XXXI,
841 1376 875 1411 7.
899 1389 934 1420 p.
960 1378 1040 1413 147.
1065 1382 1100 1412 et
1123 1379 1168 1413 ad
1190 1380 1268 1424 lug.
1288 1379 1382 1423 XIV,
1406 1377 1440 1413 3.

49 1452 81 1484 p.
107 1440 164 1474 73.
181 1459 225 1464 —
249 1440 320 1473 Pro
344 1438 483 1484 quando
508 1438 626 1480 aliqua
649 1449 728 1482 pars
754 1437 853 1471 codd.
877 1438 1018 1473 exhibet
1041 1440 1216 1484 quoniam,
1242 1439 1338 1473 haud
1361 1449 1444 1474 rara

47 1502 195 1536 istarum
217 1499 470 1544 particularum
494 1498 711 1532 confusione.
769 1498 848 1533 Non
877 1500 962 1534 satis
987 1504 1151 1534 accurate
1174 1503 1291 1534 tamen
1316 1500 1443 1533 Ruhn-

47 1562 169 1596 kenius
200 1561 243 1595 ad
277 1559 361 1594 Ter.
394 1560 499 1594 Andr.
530 1560 588 1602 IV,
618 1558 654 1600 5,
678 1559 735 1593 23.
760 1561 900 1603 quando
925 1560 1027 1604 plane
1051 1561 1143 1594 idem
1169 1571 1242 1593 esse
1264 1560 1361 1603 dicit,
1386 1565 1441 1594 at-

46 1635 115 1667 que
139 1623 320 1667 quoniam3
354 1621 483 1655 rectius
505 1621 546 1656 F.
570 1620 610 1654 A.
635 1619 804 1661 XVolfius,
837 1621 1021 1662 quum'ad
1054 1621 1150 1656 Suet.
1183 1622 1284 1655 Caes.
1317 1633 1349 1654 c.
1381 1619 1440 1661 28,

48 1684 135 1718 med.
160 1683 232 1716 vim
258 1681 452 1726 particulae
476 1693 555 1715 cum
581 1681 717 1715 Graeco
742 1678 869 1725 ἐπειδή
895 1686 1139 1726 comparasset,
1165 1682 1212 1716 ad
1227 1681 1344 1716 Taciti
1368 1682 1440 1716 Au-

45 1745 131 1778 nall.
155 1744 183 1785 1,
208 1741 265 1784 57,
289 1743 322 1777 1.
351 1744 537 1788 ,.quando,
560 1741 684 1785 inquit,
717 1752 785 1775 non
810 1742 962 1776 multum
985 1743 1103 1777 differt
1126 1754 1149 1777 a
1173 1742 1324 1778 caussali
1347 1742 1439 1786 quod

44 1817 106 1839 seu
130 1805 240 1849 quia,
274 1804 407 1838 latente
440 1804 593 1848 quadam
624 1803 884 1849 significatione
918 1808 999 1836 tem
1009 1804 1184 1847 poris.“
1230 1804 1284 1837 lta
1317 1806 1438 1836 autem

44 1866 238 1900 continetur
257 1868 406 1908 utraque
433 1864 504 1908 vis,
528 1868 567 1898 ut
591 1875 613 1898 a
636 1863 803 1907 temporis
829 1863 969 1897 notione
995 1864 1038 1897 ad
1063 1874 1205 1897 caussae
1228 1866 1437 1904 transeatur,

43 1925 215 1970 siquidem
240 1925 332 1968 quod
356 1929 451 1958 certo
479 1925 598 1968 aliquo
630 1928 786 1968 tempore
818 1924 874 1963 fit,
909 1935 972 1966 pro
1002 1934 1127 1957 caussa
1161 1924 1312 1957 habetur
1345 1923 1436 1956 alius

44 1987 96 2020 rei
119 1985 358 2019 instituendae.
407 1985 537 2019 Totum
562 1989 678 2018 tamen
702 1985 796 2018 hunc
821 1995 921 2017 usum
951 1983 1108 2017 Ciceroni
1132 1995 1272 2027 prorsus
1296 1983 1435 2018 abiudi-

44 2051 102 2081 cat
135 2047 200 2080 Ed.
233 2045 429 2079 quudcrus
464 2045 499 2079 in
523 2045 640 2080 Praef.
675 2045 718 2079 ad
755 2045 856 2078 Varr.
891 2044 1000 2078 Lectt.
1028 2055 1047 2077 e
1069 2045 1144 2078 cod.
1169 2045 1246 2078 Erf.
1276 2048 1434 2079 enotatas

42 2121 75 2153 p>
103 2108 232 2142 Lxxv
255 2119 341 2151 sqq.‚
373 2108 512 2151 quando
544 2107 674 2151 ubique
704 2118 747 2140 ex
776 2105 937 2150 quoniam
969 2108 1170 2148 corruptum
1203 2105 1432 2146 contendens3
1461 2107 1474 2126 '

42 2181 77 2203 v.
108 2169 260 2203 Ottonen
285 2168 330 2202 ad
355 2168 428 2201 Cic.
453 2168 495 2200 de
519 2167 618 2201 Finn.
643 2168 671 2209 1,
696 2166 730 2208 4,
755 2166 811 2200 10.
869 2165 970 2209 Apud
1003 2164 1186 2199 historicos
1219 2177 1303 2199 vero
1335 2165 1432 2198 haud

41 2241 121 2264 raro
145 2230 194 2263 ita
218 2229 369 2274 legitur3
393 2229 436 2261 cf.
464 2228 551 2261 Sall.
575 2228 652 2273 lug.
680 2229 763 2271 CX,
793 2227 827 2260 7.
880 2227 921 2259 ld
953 2227 1090 2268 omitto,
1126 2226 1302 2271 quando
1336 2225 1431 2259 vobis

41 2291 95 2323 ita
115 2291 243 2333 placet.
288 2289 433 2333 Fragm.
458 2288 608 2322 Historr.
637 2290 665 2331 1,
690 2288 747 2330 19,
771 2288 827 2322 16.
879 2287 1072 2329 Quando
1096 2288 1178 2321 talis
1201 2298 1254 2328 es,
1286 2297 1431 2319 maneas

42 2351 79 2383 in
110 2350 284 2384 sententia
316 2354 350 2383 te
382 2351 511 2383 hortor.
542 2349 588 2383 ib.
624 2350 692 2390 111,
723 2349 790 2390 ll,
825 2348 858 2381 6.
928 2348 1019 2389 Quid
1053 2349 1187 2391 proclia
1223 2358 1438 2389 enumerem,

42 2410 223 2455 quando
247 2420 301 2442 res
323 2410 402 2453 plus
425 2410 552 2450 valent,
578 2421 681 2453 quam
705 2408 840 2442 verba?
865 2408 955 2442 Livii
979 2409 1073 2442 locos
1097 2412 1151 2443 sat
1173 2409 1301 2442 multos
1323 2408 1430 2441 colle-

40 2471 95 2516 git
117 2469 384 2505 Drakenborch.
418 2470 461 2503 ad
497 2471 666 2513 xxxin,
691 2470 734 2510 2,
760 2470 794 2503 9.
819 2469 863 2503 ad
889 2471 1057 2511 XXXIX,
1080 2469 1147 2512 51,
1169 2469 1203 2503 9.
1228 2473 1262 2503 et
1286 2468 1330 2502 ad
1353 2468 1427 2508 XL,

41 2532 76 2571 9,
99 2531 133 2566 4.
156 2531 272 2565 Etiam
297 2529 424 2564 Tacito
450 2531 549 2565 valde
572 2535 625 2565 est
647 2529 835 2573 usitatum3
861 2530 905 2564 cf.
929 2530 1017 2564 Anu.
1042 2531 1071 2572 1,
1096 2529 1154 2572 44,
1179 2529 1212 2565 3.
1244 2529 1286 2570 11,
1309 2527 1367 2571 26,
1391 2528 1426 2562 3.

43 2591 104 2633 111,
130 2592 186 2633 18,
212 2593 245 2626 1.
280 2592 335 2631 lv,
359 2591 393 2625 6.
419 2591 452 2626 1.
490 2592 546 2633 IV,
570 2592 629 2634 64,
653 2592 685 2625 2.
720 2593 814 2632 xm,
838 2592 904 2632 12,
928 2591 962 2625 2.
995 2591 1077 2633 XV,
1103 2591 1168 2630 19,
1190 2590 1224 2623 3.
1271 2589 1425 2623 Eundem

43 2652 254 2695 particulam
278 2652 480 2687 coniectura
503 2653 752 2688 restituendam
775 2663 953 2687 censemus
975 2651 1113 2685 Annall.
1135 2651 1165 2692 Ι,
1187 2651 1245 2693 74,
1269 2649 1304 2686 4.
1344 2650 1425 2684 Per-

43 2718 153 2747 motus
176 2714 230 2748 Ιιίε
252 2704 475 2758 (Tiberius),
499 2713 764 2759 quandoque
786 2713 960 2747 incautius
983 2713 1189 2758 effervent,
1209 2711 1426 2756 poenitentia
