1630 3034
366 183 731 227 ·CA'1¹·1L1NA.
790 183 926 224 CAP.
957 183 1030 225 lx.
1135 224 1155 236 ,,
1338 187 1396 227 49

7 304 86 363 qui
121 296 276 348 contra
320 301 560 360 imperium
604 302 651 345 in
685 299 864 345 hostem
909 303 1247 360 pugnaverant,
1293 299 1395 358 qui-

8 393 324 454 que'tardiuS,
359 392 580 448 revocati,
629 391 752 436 bello
790 397 1090 453 excesserant,
1137 405 1273 448 quam
1317 389 1395 449 qui

6 486 136 546 signa
168 484 441 541 relinquere,
476 489 553 527 aut
586 482 706 542 pulsi
739 482 870 537 1000,
917 480 1081 528 cedere
1116 482 1210 525 ausi
1244 487 1394 533 erant}

5 577 53 621 in
86 589 203 635 pace
235 588 344 619 vero
379 573 505 632 quod
540 572 768 618 beneficiis
810 588 947 631 quam
992 579 1115 616 metu
1154 572 1437 631 imperium5

5 689 117 728 teres,
144 685 372 720 observarunt
393 683 567 729 Heusing.
592 685 637 719 ad
661 683 731 719 Off.
752 684 780 725 1,
797 682 854 717 20.
875 683 932 717 10.
967 682 1108 717 Curtius
1132 683 1176 716 ad
1200 683 1288 717 Sall.
1317 683 1396 718 Cat.

5 743 147 782 xxlll,
174 741 211 776 3.
247 746 282 776 et
314 742 374 786 qui
406 743 484 786 plus
519 746 656 777 centum
690 742 848 785 exempla
880 741 998 775 attulit
1030 741 1207 774 Drakenb.
1241 742 1285 774 ad
1319 741 1394 775 Liv.

3 798 35 843 I,
63 800 99 841 3,
125 799 160 833 9.
194 800 232 832 In
266 800 441 844 plerisque
475 799 560 833 locis
595 811 637 833 eo
671 800 778 833 etiam
811 799 945 842 aliquid
980 798 1209 832 excusationis
1242 803 1396 842 paratur,

3 857 98 901 quod
119 857 331 891 vocabulum
354 857 541 901 repetitum
575 861 637 891 aut
667 857 740 891 alia
764 857 879 890 forma
900 856 1069 899 recurrit,
1104 860 1166 890 aut
1190 855 1262 888 alia
1284 854 1397 899 signi-

3 915 180 955 ficatione,
202 914 254 948 uti
278 918 398 947 nostro
422 914 522 955 loc03
554 914 600 947 cf.
627 914 706 948 Car.
731 913 847 947 Beier.
873 914 918 947 ad
951 913 1024 948 off.
1042 914 1072 955 1,
1092 912 1151 954 39,
1173 912 1251 945 l-ll.
1277 916 1311 944 et
1335 910 1396 955 qui

3 971 163 1006 omnium
190 971 451 1005 accuratissime
475 975 509 1005 et
531 971 798 1015 prudentissime
820 971 864 1004 de
894 982 936 1004 ea
959 982 999 1004 re
1023 968 1229 1014 disputavit,
1255 969 1398 1003 Iahnius

3 1030 49 1063 ad
68 1030 168 1074 Virg.
192 1028 407 1069 Aen.1,315.
427 1034 461 1062 et
473 1028 607 1071 x‚465.
629 1033 816 1072 praecunte
832 1028 1047 1070 Weicherto‚
1074 1029 1118 1062 de
1135 1039 1239 1061 verse.
1260 1026 1397 1070 aliquot

2 1076 146 1131 Virgilii
177 1091 212 1121 et
246 1086 323 1119 Val.
359 1086 481 1119 Flacci
528 1086 658 1120 iniuria
689 1086 866 1130 suspectis.
896 1097 932 1130 p.
963 1086 1008 1120 97
1033 1097 1107 1129 sqq.
1166 1085 1253 1119 Yido
1287 1085 1396 1120 etiam

1 1144 187 1178 Bremium
211 1144 256 1177 ad
279 1143 367 1186 Nep.
386 1144 514 1176 Them.
537 1143 572 1184 3,
591 1143 625 1177 3.

97 1206 160 1235 ant
183 1201 275 1244 pulsi
299 1202 380 1241 loco,
405 1201 524 1234 cedere
547 1198 792 1245 αυεὲτῦίιηΐς]
829 1199 1143 1245 Interpunctionem
1166 1199 1395 1242 mutavimus,

5 1261 191 1300 commate,
217 1258 310 1300 quod
332 1257 444 1302 vulgo
467 1262 544 1301 post
565 1259 657 1302 pulsi
680 1258 830 1302 ponitur,
853 1262 932 1302 post
954 1259 1024 1291 loco
1048 1258 1259 1291 vocabulum
1282 1262 1396 1291 trans-

3 1315 130 1359 posito.
177 1316 309 1348 Auctor
331 1313 424 1347 enim
447 1325 516 1348 non
538 1315 694 1358 quuitur
718 1316 760 1349 de
784 1316 839 1356 iis,
864 1315 925 1359 qui
947 1315 1033 1348 victi
1057 1326 1098 1347 ex
1122 1314 1396 1362 pugnadisces-

4 1376 134 1415 serant,
157 1372 250 1416 qnod
273 1371 369 1404 haud
391 1371 498 1404 semel
532 1372 663 1406 factum
688 1376 784 1416 erat,
820 1373 949 1416 (neque
972 1376 1023 1406 est
1052 1372 1146 1405 enim
1168 1371 1204 1404 in
1228 1375 1397 1415 potestate

4 1429 103 1463 ducis
135 1434 198 1464 aut
230 1428 386 1462 militum
409 1439 546 1472 semper
577 1430 725 1464 invictos
759 1431 870 1474 esse‚)
915 1429 974 1463 sed
1005 1429 1048 1462 de
1079 1428 1227 1474 ignavia
1259 1440 1395 1471 eorum,

2 1485 63 1528 qui
96 1486 219 1528 pedem
252 1486 432 1519 retrahere
466 1487 544 1521 ausi
577 1491 696 1530 erant,
744 1499 852 1531 quum
898 1484 1013 1530 potius
1046 1485 1274 1520 resistendum
1306 1490 1394 1520 erut.

1 1543 136 1584 Quodsi
156 1543 341 1585 interdum,
362 1545 566 1578 necessitate
587 1549 744 1589 cogente,
762 1544 848 1588 pelli
868 1548 969 1587 turpe
984 1554 1052 1576 non
1076 1548 1140 1587 est,
1166 1543 1334 1587 seqnitur,
1358 1547 1398 1578 ut

1 1598 107 1632 ctiam
131 1599 202 1632 loco
227 1600 347 1634 cedere
378 1613 446 1635 non
471 1602 743 1647 ignominiosum
767 1607 802 1636 et
825 1600 1127 1636 animadversione
1150 1598 1297 1646 dignum
1321 1612 1396 1635 esse

0 1656 127 1700 possit3
169 1667 252 1690 nam
287 1658 349 1701 qui
381 1659 539 1703 pellitur,
576 1671 646 1693 non
676 1663 790 1703 potest
825 1660 942 1693 locum
974 1658 1142 1693 obtinete.
1199 1660 1247 1694 Ut
1276 1663 1396 1693 autem

0 1713 84 1757 peut·
105 1717 141 1747 et
164 1714 235 1747 loco
270 1716 392 1749 cedere
421 1717 542 1760 nequit
573 1717 750 1762 disiungi,
782 1717 834 1750 ita
858 1718 928 1750 loco
954 1717 1040 1760 pelli
1063 1719 1099 1750 et
1129 1716 1250 1750 cedere
1278 1716 1396 1751 neutia

0 1780 108 1814 quam
130 1771 222 1805 idem
247 1777 319 1814 est3
356 1773 403 1808 cf.
438 1774 515 1807 Liv.
543 1775 617 1815 Vll,
644 1773 678 1816 8,
708 1774 741 1813 ὃ,
774 1775 927 1818 primum
963 1774 1124 1819 gradu.
1151 1778 1394 1809 moverunt

0 1828 144 1870 hostem,
165 1830 289 1864 deinde
310 1833 602 1875 pepulerunt,
621 1837 794 1876 postremo
820 1833 891 1865 iam
916 1832 1012 1865 haud
1031 1831 1132 1864 dubie
1156 1842 1209 1864 av
1225 1835 1393 1866 ertunt.

0 1886 77 1930 lug.
99 1887 261 1931 Lxxiv,
289 1887 324 1923 3.
355 1890 460 1922 ceteri
502 1891 575 1922 eius
611 1901 728 1923 omnes
756 1891 883 1924 milites
922 1891 1035 1934 primo
1067 1899 1231 1922 concursu
1267 1887 1394 1933 puln'

0 1945 270 1989 fugatique.
328 1946 446 1980 Fortis
489 1946 599 1991 igitur
632 1946 755 1980 militis
791 1952 840 1980 est
878 1948 960 1980 Ioco
987 1946 1126 1990 pulsum
1158 1958 1227 1980 non
1258 1947 1394 1988 cedere,

0 2000 60 2034 sed
77 2000 226 2043 studere,
249 2005 288 2036 ut
312 2003 428 2037 locum
452 2004 612 2047 recipiat,
637 2005 731 2047 quod
749 2004 990 2038 tantummodo
1008 2003 1158 2048 ignavus
1181 2015 1251 2038 non
1275 2003 1393 2047 faciet,

0 2056 50 2091 ita
73 2063 112 2092 ut
135 2059 171 2091 in
195 2060 302 2093 talem
326 2061 403 2094 iure
426 2062 659 2095 animadverti
693 2061 824 2106 possit3
858 2062 918 2105 qui
942 2066 1059 2096 autem
1083 2061 1198 2105 gradu
1228 2062 1286 2094 vel
1316 2061 1395 2095 loco

0 2115 90 2158 pulsi
115 2127 183 2148 non
215 2118 418 2167 cessissent,
452 2119 578 2153 merito
611 2119 776 2164 ignaviae
808 2119 953 2152 crimine
983 2119 1167 2152 vacabant.
1224 2119 1278 2152 Ita.
1309 2119 1394 2153 satis

0 2172 141 2206 firmata
163 2172 306 2207 videtur
328 2175 477 2208 mutatio
501 2180 641 2217 nostra;
668 2178 738 2210 loco
762 2180 879 2209 autem
904 2187 1013 2219 aeque
1028 2187 1107 2208 cum
1128 2171 1223 2218 pelli,
1247 2185 1287 2208 ac
1311 2185 1393 2208 cum

0 2230 120 2263 cedere
144 2229 309 2275 conlungi
333 2233 457 2266 docent
493 2234 654 2277 exempla
678 2233 805 2266 Yelleii
827 2234 870 2274 11,
890 2233 924 2274 5,
946 2233 980 2265 2.
1007 2232 1082 2266 Liv.
1104 2232 1266 2273 XXXVI,
1284 2232 1341 2275 18,
1356 2232 1392 2268 6.

0 2286 120 2322 Senec.
147 2287 226 2321 Nat.
252 2289 393 2331 Quaest.
414 2290 459 2330 11,
487 2290 544 2323 27.
601 2290 789 2325 Praeterea
822 2290 1030 2330 notandum,
1068 2291 1177 2322 locum
1209 2301 1283 2324 esse
1306 2289 1330 2324 i.
1356 2302 1390 2334 q.

0 2357 97 2379 suum
122 2347 255 2389 locum,
282 2347 324 2379 de
348 2358 416 2389 qua
440 2348 476 2380 vi
501 2347 585 2381 dicit
611 2348 824 2382 Goerenzius
858 2348 902 2381 ad
927 2347 999 2381 Cic.
1025 2347 1067 2380 de
1090 2347 1189 2381 Finn·
1218 2347 1277 2390 IV,
1302 2349 1336 2388 l,
1355 2348 1391 2390 2,

0 2408 83 2436 extr.
130 2404 200 2437 Off.
220 2405 280 2446 111,
302 2403 336 2443 9,
358 2404 391 2436 2.
418 2416 522 2448 quum
545 2406 580 2438 in
614 2407 723 2438 locum
749 2406 914 2438 annulum
946 2406 1148 2449 inverterat.
1195 2405 1283 2439 Sall.
1308 2406 1390 2450 Ing.

0 2459 190 2502 xxxvffl,
210 2460 244 2494 3.
280 2461 388 2494 locum
430 2462 482 2494 uti
514 2463 720 2496 desererent.
778 2463 860 2504 LII,
889 2461 924 2497 4.
957 2462 1084 2496 amisso
1116 2463 1186 2496 loco
1212 2463 1390 2496 Numidae

0 2517 68 2558 fusi
85 2518 288 2561 fugatique.
317 2517 502 2551 Ruhnken.
527 2520 572 2553 ad
595 2520 678 2553 Ter.
702 2520 761 2562 IV,
790 2521 824 2562 1,
848 2519 906 2554 57.
952 2520 1063 2554 Plura
1087 2519 1184 2554 dabit
1207 2521 1392 2556 Walchius

0 2572 166 2607 Emendd.
185 2574 285 2608 Livv.
306 2586 339 2618 p.
369 2575 419 2608 22
440 2587 490 2619 sq.

68 2633 100 2673 §-
113 2630 148 2664 5.
162 2631 331 2675 beneficiis
342 2644 446 2676 quam
465 2631 580 2677 metu]
601 2632 709 2667 Multi
727 2633 823 2667 codd.
843 2633 975 2668 habent
994 2630 1104 2679 benef.
1123 2632 1271 2680 magis
1287 2644 1318 2679 q.
1331 2644 1389 2677 m.,

0 2687 59 2724 sed
82 2689 198 2734 magis
223 2699 293 2724 non
314 2689 450 2734 legitur
472 2690 510 2725 in
532 2690 653 2726 Leidd.
677 2691 723 2728 K.
747 2691 789 2726 L.
815 2691 936 2727 Colon.
959 2692 1071 2726 Palm.
1098 2692 1241 2727 Martin.
1266 2693 1390 2727 Pemb.

61 2748 101 2793 1.
1078 2751 1112 2795 4
