1630 3034
413 147 773 192 IUGURTHA.
835 150 966 193 CAP.
1011 150 1119 193 CIV.
1368 156 1452 197 567

77 264 287 311 Bocchus
323 280 461 325 quum
498 272 660 326 cetera,
691 273 785 312 tum
821 282 1027 312 maxume
1059 234 1377 328 benignitatem
1408 276 1452 314 et

75 363 272 407 studium
298 363 466 421 Sullae,
502 364 658 408 lubens
694 366 880 425 accepit.
900 404 910 409 ,
952 366 1128 409 Romae
1157 366 1314 426 legatis
1346 366 1488 422 eius,4

72 465 316 520 postquam
347 476 514 505 errasse
545 476 702 521 regem
731 468 776 506 et
801 461 1046 522 Iugurthae
1076 463 1244 506 scelere
1274 462 1450 522 lapsum

73 557 302 617 deprecati
351 564 474 612 sunt,
522 559 756 602 amicitiam
794 565 838 603 et
877 559 1036 604 foedus
1072 560 1326 618 petentibus
1360 559 1450 602 hoc

71 653 207 698 modo
261 654 581 714 respondetur:
638 655 827 700 Senatus
882 661 927 699 et
979 656 1175 716 populus
1220 656 1486 703 Romanus5

69 750 259 796 benefici
314 757 358 795 et
410 751 594 795 iniuriae
651 767 824 796 memor
877 767 974 797 esse
1028 752 1154 795 solet.
1240 751 1450 796 Ceterum

66 930 136 964 Pro
159 935 341 964 mutantur
363 930 550 967 Putschius
573 943 615 967 ex
639 933 840 967 coniectura
863 931 1002 976 scripsit
1025 936 1174 973 mutant,
1199 929 1291 974 quod
1313 929 1452 964 eortius

64 990 190 1034 cupide
212 992 394 1035 amplexus
420 996 484 1034 est,
510 1005 617 1036 quum
641 993 779 1028 Vratisl.
803 992 836 1027 3.
859 993 1091 1026 confirmetur.
1141 991 1210 1026 Sed
1239 1001 1450 1034 quamquam

5 1078 9 1081 .
63 1051 158 1084 huuc
180 1053 281 1086 verbi
304 1064 405 1086 usum
430 1054 675 1098 agnoscimus,
702 1066 736 1088 v.
761 1055 805 1088 ad
830 1065 859 1087 c.
886 1053 1058 1092 XXXIX,
1083 1052 1158 1095 10„
1190 1056 1307 1087 tamen
1331 1056 1451 1086 contra

64 1114 198 1146 tantum
222 1113 320 1146 codd.
347 1125 551 1148 consensum
575 1127 642 1149 non
666 1116 803 1149 videtur
825 1113 993 1148 Sallustio
1016 1114 1281 1148 obtrudendum.
1344 1126 1349 1133 s

97 1178 100 1180 ’
156 1175 189 1216 §-
223 1173 258 1207 3.
306 1176 429 1208 IlIauri
460 1195 507 1200 —
540 1181 610 1210 tres
633 1196 677 1201 —
710 1175 801 1219 duo]
858 1175 929 1208 Cur
967 1174 1086 1208 Mauri
1119 1174 1250 1208 dictum
1281 1173 1349 1217 sit,
1382 1184 1450 1207 non

65 1233 292 1275 Maurorum,
317 1234 400 1269 licet
423 1241 589 1280 sequatur
611 1242 681 1271 tres
710 1257 747 1262 —
777 1238 866 1280 duo,
892 1235 1147 1269 declaravimus
1172 1235 1215 1268 ad
1240 1246 1269 1267 c.
1296 1234 1390 1276 xlx,
1415 1234 1448 1267 1.

63 1307 97 1338 p.
122 1295 202 1329 118.
262 1296 342 1329 Hoc
376 1297 468 1330 enim
493 1297 663 1341 spectavit
687 1301 831 1339 auctor,
855 1300 894 1331 ut
917 1297 1082 1330 Romanis
1105 1296 1140 1330 in
1163 1296 1365 1329 universnm
1389 1305 1450 1338 op-

63 1359 274 1399 ponerentur
297 1357 433 1400 Mauri,
469 1359 513 1393 ad
538 1371 623 1403 quos
646 1359 786 1393 transiit
809 1357 944 1399 oratio;
971 1369 1040 1402 quo
1063 1357 1212 1391 efficitur
1235 1360 1273 1390 ut
1295 1355 1449 1399 partium

63 1416 274 1462 significatio
306 1429 374 1451 non
405 1430 448 1452 ex
478 1420 634 1464 genitivo
663 1419 834 1464 pendeat,
864 1418 923 1452 sed
945 1428 1007 1461 per
1032 1417 1284 1461 appositionem
1308 1427 1449 1460 praece-
1500 1451 1512 1455 ,

62 1478 157 1512 denti
179 1477 312 1512 nomini
337 1480 502 1514 addatur.
528 1500 570 1505 —-
603 1481 686 1514 Post
710 1480 862 1513 omnibus
884 1479 919 1512 in
943 1478 1069 1523 viginti
1093 1479 1189 1512 codd.
1215 1473 1372 1512 additum
1399 1480 1450 1511 est
1472 1497 1475 1500 -

61 1539 183 1581 rebus,
215 1539 307 1582 quod
331 1551 544 1584 quamquam
568 1552 636 1574 non
660 1541 789 1574 falsum
814 1544 882 1582 est,
914 1543 1032 1573 tamen
1056 1538 1281 1572 librariorum
1305 1548 1448 1571 manum

60 1600 194 1643 prodit,
228 1600 472 1644 immeritoque
497 1613 518 1635 a
543 1602 661 1635 Cortio
685 1604 864 1643 receptum
889 1604 950 1635 est.
987 1619 1030 1625 -
1073 1600 1133 1633 Cn.
1160 1599 1301 1632 Octavio
1327 1599 1448 1640 Rufo

62 1663 122 1695 vix
153 1661 188 1695 in
218 1673 288 1696 uno
318 1663 500 1706 alteroque
531 1662 606 1696 cod.
640 1662 781 1695 Grutcri
813 1660 962 1705 legitur3
993 1659 1150 1704 plerique
1175 1670 1294 1693 omnes
1316 1659 1449 1692 habent

61 1724 221 1766 Rusone,
254 1723 346 1766 quod
371 1718 498 1757 salsum
525 1735 599 1757 csse
622 1722 739 1755 docuit
762 1721 912 1766 Pighius
934 1721 1071 1755 Aunall.
1095 1720 1200 1753 Tom.
1225 1719 1285 1752 111.
1309 1730 1343 1762 p.
1368 1717 1447 1752 139.

62 1784 100 1817 ln
124 1783 318 1818 octaviana
341 1790 444 1829 gente
475 1785 568 1818 enim
601 1775 685 1828 Rufi
721 1783 836 1824 fuero,
866 1794 934 1817 non
966 1784 1130 1825 Rusones.
1160 1798 1206 1804 —
1246 1780 1334 1813 Sunt
1372 1782 1448 1822 post

62 1844 212 1888 profecti
246 1845 318 1878 fere
351 1857 470 1879 omnes
506 1846 603 1879 codd.
638 1848 765 1883 tenent,
798 1843 948 1886 exceptis
979 1842 1119 1876 Fabric.
1145 1841 1177 1873 l.
1201 1839 1235 1872 2.
1261 1840 1331 1872 lnc.
1356 1839 1388 1871 1.
1411 1838 1446 1872 2.

61 1905 167 1938 Acad.
192 1905 310 1938 Guelf.
335 1906 367 1939 6.
392 1906 494 1939 Bodl.
518 1904 693 1939 nonnullis
711 1903 929 1936 Gruterianis
952 1907 986 1937 ct
1009 1901 1140 1943 Leidd„
1164 1899 1223 1942 qui
1248 1911 1310 1932 cur
1333 1899 1446 1942 potio-

62 1976 136 1998 rem
161 1969 356 1999 ceterorum
380 1977 545 1999 consensu
569 1966 672 2004 fidem
696 1968 896 1997 mereantur
917 1974 985 1995 non
1008 1960 1121 1996 video.
1170 1960 1307 1994 Cottius
1329 1965 1445 1993 tamen

62 2031 96 2060 ct
120 2026 327 2060 Gerlachius
350 2026 496 2059 verbum
521 2025 721 2059 omiserunt.
752 2045 798 2050 -—
831 2024 963 2057 Eadem
995 2020 1138 2054 levitate
1170 2020 1379 2055 Gerlachius
1408 2021 1444 2054 in

62 2087 113 2120 cd.
140 2086 224 2120 mai.
249 2098 318 2121 non
342 2087 453 2120 solum
477 2093 638 2131 quaestor
662 2087 736 2120 sine
760 2086 855 2119 codd.
881 2083 1089 2118 auctoritate
1114 2082 1229 2123 eiecit,
1254 2081 1312 2114 sed
1338 2080 1444 2114 etiam

62 2147 98 2180 in
125 2149 300 2190 Africam,
328 2159 416 2191 quae
443 2149 550 2181 verba
572 2148 608 2180 in
633 2148 745 2180 Palat.
769 2146 802 2179 2.
828 2148 863 2179 et
888 2144 1023 2187 aliquot
1046 2142 1164 2176 Ltidd.
1191 2142 1325 2183 desunt,
1348 2140 1445 2175 uncis

62 2208 214 2250 inclusit,
241 2209 276 2242 in
300 2209 354 2242 ed.
377 2208 461 2242 min.
490 2221 575 2242 vero
601 2208 737 2252 scripsit
760 2208 1036 2251 adportaverat,
1058 2203 1151 2246 quod
1179 2202 1310 2246 pariter
1333 2201 1441 2235 libro-

49 2280 140 2302 mm
164 2269 233 2302 fide
258 2269 474 2312 destituitur,
498 2270 557 2312 qui
583 2270 655 2302 scre
678 2279 796 2301 omnes
818 2270 1021 2311 portaverat
1044 2265 1194 2304 habent,
1218 2262 1354 2296 dicendi
1377 2272 1444 2295 usu

62 2329 362 2371 commendatum3
388 2331 432 2363 cf.
457 2335 620 2364 annotata
647 2329 689 2363 ad
715 2341 743 2362 c.
768 2327 927 2367 xxxvl,
951 2325 984 2359 1.
1008 2345 1053 2350 —
1082 2325 1265 2368 Deprecati
1288 2328 1366 2356 sunt
1390 2322 1441 2355 in-

63 2393 230 2433 terpretes
253 2401 320 2423 uon
346 2391 429 2425 satis
455 2397 617 2424 accurate
640 2390 812 2433 explicant
835 2391 1062 2427 excusarunt,
1087 2386 1178 2428 quod
1202 2383 1442 2419 tantummodo

63 2462 104 2484 cx
126 2454 225 2494 parte
248 2450 283 2483 in
307 2452 414 2484 verbo
438 2451 536 2484 inest.
582 2451 671 2485 Nam
704 2460 810 2494 quum
843 2448 1022 2492 deprecari
1051 2447 1166 2480 valeat
1186 2446 1343 2490 precibus
1367 2455 1440 2479 rem

63 2512 194 2545 malam
219 2517 375 2546 avertere
398 2513 549 2553 studere,
573 2510 758 2545 Sallustius
777 2511 845 2544 hoc
863 2510 970 2542 verbo
992 2508 1043 2541 ita
1066 2519 1149 2541 usus
1166 2510 1228 2548 est,
1252 2511 1290 2540 ut
1313 2505 1441 2539 omissa

64 2584 124 2614 re,
157 2583 262 2616 quam
290 2572 399 2617 legati
421 2578 577 2607 avertere
601 2572 793 2613 studerent,
827 2581 950 2613 nempe
978 2569 1068 2602 iram
1096 2568 1327 2601 Romanorum
1350 2567 1439 2600 Boc-

65 2633 185 2677 chique
215 2644 378 2677 poenam,
412 2633 456 2667 ad
480 2634 656 2677 deprecati
677 2632 921 2666 sunt.refcrret
943 2641 1005 2674 ea,
1038 2640 1128 2673 quae
1151 2628 1326 2674 petitionis
1349 2625 1438 2661 obti-

32 2684 35 2688 ”
65 2695 196 2728 ucndae
219 2705 342 2729 caussa
365 2693 545 2735 dixerunt,
577 2706 623 2727 sc.
648 2695 843 2737 confitentes
865 2702 997 2725 errasse
1018 2702 1150 2736 regem,
1175 2693 1439 2731 excusantesque

32 2794 35 2797 ,
65 2755 158 2798 quod
180 2767 248 2790 non
272 2766 358 2795 suo,
381 2755 439 2789 sed
463 2755 654 2799 Iugurthae
678 2754 808 2787 scelere
836 2753 952 2794 lapsus
974 2756 1074 2786 essct.
1121 2751 1239 2793 Quare
1259 2754 1441 2793 postquam
