1630 3034
494 183 852 227 IUGURTHA.
915 184 1042 226 CAP.
1075 185 1127 226 V.
1453 190 1509 229 29

251 303 303 346 V.
375 302 554 345 Bellum
592 301 832 359 scripturus
869 316 988 347 sum,
1027 300 1148 358 quod
1187 303 1380 361 populus
1407 305 1505 347 Ro-

116 415 272 443 manus
311 415 412 443 cum
448 398 688 457 Iugurtha,
724 412 836 456 rege
860 397 1176 448 Numidarum,
1214 400 1373 457 gessit:
1410 402 1504 459 pri-

115 511 238 539 mum
285 496 386 553 quia
434 509 646 554 magnum
686 500 729 536 et
766 500 891 536 atrox
935 495 1145 551 variaque
1180 495 1365 539 victoiia
1399 497 1505 544 fuit:

115 592 216 636 dein
254 593 356 650 quia
391 597 495 634 tunc
530 591 722 650 primum
770 590 1007 649 superbiae
1051 592 1290 636 nobilitatis
1327 594 1506 637 obviam

113 689 220 731 itum
271 694 356 743 est,
407 703 523 746 quae
567 688 793 730 contentio
842 687 989 729 divina
1032 694 1076 730 et
1117 688 1540 742 humana-cunctam

112 784 368 844 permiscuit
406 799 551 842 eoque
588 783 822 827 vecordiae
858 784 1098 843 processit,
1145 786 1205 828 uti
1251 786 1402 831 studiis
1441 789 1505 831 ci-

111 893 187 927 dire
204 895 310 937 idque
334 894 510 937 praesenti
535 895 590 928 vel
615 901 707 927 certe
731 894 915 938 posteriori
933 906 1119 937 opponere,
1141 896 1197 929 cui
1222 898 1410 931 sententiae
1425 903 1505 932 tunc

110 958 205 987 recte
228 954 391 994 inservit,
417 960 490 988 tum
516 966 582 987 non
607 961 657 988 est
683 956 999 988 accommodatum.
1048 957 1092 988 cf.
1119 957 1307 990 Tursellin.
1335 959 1377 991 de
1400 965 1506 1002 partt.

112 1026 141 1048 c.
165 1016 383 1049 ccxxxnl.
412 1027 445 1058 p.
471 1015 562 1048 1311
583 1027 634 1058 sq.
682 1016 809 1048 Paullo
835 1015 1051 1058 implicatior
1076 1028 1130 1050 res
1154 1024 1216 1055 est,
1242 1020 1444 1061 praesertim
1472 1020 1506 1052 in

111 1079 207 1109 tanta
230 1076 425 1119 scripturae
449 1075 703 1117 incertitudine,
728 1075 789 1108 ubi
813 1087 916 1119 quum
940 1077 1130 1119 praecedit,
1154 1079 1209 1111 vel
1226 1080 1399 1122 sequitur,
1425 1092 1507 1113 nam

113 1147 219 1178 quum
244 1135 328 1168 huic
353 1136 556 1179 particulae,
582 1136 641 1169 ubi
667 1137 893 1178 temporalem
921 1136 993 1169 vim
1019 1138 1137 1179 habet,
1166 1150 1232 1171 non
1258 1139 1325 1172 nisi
1349 1146 1428 1174 tunc
1452 1153 1507 1174 re-

112 1197 282 1239 spondere
306 1208 406 1239 posse
428 1196 610 1237 rideatur,
653 1197 746 1229 haud
771 1207 852 1228 raro
880 1196 954 1229 eius
978 1198 1057 1230 loco
1082 1204 1154 1232 tum
1180 1200 1371 1243 reperitur,
1409 1201 1508 1234 cuius

111 1258 254 1300 propria
277 1258 367 1291 ratio
390 1257 456 1290 nisi
482 1258 524 1290 ad
550 1269 653 1301 quum
670 1256 834 1290 ‘caussale
858 1257 1030 1291 referatur
1054 1264 1214 1292 constare
1238 1262 1376 1304 nequitg
1412 1263 1508 1296 velut

113 1319 185 1352 Cic.
210 1319 244 1352 in
270 1320 365 1352 Verr.
389 1318 447 1358 IV,
472 1317 530 1357 21,
555 1316 612 1352 46.
659 1317 767 1350 Credo
789 1322 885 1358 tum,
924 1330 1026 1362 quum
1060 1321 1179 1352 sicilia
1198 1323 1352 1364 florebat
1375 1323 1506 1366 opibus,

112 1391 247 1425 magna
267 1379 416 1422 artificia
436 1378 551 1419 fuisse
573 1379 609 1410 in
629 1390 671 1411 ea
690 1378 828 1416 insultu
867 1378 926 1410 sed
951 1379 985 1412 in
1012 1380 1133 1412 eadem
1159 1382 1348 1417 sententiae
1371 1383 1508 1416 ratione

112 1446 194 1474 tunc
217 1440 400 1484 reperitur,
429 1438 500 1471 Cic.
526 1438 561 1471 in
586 1439 684 1472 Verr.
711 1439 750 1480 V,
774 1438 831 1479 10,
856 1438 913 1472 27.
941 1441 1051 1481 Quum
1076 1454 1189 1475 rosam
1215 1443 1332 1487 (iste)
1356 1445 1508 1484 viderat,

113 1505 192 1535 tuuc
212 1501 358 1544 incipere
387 1510 448 1532 ver
464 1499 717 1534 arbitrabatur.
766 1499 877 1532 Recte
898 1499 1011 1544 igitur
1035 1503 1262 1537 Gernhardus
1285 1504 1329 1537 ad
1354 1505 1430 1538 Cat.
1454 1504 1508 1537 M.

111 1560 316 1601 c.X1x‚69.
338 1558 462 1603 p.134.
491 1559 628 1601 Quum
652 1560 749 1593 enim·
764 1559 801 1592 id
825 1560 980 1603 advenit,
1006 1567 1109 1597 tunc
1132 1565 1230 1605 illud,
1257 1565 1507 1612 quodvpraete—

110 1622 184 1661 tiit,
209 1621 344 1664 effluxit
367 1638 413 1644 —-
439 1624 546 1653 tunc
570 1620 772 1665 significare
790 1621 909 1654 statuit
927 1622 985 1655 illo
1009 1624 1080 1667 ipso
1102 1629 1266 1669 tempore,
1289 1626 1385 1659 nulla
1409 1631 1507 1658 ante-

109 1692 311 1726 gressarum
336 1691 454 1713 rerum
489 1681 623 1715 ratione
645 1680 788 1720 habita3
827 1693 941 1724 neque
962 1694 1086 1717 verum
1111 1690 1183 1726 est,
1220 1685 1313 1727 quod
1337 1685 1506 1720 Goerenz.

110 1743 155 1775 ad
179 1741 252 1777 Cic.
277 1741 320 1774 de
342 1741 442 1774 Finn.
468 1742 519 1782 11,
543 1742 610 1784 11,
634 1741 691 1775 33.
719 1742 913 1786 praecipit,
939 1756 1043 1788 quum
1072 1746 1283 1788 particulam
1311 1757 1379 1779 non
1397 1747 1506 1780 aliam

110 1812 231 1835 vocem
261 1800 358 1843 sequi
381 1813 481 1845 posse
511 1802 579 1836 nisi
603 1808 693 1843 tum,
736 1814 844 1846 quam
877 1805 1081 1839 sententiam
1106 1807 1213 1839 etiam
1239 1796 1438 1851 Heriogiiis
1461 1808 1505 1840 ad

110 1862 208 1896 caen.
233 1862 275 1895 B.
304 1862 348 1895 G.
375 1862 415 1903 V,
438 1862 495 1896 33.
530 1862 695 1906 amplecti
718 1863 869 1899 videtur.
929 1865 1103 1908 Respectn
1133 1879 1417 1912 praegressorum
1443 1879 1505 1901 au—

80 1928 87 1931 '
109 1926 201 1965 tem,
224 1923 350 1966 quibus
375 1923 487 1956 altera
510 1934 565 1956 res
589 1927 756 1967 tanquam
782 1936 987 1969 consequens
1010 1927 1215 1970 subiicitur,
1250 1934 1323 1963 tum
1346 1929 1506 1973 legitime

109 1984 260 2027 ponitur,
283 1994 373 2027 quae
396 1983 487 2016 ratio
510 1995 579 2017 non
607 1988 774 2025 mutatur,
811 1985 885 2018 sive
908 1997 1051 2021 caussae
1075 1989 1148 2021 sive
1173 1990 1248 2022 sola
1270 1988 1434 2032 temporis
1458 1988 1505 2022 si-

110 2043 294 2088 gnificatio
324 2043 360 2076 in
391 2043 508 2085 priore
532 2046 691 2079 membro
716 2046 814 2080 inest.
863 2047 938 2091 [cf.
965 2047 1073 2081 Orell.
1097 2050 1141 2081 ad
1166 2050 1237 2082 Cic.
1263 2050 1363 2082 Brut.
1389 2052 1419 2091 ς,
1445 2050 1506 2086 33.

110 2107 146 2137 et
169 2104 213 2137 ad
237 2103 327 2146 Top.
354 2106 384 2145 §.
399 2103 457 2139 91.
482 2104 536 2139 ed.
559 2105 644 2138 min.
667 2107 721 2139 De
744 2107 867 2149 primis
891 2107 996 2142 huius
1022 2118 1097 2151 cap.
1122 2119 1177 2141 vv.
1204 2110 1339 2143 Bellum
1365 2130 1408 2135 —
1436 2111 1504 2143 Ro-

111 2174 234 2197 manus
256 2163 328 2197 vid.
354 2164 434 2198 adn.
459 2166 503 2198 ad
529 2166 605 2200 Cat.
628 2165 686 2206 19,
711 2166 745 2200 5.
795 2168 887 2210 Fre]

201 2226 233 2266 §.
256 2224 292 2257 2.
340 2224 461 2257 divina
483 2230 516 2258 et
533 2226 689 2258 humana
708 2228 852 2270 cuncta]
881 2228 1014 2262 Cuncta
1037 2230 1134 2263 abest
1158 2240 1179 2263 a
1205 2229 1321 2264 Mark.
1345 2233 1387 2265 Γ.
1420 2232 1505 2265 Eius

112 2285 190 2317 loco
212 2284 407 2317 scribarum
431 2295 548 2318 errore
566 2285 600 2318 in
621 2287 739 2319 Pa1.3.
752 2293 786 2320 et
799 2288 894 2323 Leid.
907 2288 947 2322 Ο.
967 2294 1078 2323 exstat
1098 2292 1225 2324 omnia.
1251 2292 1391 2334 Vocem,
1410 2293 1504 2325 Gru-

111 2347 187 2377 tero
205 2354 387 2387 perperam
405 2350 613 2387 suspectam,
638 2347 831 2380 Muellerus
853 2348 888 2381 in
912 2349 980 2382 hac
1006 2350 1159 2384 formula
1177 2352 1274 2395 qnasi
1295 2353 1427 2386 solenni
1453 2354 1502 2386 fe-

111 2415 150 2437 re
167 2414 302 2446 semper
319 2404 399 2437 addi
418 2410 512 2438 recte
532 2406 715 2447 observat3
754 2408 963 2442 Gerlachius
986 2421 1065 2443 eam
1089 2412 1206 2456 magis
1230 2424 1374 2448 numero
1397 2425 1502 2457 quam

110 2464 300 2497 sententiae
322 2464 492 2498 inservire
515 2471 643 2509 censet,
679 2469 769 2510 quod
795 2469 945 2503 multum
968 2481 990 2503 a
1015 2471 1164 2504 veritate
1187 2473 1363 2507 abhorret.
1411 2474 1503 2509 Nam

110 2523 184 2556 vim
207 2523 397 2557 sententiae
428 2526 600 2560 adiectivo
633 2527 752 2560 addito
774 2528 922 2561 mirifice
945 2531 1067 2574 augeri
1089 2531 1166 2575 quis
1187 2543 1255 2566 non
1277 2534 1405 2568 sentit?
1453 2535 1500 2567 cf.

110 2585 186 2628 lug.
210 2585 341 2626 XXXI,
366 2584 400 2618 9.
440 2586 570 2619 Divina
589 2592 621 2620 et
643 2588 799 2620 humana
822 2591 938 2623 omnia
956 2591 1107 2626 hostibus
1126 2594 1260 2627 tradita
1279 2598 1368 2628 sunt.
1416 2594 1499 2628 ibid.

111 2646 143 2686 §-
162 2643 218 2678 20.
244 2645 370 2678 Divina
396 2650 429 2679 et
453 2646 606 2680 humana
631 2649 777 2681 omnia
804 2659 909 2692 penes
933 2661 1062 2694 paucos
1085 2659 1196 2687 erant.
1242 2653 1319 2687 Liv.
1342 2654 1369 2692 1,
1387 2653 1445 2696 38,
1466 2654 1499 2688 2.

110 2705 185 2745 vn,
208 2704 266 2746 31,
290 2704 323 2740 4.
348 2705 446 2739 Suet.
470 2706 567 2740 Caes.
593 2719 622 2740 c.
648 2709 750 2742 va.
784 2709 904 2752 'Neque
927 2716 1042 2745 tamen
1065 2714 1254 2747 verborum
1279 2714 1499 2748 construendi

110 2763 202 2797 ratio
224 2764 304 2798 talis
327 2770 397 2806 est,
433 2767 572 2810 qualem
605 2767 859 2803 illustravimus
890 2771 936 2803 ad
965 2772 1068 2806 Catil.
1092 2774 1211 2808 XXX.
1236 2774 1269 2807 4.
1318 2774 1373 2807 lbi
1404 2774 1495 2807 enim
