1630 3034
425 189 771 232 CATILINA.
838 188 970 230 CAP.
1000 189 1106 231 LIX.
1344 192 1429 233 317

44 310 172 354 brico
209 308 261 353 C.
293 307 463 351 Marius
497 307 541 350 in
579 306 774 350 exercitu
802 304 1012 349 habuisse
1049 306 1296 353 dicebatur.
1365 302 1469 350 At4

44 415 97 444 ex
135 401 274 443 alteru
310 406 443 458 parte
489 398 540 443 C.
576 397 818 451 Antonius,
862 396 1054 456 pedibus
1090 413 1254 457 aeger,
1303 398 1430 456 quod

42 492 220 551 proelio
265 491 420 535 adesse
466 489 678 546 nequibat
723 488 792 535 M,
830 488 1011 532 Petreio
1055 489 1213 549 legato
1258 489 1431 534 exerci-

42 589 137 626 tum
171 582 399 643 permittit.
466 581 553 624 Ille
585 578 787 624 cohortis
822 586 1066 637 veteranas,
1103 596 1212 639 quas
1247 578 1470 626 tumulti5

44 704 174 748 fuisse,
204 715 290 748 quos
319 701 437 748 paullo
475 707 554 737 ante
584 701 804 738 memoravit.
852 701 982 746 Lepide
1005 702 1254 737 Kunhardtus:
1287 702 1430 745 colonis,

40 761 171 804 inquit,
205 761 230 794 i.
255 773 285 795 e.
309 761 465 795 militum
489 761 598 795 servis
613 787 622 802 ‚
655 766 767 794 castra
792 760 1033 803 sequentibus,
1068 760 1129 803 qui
1153 760 1271 795 clwas
1293 760 1431 805 ligneas

41 822 73 851 et
97 818 204 851 fustes
228 817 407 862 gerebant,
432 818 489 851 vel
514 820 573 862 qui
597 817 769 851 militibus
793 817 892 862 ligna
917 816 1238 852 subministrabant.
1286 816 1432 852 Scilicet

39 875 78 907 Y.
106 875 148 908 D.
175 875 332 909 confudit
366 876 504 910 colonos
540 887 620 909 cum
656 874 846 908 calonibus.
878 894 923 899 —-
957 876 1102 919 Propter
1130 876 1325 920 particulae
1356 874 1431 909 vim

39 932 106 965 loci
132 932 332 977 ignorantes
356 933 492 966 scribae
516 933 551 966 in
575 933 654 966 Vin.
679 933 713 966 2.
746 930 828 967 Bas.
846 933 877 964 2.
899 929 932 965 3.
966 933 1069 966 Rem.
1089 933 1121 966 1.
1154 935 1226 967 Ine.
1252 933 1370 968 Struv.
1396 934 1432 966 et

36 990 161 1022 Leidd.
189 990 232 1023 G.
252 991 299 1023 H.
319 991 369 1023 M.
397 991 564 1024 dederunt
585 1001 704 1034 prope.
728 1009 772 1014 -
822 991 875 1022 De
907 990 1028 1034 aquila
1052 991 1161 1024 Marii
1192 994 1360 1036 argentea
1383 989 1430 1024 cf.

37 1046 110 1080 Cic.
136 1058 187 1080 or.
209 1047 246 1080 in
271 1048 346 1081 Cat.
370 1047 398 1088 1,
419 1048 453 1089 9,
475 1047 532 1080 24.
563 1047 623 1081 ubi
646 1047 818 1081 Matthias
843 1048 1014 1091 quaedam
1039 1048 1157 1081 attulit
1180 1049 1223 1081 de
1246 1047 1430 1092 signorum

37 1103 246 1137 militarium
270 1104 454 1149 religione.
502 1105 611 1138 Plura
634 1105 744 1138 habet
761 1104 954 1148 Rupertius
977 1105 1021 1137 ad
1046 1103 1161 1139 Tacit.
1186 1104 1429 1149 Ann.1,39‚9.

132 1161 164 1203 ς.
190 1160 224 1195 4.
270 1161 426 1205 proelio]
462 1161 578 1195 Gnelt'.
597 1163 629 1196 4.
650 1162 683 1195 5.
718 1167 752 1196 et
777 1163 881 1197 Bern.
903 1163 936 1196 2.
963 1163 1070 1203 bello,
1095 1162 1210 1205 quod,
1242 1163 1273 1197 si
1294 1162 1431 1196 maiore

37 1217 135 1251 codd.
163 1219 369 1252 auctoritate
394 1219 580 1260 niteretur,
605 1220 842 1263 praeserrem3
867 1220 910 1254 cf.
936 1219 981 1253 ad
1004 1231 1033 1252 c.
1049 1220 1110 1260 lx,
1139 1219 1173 1253 4.
1197 1239 1243 1245 ——
1280 1220 1430 1254 Pedibus

37 1287 160 1321 aeger.
201 1273 371 1310 Sallustio
404 1275 518 1310 maior
541 1276 626 1310 fides
652 1289 758 1319 quam
791 1276 895 1312 Dioni
929 1277 1072 1317 Cassio,
1096 1276 1176 1320 qui,
1213 1286 1430 1321 quamquam

34 1333 202 1367 Nostrum
226 1333 262 1366 in
287 1332 460 1367 Catilinae
495 1331 735 1367 coniuratione
758 1346 874 1378 presse
897 1333 1074 1377 sequitur,
1106 1333 1278 1377 quaedam
1303 1338 1431 1375 tamen,

35 1400 104 1432 quo
131 1402 184 1424 res
208 1389 401 1424 memoriae
424 1390 579 1434 proditas
617 1389 829 1434 explicaret,
854 1392 931 1436 ipse
954 1391 1131 1425 effinxisse
1155 1391 1311 1433 videtur,
1336 1392 1432 1425 velut

35 1458 143 1491 quum
168 1448 192 1483 l.
225 1448 402 1482 XXXVII.
436 1459 470 1491 p.
502 1448 558 1481 47.
595 1449 726 1490 tradit,
757 1449 947 1482 Antonium
980 1449 1166 1483 simulasse
1187 1447 1430 1483 tantummodo

34 1506 222 1547 morbum,
252 1517 298 1539 ne
329 1504 504 1539 Catilinae
537 1505 628 1539 forte
659 1506 695 1539 in
718 1517 838 1552 pugna
871 1507 994 1540 obvius
1028 1507 1073 1540 ab
1107 1518 1149 1540 eo
1181 1506 1433 1540 coniurationis

35 1562 212 1606 particeps
244 1562 352 1598 fuisse
383 1563 486 1608 argui
522 1565 651 1607 posset.
674 1583 720 1588 —-
765 1562 815 1597 M.
843 1563 998 1598 Petreius
1033 1565 1130 1598 haud
1164 1564 1270 1597 dubie
1299 1562 1330 1598 is
1366 1567 1430 1604 est,

33 1619 93 1663 qui
127 1624 266 1663 postea,
302 1618 402 1654 civili
430 1621 524 1655 bello
548 1631 690 1662 exorso,
716 1619 878 1664 Pompeii
913 1622 1051 1667 legatus
1082 1619 1118 1655 in
1149 1620 1324 1664 Hispania
1354 1629 1432 1655 rem

34 1677 173 1712 fortiter
197 1678 475 1719 administravit3
509 1689 543 1712 v.
580 1679 679 1711 Caes.
705 1677 749 1711 Β.
776 1676 815 1711 C.
834 1678 862 1719 1,
888 1678 946 1712 38.
977 1690 1050 1723 sqq.
1084 1681 1187 1712 notus
1208 1677 1302 1712 idem
1334 1676 1432 1711 vitae

33 1733 165 1780 exitio,
196 1734 289 1779 quod
320 1735 395 1780 ipse
427 1748 510 1769 cum
542 1734 629 1770 luha
659 1747 747 1780 rege
771 1735 839 1769 sibi
865 1737 1026 1779 paravit3
1060 1745 1096 1770 v·
1119 1736 1221 1770 Auct.
1246 1736 1292 1769 B.
1319 1735 1430 1770 Afric.

32 1804 62 1825 c.
82 1792 141 1826 91.
174 1792 254 1827 Liv.
278 1791 370 1836 Epic.
393 1794 512 1827 cxlv.
548 1794 643 1826 Flor.
665 1793 724 1835 lv,
744 1793 778 1834 2,
797 1793 855 1827 69.

125 1853 156 1892 §-
182 1850 216 1883 5.
269 1849 356 1893 Illc]
392 1851 490 1883 Male
523 1849 648 1884 habuit
679 1852 863 1886 nonnullos
896 1851 1101 1896 interpretes
1135 1860 1327 1896 pronomen
1358 1851 1431 1892 ille,

39 1907 133 1950 quod
158 1917 237 1940 cum
261 1907 418 1950 sequenti
454 1908 528 1950 ipse
551 1919 618 1940 non
642 1912 829 1951 potuerunt
861 1906 1069 1951 coneilinr03
1101 1908 1199 1943 velut
1231 1909 1431 1943 Glareanus

34 1965 93 1997 illc
117 1965 162 1998 ad
186 1964 364 1998 Petreium
388 1964 519 2005 refert,
554 1965 626 2008 ipse
651 1966 696 1999 ad
718 1965 930 2006 Antonium,
956 1963 1115 2000 ll'assius
1139 1969 1259 2000 contra
1292 1967 1351 1999 ille
1384 1966 1431 1999 ad

33 2022 225 2055 Antonium
260 2026 360 2066 putat
393 2021 586 2065 pertinere,
618 2023 691 2066 ipse
723 2024 767 2057 ad
801 2023 1003 2063 Petreium.
1051 2024 1278 2058 Kunhardtus
1313 2029 1430 2056 utram

34 2076 205 2112 rationem
229 2082 452 2122 sequeretur,
477 2080 552 2122 ipse
575 2080 738 2114 nesciisse
759 2079 908 2115 videtur.
960 2078 1030 2115 Sed
1054 2085 1201 2125 utroque
1225 2079 1431 2123 pronomine

34 2135 213 2168 Petreium
238 2135 431 2180 significari
464 2136 611 2178 debere,
645 2148 684 2170 rc
715 2136 794 2180 ipsa
825 2139 992 2179 docente,
1023 2143 1116 2172 recte
1152 2135 1243 2170 vidit
1279 2136 1430 2170 Curtius.

39 2193 101 2225 Ille
126 2192 338 2235 pronominis
363 2202 478 2234 usum,
502 2203 571 2235 quo
593 2192 637 2226 ad
661 2193 821 2236 proxime
842 2203 1092 2239 praegressum
1113 2205 1239 2227 nomen
1262 2195 1430 2235 refertur,

35 2248 289 2282 illustravimus
323 2249 367 2282 ad
403 2261 437 2282 e.
468 2250 571 2291 XLV,
601 2251 634 2283 2.
677 2252 721 2285 οἱ
746 2253 822 2296 lug.
852 2252 987 2291 Lvlll,
1016 2251 1050 2284 5.
1087 2252 1249 2285 Metellus
1273 2252 1429 2285 Marium

35 2307 230 2338 lacrumans
254 2307 434 2345 obsecrem·
458 2325 500 2330 —
526 2308 606 2340 ille
631 2308 726 2342 brevi
748 2310 920 2342 mandata
945 2309 1061 2351 efficit.
1109 2306 1310 2354 Herzogius
1328 2320 1430 2353 prae-

36 2366 131 2396 terea
165 2363 286 2396 laudat
314 2362 498 2396 Bremium
533 2364 578 2397 ad
611 2365 699 2408 Nep.
734 2364 911 2410 Thrasyb.
938 2365 965 2406 Ι,
991 2364 1026 2398 3.
1077 2366 1154 2410 Ipse
1186 2370 1305 2400 autem
1336 2367 1429 2399 hano

35 2419 106 2452 vim
132 2420 259 2460 hahet,
292 2424 349 2461 ut,
384 2419 619 2464 imperatoriis
643 2422 771 2456 officiis
802 2423 1013 2467 generaliter
1044 2423 1216 2466 narratis,
1252 2424 1335 2467 quid
1360 2424 1429 2457 Pc-

34 2476 139 2509 treius
164 2482 344 2519 practerea
369 2490 430 2521 per
453 2490 489 2511 se
517 2477 652 2520 fecerit,
665 2479 791 2511 melius
815 2484 994 2522 appareat,
1021 2491 1130 2524 eoque
1154 2481 1222 2515 viri
1247 2480 1428 2525 ingenium

35 2544 218 2576 moresque
247 2535 349 2576 plane
375 2540 638 2579 cognoscantur.
658 2554 703 2559 —
746 2536 901 2571 'tumulti
932 2537 1029 2573 Leid.
1058 2538 1097 2575 L.
1130 2539 1219 2572 Non.
1250 2539 1340 2580 Vlll,
1366 2538 1423 2572 5⁰.

34 2594 68 2624 et
99 2591 185 2625 Tur.
219 2602 268 2624 m.
304 2603 398 2632 scc.;
433 2592 557 2625 relicui
593 2593 772 2626 tumultus.
836 2594 891 2627 De
931 2601 1070 2640 recepta
1115 2597 1229 2630 forma
1265 2607 1300 2631 v,
1336 2606 1427 2638 quae

34 2660 62 2681 c.
84 2649 194 2690 XXX,
212 2648 245 2682 3.
284 2648 327 2682 de
351 2659 437 2681 voce
470 2655 610 2683 senatus
634 2649 843 2685 monuimus.
891 2651 1082 2687 Tumultus
1111 2656 1228 2687 autem
1253 2652 1426 2686 Romanis

35 2705 68 2739 in
92 2717 132 2739 re
153 2706 301 2742 militari
330 2706 489 2742 subitum
512 2707 649 2742 benum
672 2710 733 2742 aut
759 2707 957 2751 periculum
991 2710 1226 2756 significabat,
1250 2710 1307 2743 cui
1332 2710 1426 2743 celo-
