1630 3034
540 148 1077 194 PRAEFATIO.
1427 167 1494 197 vu

126 269 299 315 thecam
332 267 502 328 regiam
536 266 714 323 transiit,
749 280 932 310 numero
961 265 1042 313 79.
1076 265 1123 311 in
1157 265 1392 314 Diezoe‘anis
1420 269 1490 314 in—

125 373 319 432 signitus.
388 369 788 425 Membranaceus,
822 370 992 413 octonis
1038 369 1295 416 nitidissime
1329 388 1487 418 exara-

123 481 190 519 tus
223 480 320 530 est,
355 487 501 532 neque
543 471 720 517 saeculo
754 471 875 516 XIV.
910 471 1085 516 videtur
1123 473 1341 532 antiquior
1375 490 1483 521 esse.

117 575 426 632 NihilominuS‚
468 575 572 619 licet
612 574 989 635 praestantissimis
1038 589 1127 619 non
1169 576 1223 619 sit
1267 591 1483 622 annume-

115 678 299 737 randus,
340 679 608 738 plerumque
651 692 754 721 cum
795 676 1050 721 melioribus
1094 677 1214 721 libris
1251 680 1481 733 consentit,

112 795 253 838 neque
287 795 389 824 raro
423 780 614 840 optimas
649 780 835 824 aliorum
871 778 1076 823 codicum
1106 779 1343 839 scripturas
1369 794 1478 824 con-

107 882 264 927 firmat.
336 881 706 943 Orthographiae
740 882 944 941 antiquae
980 897 1128 943 pauca
1159 881 1308 926 adhuc
1341 883 1478 926 vesti-

108 985 183 1045 gia
215 985 521 1044 reperiuntur,
567 985 687 1029 velut
725 999 862 1046 quom
902 998 988 1044 pro
1024 998 1192 1044 quum,
1229 989 1272 1028 et
1306 999 1477 1044 gerun-

105 1088 226 1130 dium
269 1086 423 1130 tertiae
470 1087 787 1146 coniugationis
830 1087 876 1130 in
928 1086 1124 1130 undum
1169 1086 1476 1139 terminatum;

101 1190 372 1234 accusativus
407 1188 590 1248 pluralis
625 1188 779 1232 tertiae
816 1187 1116 1233 declinationis
1162 1188 1204 1231 in
1250 1187 1289 1231 is
1324 1188 1473 1232 exiens

99 1291 238 1334 semel
273 1295 413 1334 exstat
447 1289 544 1349 lug.
580 1289 767 1343 XXXV,
805 1289 865 1347 9.,
901 1290 1120 1350 genitivus
1140 1290 1379 1334 verborum
1399 1303 1472 1334 se·-

98 1392 269 1435 cundae
314 1391 615 1435 declinationis
659 1391 704 1434 in
746 1391 819 1435 ius
861 1392 1113 1435 exeuntium
1154 1396 1222 1435 ter
1265 1390 1470 1448 habetur,

96 1493 223 1538 Catil.
257 1492 407 1548 XVII,
452 1491 496 1535 2.
545 1492 667 1549 xlx,
704 1492 748 1537 2.
792 1492 892 1553 lug.
931 1493 1076 1550 XXX,
1123 1498 1228 1537 extr.
1299 1492 1355 1536 In
1391 1507 1468 1536 ce-

94 1596 196 1639 teris
231 1594 425 1654 vulgaris
459 1594 682 1638 scribendi
715 1595 827 1638 ratio
855 1594 1037 1652 obtinet,
1077 1595 1160 1640 nisi
1195 1593 1319 1653 quod
1352 1609 1467 1638 non-

92 1697 210 1741 nulla
230 1697 452 1741 vocabula
480 1711 695 1759 perverso
723 1697 944 1743 barbarae
981 1698 1132 1741 aetatis
1161 1711 1286 1740 more
1321 1697 1466 1741 forma

89 1799 287 1858 pleniore
334 1814 476 1856 eaque
520 1800 687 1860 agresti
727 1805 772 1844 et
796 1800 967 1860 >inepta
1010 1799 1294 1858 exhibentur,
1342 1798 1466 1841 velut

86 1900 324 1956 mundius,
351 1901 565 1955 ηαηοίἰο,
598 1902 918 1962 εαξίρίανὶαε,
953 1902 1241 1961 calumpnia,
1273 1913 1463 1944 aerum-

84 2015 218 2060 pna,
264 2001 541 2060 volunctas,
592 2008 766 2064 tempto
786 2022 802 2057 ‚·
857 2017 913 2047 ex
958 2018 1049 2062 quo
1102 2008 1269 2062 patet,
1327 2016 1462 2060 quam

89 2117 227 2161 pravo
257 2103 421 2147 iudicio
455 2110 658 2162 utantur,
698 2105 773 2163 qui
809 2104 922 2148 haec
959 2105 1107 2148 omnia
1142 2103 1340 2147 eiusdem
1374 2117 1459 2162 ge-

88 2203 200 2246 neris
245 2219 338 2246 esse
381 2220 472 2248 non
517 2207 702 2249 assecuti
745 2210 979 2266 temptare
1016 2207 1207 2249 formam
1245 2219 1329 2264 pro
1372 2218 1458 2263 ge⁴

87 2304 215 2347 nuina
248 2305 502 2363 venditant,
538 2313 707 2364 cetera,
743 2309 908 2352 scilicet
942 2308 1040 2367 pari
1081 2307 1174 2351 iure
1209 2306 1314 2366 ipsis
1343 2320 1456 2365 pro-

85 2405 261 2462 banda,
288 2406 510 2452 damnant.
580 2410 708 2454 Alter
742 2408 908 2465 codex,
948 2424 1082 2466 quem
1117 2423 1326 2453 vocamus
1360 2406 1453 2451 Be-

84 2491 356 2552 rolihensem
387 2510 664 2566 secundum,
700 2510 815 2554 hanc
851 2516 1000 2555 notam
1035 2511 1194 2567 habet,
1231 2509 1333 2554 cod.
1358 2508 1451 2557 Ms.

84 2610 168 2653 tat.
199 2608 297 2654 Fol.
336 2609 416 2657 29.
486 2612 575 2667 Qui
610 2629 880 2672 quamquam
924 2619 1103 2658 externa
1139 2613 1287 2672 specie
1314 2611 1451 2654 altero

86 2710 222 2755 multo
257 2719 323 2755 est
358 2712 550 2758 deterior
585 2714 709 2773 (nam
745 2715 1001 2761 chartaceus
1032 2717 1200 2760 formae
1236 2712 1451 2760 maximae
