1630 3034
473 120 833 177 I'UGURTHA.
895 133 1033 177 GAP.
1064 134 1228 177 xxm.
1467 141 1550 181 ιιι

243 176 259 195 Ι

165 265 245 306 re3
275 264 476 311 ⁴prorsus³
500 250 702 312 intentus
749 255 908 296 cuncta
951 265 1126 310 parare.
1197 249 1433 295 Adherbal
1468 253 1582 299 ubiz

164 347 381 407 intellegit
418 347 558 392 omnis
580 361 700 390 ‚suas
738 345 949 391 fortunas.
972 347 1019 390 in
1056 353 1257 390 extremo
1290 347 1415 404 sitas,
1458 347 1547 392 ho-

165 450 280 488 stem
313 443 546 498 infestum,
592 441 725 486 auxili
759 457 887 501 spem
933 443 1123 499 nullam,
1166 443 1354 503 penuria
1397 459 1547 488 rerum

163 540 511 595 necessariarum
546 538 717 582 bellum
751 537 869 582 trahi
897 553 985 582 non
1025 554 1184 599 posse,
1237 555 1291 583 ex
1338 539 1428 596 his,
1472 541 1548 598 qui

162 652 254 683 una
299 636 470 683 Cirtam
525 635 849 696 profugerant,
904 634 1017 679 duos
1069 650 1275 680 maxume
1327 637 1547 697 impigros

159 786 279 816 metu
312 787 375 816 aut
405 784 567 826 praemia
598 782 875 818 ostentando
907 786 1063 815 avortere
1094 782 1137 815 ab
1170 781 1330 817 hostibus.
1355 784 1485 823 LXVI,
1510 784 1547 818 1.

159 843 334 883 civitatis,
357 855 445 888 quae
471 845 514 877 ab
550 855 585 877 se
622 844 846 886 defecerunt,
871 843 1134 886 formidine
1168 849 1230 876 aut
1267 845 1546 877 ostentando

155 905 368 948 praemia
394 905 571 948 affectare.
595 904 681 937 ibid.
706 906 738 946 ἓ.
763 904 797 937 2.
833 905 906 938 dies
922 907 1038 946 festus
1062 905 1163 937 lusu
1180 915 1209 935 m
1236 909 1269 937 et
1294 904 1547 936 lascivium

158 965 295 1010 magi3‚
327 977 431 1010 quam
457 966 764 1008 formidinem
789 965 995 999 ostentabat.
1021 964 1067 997 cf.
1090 964 1196 998 etiam
1221 964 1265 997 ad
1284 975 1313 996 c.
1340 964 1547 1003 LXXXVII,

156 1024 189 1057 1.
224 1024 317 1067 Quid
343 1027 498 1068 formido
531 1025 674 1069 proprie
702 1025 894 1069 significet,
927 1030 959 1059 et
991 1025 1164 1067 quomodo
1198 1036 1220 1058 a
1243 1029 1336 1057 metu
1360 1024 1546 1058 aetimare

157 1084 297 1118 differat
330 1086 481 1120 diximus
513 1087 559 1120 ad
591 1099 621 1120 c.
645 1086 794 1126 LXXII,
819 1085 854 1118 2.
878 1103 921 1110 --
949 1086 1116 1129 Arrigere
1141 1090 1191 1119 est
1215 1085 1251 1118 in
1275 1083 1371 1116 Leid.
1398 1084 1435 1117 L.
1461 1085 1546 1118 Bas.

156 1143 188 1178 1.
225 1145 337 1194 Paris.
360 1158 390 1180 z.
415 1147 495 1181 Seu.
521 1147 553 1181 1.
577 1147 611 1181 2.
637 1146 749 1180 Mark.
775 1149 816 1179 Α.
842 1145 964 1179 Pemb.
991 1145 1032 1177 B.
1060 1145 1165 1178 Publ.
1192 1146 1295 1179 Rern.
1319 1145 1353 1178 3.
1379 1156 1419 1178 ac
1442 1157 1546 1188 prae-

155 1209 251 1251 terea¹
274 1207 310 1240 in
334 1207 577 1252 duodeviginti
601 1207 713 1240 Cortii
735 1210 768 1238 et
792 1205 898 1248 longe
920 1204 1079 1246 plurimis
1113 1206 1256 1239 italicis.
1303 1204 1443 1238 Relicui
1477 1207 1545 1240 ha-

155 1267 237 1300 bent
269 1268 425 1313 erigere,
466 1267 558 1316 quod
591 1266 729 1300 Cottius
762 1265 864 1298 unice
899 1275 1020 1297 verum
1054 1264 1230 1314 indicarit.
1289 1266 1368 1308 Quo
1402 1266 1546 1300 differat

153 1330 340 1371 utrumque
365 1328 510 1362 verbum
532 1326 680 1360 diximus
705 1326 748 1359 ad
775 1327 850 1359 Cat.
875 1324 1045 1365 XXXIX,
1070 1325 1103 1360 3.
1128 1337 1162 1368 p.
1185 1325 1255 1360 183
1291 1338 1363 1369 sq.;
1395 1338 1483 1369 quae
1515 1327 1546 1361 si

154 1397 238 1420 vera
270 1392 369 1430 sunt,
410 1388 568 1432 arrigere
591 1386 665 1419 siue
689 1385 794 1419 dubio
818 1385 903 1418 huic
927 1385 1005 1418 loco
1029 1386 1345 1430 accommodatius,
1371 1387 1545 1429 siquidem

102 960 122 975 h

152 1446 345 1490 Iugurthae
373 1448 504 1483 milites
538 1459 606 1481 non
631 1445 780 1480 demisso
804 1450 839 1478 et
863 1445 997 1478 abiecto
1021 1445 1140 1480 animo
1163 1447 1323 1489 fuerunt,
1357 1452 1395 1481 ut
1419 1449 1545 1481 contir-

153 1495 244 1539 mari
278 1511 311 1540 et
343 1508 460 1542 attolli
492 1507 692 1548 debuerint,
726 1506 785 1540 sed
818 1517 859 1539 eo
895 1505 1039 1539 consilio
1067 1517 1089 1539 a
1112 1507 1198 1540 duce
1221 1508 1427 1542 inflammati
1452 1516 1542 1550 sunt,

153 1572 192 1599 ut
223 1553 362 1600 oirtutis
394 1579 559 1602 memores
590 1567 755 1602 alacriter
786 1578 874 1610 opus
904 1567 1191 1610 aggrederentur.
1249 1569 1303 1602 lta
1330 1570 1421 1612 apud
1461 1570 1540 1604 Liv.

152 1627 255 1670 vul,
277 1613 340 1671 35,
364 1628 398 1664 2.
423 1628 646 1672 quantumvis
671 1627 809 1661 Curtius
834 1637 895 1670 pro
921 1628 1057 1671 erigere
1082 1629 1189 1661 verbo
1212 1634 1361 1673 pugnet,
1387 1630 1543 1670 scriben-

151 1671 236 1722 dum
261 1693 331 1736 est:
356 1690 529 1724 arrecti
551 1690 598 1723 ad
623 1688 821 1722 bellandum
846 1687 954 1720 animi
977 1693 1075 1730 sunt,
1114 1688 1139 1722 i.
1165 1700 1195 1721 e.
1221 1692 1376 1723 animum
1398 1693 1543 1734 appule-

148 1753 231 1785 runt
264 1749 312 1782 ad
344 1749 420 1783 bell.
445 1769 491 1776 —
517 1750 659 1784 Prorsus
690 1748 945 1792 explicavimus
977 1749 1021 1782 ad
1055 1749 1132 1783 Cat.
1171 1750 1251 1792 XV,
1284 1750 1318 1784 5.
1354 1764 1389 1795 p.
1412 1751 1468 1785 77.
1495 1752 1541 1785 cf.

149 1808 243 1853 iubja
265 1810 386 1852 XXX,
409 1810 443 1844 3.

240 1871 275 1910 ἓ.
307 1870 343 1904 2.
401 1870 589 1915 intellegit]
626 1846 842 1903 Confirmant
873 1869 964 1903 hanc
993 1869 1146 1903 formam
1180 1871 1286 1904 Fabr.
1319 1871 1351 1905 1.
1385 1871 1468 1905 Bas.
1507 1873 1540 1905 1.

148 1927 229 1983 Sen
262 1929 296 1962 1.
320 1949 365 1954 -
393 1931 511 1964 Omnis
543 1941 624 1963 suas
647 1932 814 1972 fortunas
847 1929 883 1963 in
916 1931 1081 1973 plurimis
1105 1932 1205 1965 libris
1232 1937 1301 1972 est3
1335 1932 1449 1965 minor
1470 1944 1541 1965 nu-

151 1975 267 2022 merus
291 1990 430 2024 inverso
455 1989 575 2024 ordine
598 1990 705 2023 habet
729 1990 839 2022 omnis
855 1992 1020 2032 fortunas
1045 2002 1139 2024 suas
1164 2011 1205 2016 -—
1233 1993 1303 2025 Pro
1327 1993 1541 2025 necessariu-

148 2060 230 2103 mne
246 2049 344 2084 haud
368 2050 472 2093 pauci
496 2050 595 2083 codd.
619 2050 801 2083 ostendunt
825 2051 1076 2092 necessarium,
1101 2063 1206 2094 quam
1223 2051 1372 2096 genitivi.
1385 2052 1540 2086 formam

149 2108 287 2161 (lortius
306 2120 489 2159 ¹perquam
522 2109 719 2142 inconsulto
758 2108 843 2142 ferri
877 2120 976 2152 posse
1000 2114 1135 2152 censet;
1160 2112 1343 2145 adiectiva‘
1358 2113 1452 2146 enim
1475 2124 1538 2157 ge-

148 2168 298 2217 nitisjum
332 2170 423 2212 plur.
458 2169 493 2202 in
529 2180 596 2216 um¹
624 2169 827 2204 terminasse
859 2170 957 2203 nuuo
989 2170 1092 2213 plane
1120 2173 1281 2216 exemplo
1315 2175 1540 2218 comprobari

149 2233 281 2273 potest,
316 2241 429 2274 neque
460 2217 758 2280 substantivorum
789 2241 871 2263 usus
906 2240 971 2273 pro
1004 2238 1212 2275 argumento
1248 2239 1323 2276 est,
1365 2235 1540 2270 adiectiva

148 2276 312 2337 ean-(lem.¹
330 2290 534 2335 analogiam
567 2290 675 2333 sequi.
735 2290 889 2324 insolens
923 2301 1037 2332 error,
1072 2296 1110 2324 ut
1142 2297 1234 2326 recte
1268 2294 1368 2329 vidit=
1387 2296 1539 2338 Cottius,

148 2348 373 2400 indefflatus,
396 2350 489 2394 quod
513 2349 651 2384 scribae
674 2350 886 2385 adiectivum
910 2352 1117 2394 compendio
1139 2353 1306 2396 ‘scriptum
1331 2355 1375 2388 ad
1410 2356 1537 2389 bellum

147 2414 338 2461 traxerunt.
370 2429 416 2434 —
451 2409 507 2443 Es:
538 2410 607 2443 his
639 2410 778 2444 Cottius
811 2415 903 2444 recte
933 2411 1041 2455 scrips
1027 2412 1071 2446 sit
1103 2424 1145 2447 ex
1180 2415 1341 2457 plurimis
1374 2415 1444 2449 suis
1475 2428 1538 2459 pro

146 2468 294 2523 vulgato
318 2480 358 2502 e:
370 2470 461 2520 ι’ἰες
486 2481 520 2503 v.
545 2481 651 2513 supra
674 2471 718 2503 ad
742 2482 772 2504 c.
798 2472 902 2512 XIV,
923 2470 958 2505 8.
992 2491 1038 2498 -—-
1074 2474 1169 2508 Duos
1198 2486 1336 2509 summo
1369 2488 1537 2512 contensa

146 2539 265 2584 omnes
297 2530 395 2563 codd.
425 2535 562 2572 teuent3
598 2530 801 2566 nihilomius
832 2532 971 2566 Cottius
1003 2533 1070 2566 duo
1103 2535 1211 2578 script·
1196 2535 1259 2577 sit,
1295 2541 1332 2570 ut
1365 2548 1469 2580 supra
1502 2550 1532 2570 c.

147 2570 254 2643 xxlg
283 2589 316 2623 4.
350 2591 449 2624 ambo
482 2602 545 2633 pro
578 2592 706 2624 ambos.
737 2611 772 2616 -
800 2593 941 2637 Delegit
965 2594 1215 2636 explicavimus
1237 2596 1280 2628 ad
1306 2596 1384 2629 Cat.
1408 2596 1472 2635 u,
1497 2595 1532 2629 6.

147 2649 191 2682 cf.
216 2615 386 2703 ‘exemplu
417 2662 439 2684 a
466 2651 735 2695 Drakenborch.
768 2653 812 2685 ad
844 2652 920 2686 Liv.
955 2653 1039 2694 ΠΙ,
1075 2653 1224 2697 25,13
1250 2662 1286 2689 et
1308 2656 1352 2689 ad
1377 2657 1447 2696 IX,
1476 2657 1532 2698 17,

147 2708 203 2745 15.
241 2712 427 2756 congesta,
450 2711 544 2755 Aug.
568 2711 738 2747 Matthias
763 2713 806 2746 ad
833 2711 904 2747 Cic.
930 2725 964 2756 p.
989 2680 1066 2748 Mil.
1091 2726 1120 2748 c.
1146 2713 1234 2757 8,2
1214 2714 1269 2748 -3.
1296 2734 1338 2741 —
1365 2716 1433 2751 Pro
1454 2718 1530 2759 pot-
