1630 3034
94 181 142 210 Ἦ
511 153 1051 200 PRAEFATIO.

96 279 191 327 Sed
227 275 425 338 quamvis
457 289 635 331 vereor,
668 287 725 317 ne
751 271 1030 317 nihilominus
1067 269 1138 328 id,
1171 269 1295 329 quod
1329 285 1357 314 a
1388 285 1462 316 me

96 383 195 443 ipso
241 379 302 424 ad
346 377 462 424 hanc
509 376 748 421 editionem
801 372 1108 418 adornandam
1157 352 1338 416 allatum
1387 377 1467 431 est,

96 482 226 528 valde
260 487 391 526 tenue
422 480 475 525 sit
510 484 554 524 et
587 477 809 538 scriptoris
843 475 1136 538 praestantiae
1168 489 1330 535 parum
1358 488 1469 518 con-

98 584 290 640 veniens,
323 588 472 627 tamen
503 596 558 625 eo
593 585 713 624 certe
733 578 898 637 aliquid
931 576 1322 622 commendationis
1349 574 1471 620 hunc

100 686 261 730 librum
305 683 559 728 habiturum
607 697 705 726 esse
748 695 907 741 spero,
955 679 1078 738 quod
1121 693 1342 739 prospera
1375 678 1469 721 for-

100 793 206 832 tuna
242 785 351 831 mihi
397 784 582 844 contigit
627 784 750 828 novis
798 782 1061 842 quibusdam
1104 782 1262 825 criticis
1297 779 1471 840 praesi-

102 889 185 933 diis
219 888 296 944 nti,
332 886 488 945 quibus
522 885 569 929 in
602 886 753 945 priore
787 885 1008 929 volumine
1035 882 1308 928 recensendo
1337 880 1475 925 desti-

101 995 219 1034 tutus
254 1004 391 1034 eram.
458 988 657 1032 Primum
690 987 808 1030 enim
838 986 1022 1031 adhibui
1062 987 1203 1030 varias
1239 985 1478 1044 scripturas

105 1090 270 1135 codicis
311 1088 588 1156 Illisnensis,
634 1103 662 1133 a
702 1088 811 1133 Viro
853 1087 1235 1132 Excellentissimo
1257 1117 1272 1142 ,
1313 1086 1480 1130 Ioanne

106 1193 343 1251 schulzio,
399 1196 622 1249 enotatas,
668 1191 890 1250 mihique,
936 1196 987 1234 ut
1028 1190 1202 1234 narravi
1244 1189 1289 1233 in
1331 1187 1483 1233 Praef.

106 1296 240 1341 Tom.
260 1295 309 1353 1.,
338 1294 578 1340 liberaliter
607 1293 815 1350 traditas,
859 1307 999 1352 quae,
1036 1292 1244 1350 quoniam
1278 1291 1484 1335 absoluto

108 1396 289 1442 demum
333 1396 526 1441 Catilina
564 1395 622 1439 ad
665 1411 738 1440 me
782 1399 1103 1456 pervenerunt,
1137 1399 1243 1437 tunc
1277 1394 1324 1437 in
1356 1407 1486 1436 usum

109 1499 259 1543 vocari
302 1513 394 1542 non
446 1502 667 1557 poterant.
745 1496 830 1540 His
885 1497 1072 1540 accessit
1123 1495 1243 1539 aliud
1287 1494 1486 1540 eiusdem

110 1600 189 1644 viri
222 1599 557 1644 benevolentiae
587 1604 722 1657 atque
752 1597 1012 1642 humanitati
1042 1597 1241 1642 debitum
1267 1597 1485 1641 auxilium.

111 1700 263 1756 Quum
298 1701 413 1745 enim
451 1700 782 1761 comperissem,
806 1701 851 1745 in
884 1699 1156 1744 bibliotheca
1185 1700 1312 1760 regia
1339 1699 1488 1743 Bero-

110 1803 266 1848 linensi
301 1803 534 1847 nonnullos
579 1803 774 1847 Sallustii
819 1802 997 1846 codices
1036 1803 1272 1859 asservari,
1321 1800 1489 1846 Schul-

111 1905 227 1962 zius‚
258 1904 336 1950 Vir
363 1904 706 1961 Illustrissimus,
739 1920 841 1950 meo
875 1910 1040 1964 rogatu
1075 1910 1230 1949 auctor
1264 1903 1348 1948 fuit
1374 1903 1490 1948 wil-

113 2005 274 2062 kenio,
311 2007 424 2052 illius
458 2006 757 2051 bibliothecae
791 2006 1026 2066 praefecto
1065 2020 1261 2061 summo,
1297 2011 1347 2049 ut
1377 2005 1490 2051 duos

114 2108 250 2153 libros
293 2124 426 2154 manu
470 2109 657 2170 scriptos
702 2108 792 2153 huc
830 2108 939 2153 mihi
972 2109 1191 2164 mitteret,
1226 2106 1386 2165 quibus
1421 2107 1493 2150 in·

115 2210 350 2277 spiciendis
386 2217 431 2256 et
455 2217 668 2270 quantum
700 2211 798 2256 fieri
840 2211 986 2271 potuit
1023 2209 1354 2270 diligentissime
1389 2222 1493 2252 cum

117 2312 296 2372 vulgata
330 2314 547 2374 scriptura
583 2313 863 2359 conferendis
897 2314 1066 2357 factum
1102 2318 1180 2369 est,
1207 2318 1255 2355 ut
1287 2311 1346 2355 de
1375 2309 1494 2354 mul-

118 2413 172 2457 tis
206 2413 314 2459 locis
352 2416 510 2460 certius
554 2431 606 2461 ac
647 2416 792 2462 verius
828 2415 1024 2460 iudicare
1060 2429 1193 2474 posse
1227 2412 1335 2457 mihi
1365 2411 1495 2455 vide-

121 2529 203 2559 rer.
283 2515 459 2560 Horum
503 2517 718 2562 librorum
763 2532 899 2576 quem
943 2516 1100 2561 vocavi
1145 2515 1495 2560 Berolinensem

119 2615 350 2675 primum,
387 2618 492 2663 olim
527 2619 725 2663 Santenii
760 2619 870 2672 suit,
915 2633 970 2662 ex
1005 2619 1126 2662 cuius
1162 2617 1434 2664 bibliotheca
1467 2629 1495 2657 a

124 2716 279 2765 Diezio
310 2726 486 2779 emptus
520 2727 677 2780 postea
711 2720 839 2765 huius
870 2720 948 2764 viri
976 2721 1238 2765 liberalitate
1265 2719 1308 2762 in
1329 2716 1494 2762 biblio-
