1630 3034
419 181 772 225 IUGURTHA.
808 181 934 225 GAP.
967 181 1138 224 XXXI.
1168 220 1179 234 ,
1383 185 1465 227 187

90 301 268 347 ravis-se.
341 297 476 344 Dicet
517 300 694 358 aliquis:
759 298 882 354 Quid
921 299 1055 359 igitur
1099 298 1288 344 censes?
1357 299 1533 343 Vin—18

90 397 329 441 dicandum
364 397 408 440 in
445 412 546 449 eos,
583 397 659 454 qui
692 395 809 440 hosti
842 396 1083 456 prodidere
1112 397 1469 456 rempublicam?

90 495 194 538 Non
229 510 363 538 manu
397 510 542 552 neque
577 494 645 547 vi,
691 493 811 552 quod
850 494 989 554 magis
1026 509 1103 538 vos
1140 495 1299 539 fecisse
1335 510 1469 553 quam

91 592 172 635 illis
210 591 422 635 accidisse
457 591 686 650 indignum
724 597 813 645 est,
868 605 1023 634 verum
1059 593 1388 649 quaestionibus
1424 597 1469 637 et

183 783 214 823 ξ.
242 781 296 815 18.
353 782 966 826 Vindicandum—rempublicam?]
1001 783 1066 816 His
1100 783 1216 817 verbis
1248 783 1282 817 in
1312 784 1472 818 omnibus

91 841 167 874 edd.
192 842 379 875 semicolon
404 843 610 887 apponitur,
645 846 683 875 ut
716 842 823 886 ipsius
848 843 1007 876 Memmii
1030 855 1230 887 responsum
1255 844 1472 886 contineant3

91 913 202 945 neque
228 908 340 946 potest
362 903 485 948 negari
508 903 555 937 ita
578 903 662 936 satis
685 914 831 947 gravem
852 903 926 937 cius
958 904 1078 937 inferri
1110 905 1339 946 sententiam,
1369 906 1473 949 plane

92 968 129 997 ut
154 964 187 996 in
205 964 360 998 oratione
384 964 496 997 Macri
523 964 556 997 in
583 964 760 1008 Frsgmm.
786 965 936 998 Historr.
962 965 1021 1008 lli,
1045 965 1110 1006 22,
1139 965 1196 998 l-l.
1242 965 1378 1000 Tamen
1403 967 1473 1000 dif-

92 1025 183 1059 fiteri
207 1038 274 1059 non
299 1037 452 1070 possum,
479 1025 589 1058 multo
613 1025 740 1058 rectius
759 1025 870 1059 videri
885 1026 1122 1069 interrogandi
1139 1026 1290 1070 signum,
1308 1032 1348 1061 ut
1365 1029 1474 1062 verba

91 1086 160 1120 sint
183 1085 277 1128 eius,
302 1098 405 1130 quem
431 1087 617 1120 Memmius
640 1097 682 1118 ex
706 1097 743 1118 se
768 1091 990 1128 quaerentem
1015 1087 1134 1129 fingit:
1162 1088 1245 1131 quid
1264 1089 1378 1132 igitur
1395 1101 1474 1122 cen-

93 1147 172 1180 ses?
220 1150 283 1181 An
314 1160 469 1181 censes
500 1147 745 1180 vindicandum
778 1148 815 1180 in
843 1159 899 1180 eos
929 1148 1021 1181 eta?
1068 1149 1141 1182 lam
1174 1160 1262 1191 quae
1285 1155 1475 1192 sequuntur

93 1219 171 1241 eam
195 1208 268 1240 vim
293 1209 441 1250 habent,
465 1212 506 1242 ut
529 1208 716 1241 Memmius
739 1207 843 1241 facile
867 1209 1018 1251 probans
1042 1209 1260 1252 sententiam,
1285 1222 1388 1253 quam
1413 1211 1475 1245 ille

94 1268 126 1301 ei
150 1269 365 1310 subiecerat,
396 1269 570 1312 quomodo
598 1280 639 1301 ea
663 1270 878 1303 moderanda
907 1270 953 1303 sit
978 1271 1143 1304 ostendat.
1190 1271 1321 1305 Caussa
1345 1276 1475 1315 autem,

93 1341 156 1363 cur
171 1329 379 1363 Sallustium
413 1330 461 1363 ita
494 1329 673 1373 scripsisse
701 1330 885 1372 probabile
918 1330 982 1372 sit,
1017 1323 1106 1364 haec
1136 1335 1206 1372 est,
1244 1334 1335 1375 quod
1366 1335 1478 1368 verba

95 1391 218 1425 dicet
242 1391 367 1435 aliquis
389 1392 459 1424 hoc
482 1391 622 1435 quidem
647 1391 724 1423 loco
751 1390 786 1423 id
812 1391 947 1424 consilii
970 1392 1102 1424 habere
1125 1391 1303 1434 videntur,
1336 1398 1375 1427 ut
1399 1406 1477 1428 scn-

94 1451 203 1484 tentia
230 1452 402 1494 quaedam
426 1452 657 1494 inexspectata
682 1455 764 1494 apte
787 1451 970 1493 inferatur,
996 1463 1103 1496 quam
1126 1452 1216 1485 mihi
1240 1465 1308 1486 non
1333 1466 1478 1498 persua-

94 1512 154 1545 des
177 1512 293 1545 verbis
316 1513 398 1557 quid
422 1513 534 1557 igitur
556 1511 700 1546 censes?
732 1513 920 1555 contineri,
953 1513 1080 1556 quippe
1112 1524 1204 1557 quae
1235 1526 1299 1558 per
1331 1527 1368 1548 se
1391 1516 1477 1549 satis

94 1572 211 1606 inania
231 1572 308 1606 sint.
358 1573 501 1607 Accedit
523 1573 616 1606 haud
642 1572 729 1606 levis
751 1575 919 1608 momenti
943 1575 1029 1617 hoc,
1054 1575 1147 1618 quod
1170 1575 1206 1608 in
1230 1576 1306 1610 cod.
1330 1576 1477 1611 Goerlit.

94 1636 128 1666 et
152 1633 311 1676 plurimis
336 1633 444 1667 Corlii
473 1634 583 1675 libris,
607 1638 740 1678 septem
765 1635 939 1679 exceptis,
967 1635 1073 1670 verba
1097 1635 1146 1670 ita
1167 1636 1476 1682 interpunguntur=

96 1694 189 1737 Quid
207 1694 346 1739 igitur?
380 1695 505 1730 Censes
520 1696 767 1730 vindicandum
789 1696 826 1729 in
844 1707 900 1729 eos
917 1700 1003 1738 etc„
1026 1697 1149 1731 scribis
1173 1697 1305 1732 scilicet
1327 1700 1477 1734 alteram

93 1753 422 1800 interrogationem,
445 1756 519 1790 sine
541 1755 781 1802 interrogandi
806 1758 932 1791 vocula
955 1746 1103 1801 elatam,
1139 1759 1265 1793 melius
1290 1763 1478 1804 procedere

95 1817 314 1861 putantibus,
343 1817 372 1850 si
397 1828 512 1850 censes
535 1818 605 1850 huc
627 1818 817 1855 traherent.
866 1818 936 1851 Sed
958 1829 1033 1851 rem
1059 1830 1170 1862 paene
1193 1821 1352 1864 conficit,
1387 1824 1480 1867 quod

94 1881 174 1911 ante
195 1878 304 1911 verba
326 1889 394 1910 non
416 1890 523 1912 manu
545 1878 581 1911 in
605 1878 683 1912 aliis
707 1878 805 1912 codd.
822 1890 864 1912 ex
880 1878 1149 1922 interpolatione
1172 1881 1323 1916 habetur
1347 1895 1479 1927 censeo,

95 1936 132 1971 in
155 1937 235 1971 aliis
257 1938 376 1983 utique
396 1951 535 1981 censeo,
566 1939 602 1974 in
627 1939 706 1974 aliis
730 1940 1017 1984 respondeamus,
1040 1940 1076 1973 in
1100 1940 1179 1974 aliis
1203 1943 1326 1985 aliter,
1351 1946 1409 1978 sed
1432 1946 1480 1979 si-

94 1997 172 2031 mili
196 1999 311 2040 modo,
333 2011 423 2042 quae
444 1999 635 2034 certissime
657 2001 838 2034 ostendunt
861 2000 993 2034 scribas
1012 2000 1049 2033 in
1071 2002 1349 2037 antecedentibus
1372 2004 1481 2039 inter-

77 2049 316 2103 rogationem
347 2059 539 2102 invenisse,
576 2064 610 2093 et
645 2072 707 2104 pro
739 2063 842 2104 captu
875 2071 938 2093 sno
971 2061 1164 2095 orationem
1198 2063 1401 2106 explevisse.
1435 2086 1479 2092 -

102 2119 249 2153 Prodere
272 2119 411 2153 cortina
431 2132 498 2153 non
521 2120 603 2154 satis
627 2125 789 2155 accurate
813 2121 962 2164 explicat
987 2122 1141 2155 deserere
1163 2133 1206 2156 ac
1229 2124 1368 2159 tradere
1390 2128 1482 2162 male

95 2180 340 2220 tractandnm3
371 2191 459 2222 quae
489 2179 565 2223 ipsa
597 2192 708 2224 neque
731 2181 820 2215 inter
843 2193 879 2214 se
901 2182 1129 2225 conveniunt,
1162 2194 1273 2228 neque
1303 2187 1482 2231 propriam

97 2241 242 2284 prodere
264 2240 364 2273 verbi
399 2244 601 2284 potestatem
630 2243 799 2286 aperiunt.
847 2243 937 2276 Nam
969 2243 1030 2286 qui
1064 2242 1216 2287 aliquem
1250 2246 1483 2291 deserit‚‘est

97 2301 266 2346 ignavus,
299 2300 357 2344 qni
379 2301 519 2345 prodit,
554 2303 755 2347 malignus,-
788 2303 944 2337 deserere
969 2309 1100 2338 constat
1122 2316 1207 2338 non
1231 2309 1388 2351 agendo,
1420 2309 1482 2343 ubi

99 2373 205 2407 agere
229 2362 365 2401 debeas,
388 2363 536 2406 prodere
559 2374 644 2396 vero
668 2375 700 2396 m
715 2365 901 2397 alitiose
927 2366 1088 2409 agendo,
1114 2377 1182 2410 quo
1205 2367 1313 2402 alicui
1335 2381 1482 2411 noceas3

100 2423 261 2456 deserunt
286 2422 323 2465 ii,
349 2423 408 2465 qui
433 2435 505 2464 eos,
527 2435 612 2467 quos
636 2425 726 2458 tueri
751 2425 910 2467 debeant,
937 2438 1004 2459 uon
1032 2432 1153 2461 curant
1177 2428 1410 2475 damnumque
1438 2432 1482 2465 ab

98 2484 142 2516 iis
159 2494 227 2516 non
246 2488 388 2523 arcera,-
418 2484 571 2527 produnt
599 2484 646 2526 ii,
679 2487 738 2530 qui
763 2486 843 2519 aliis
867 2487 1026 2520 damnum
1051 2488 1204 2530 inferunt
1229 2493 1263 2524 et
1287 2492 1484 2527 malefactis

100 2542 289 2586 perniciem
314 2550 455 2588 parant.
501 2546 588 2580 Vide
614 2548 657 2580 dc
681 2547 836 2580 deserere
861 2547 970 2580 verbo
994 2552 1112 2581 notata
1136 2549 1179 2582 ad
1208 2551 1365 2593 Canbx,
1390 2552 1425 2586 7.
1449 2559 1484 2588 ct

100 2604 143 2636 dc
176 2608 321 2647 utroque
355 2607 556 2640 Doederlini
591 2607 821 2652 Synonymm.
856 2608 944 2643 Latt.
970 2610 1048 2646 Vol.
1072 2611 1131 2645 111.
1165 2623 1194 2654 p.
1221 2611 1301 2645 290.
1325 2612 1407 2647 292.
1435 2615 1482 2649 cf.

99 2664 172 2698 Cic.
196 2665 287 2708 Epp.
312 2666 357 2699 ad
381 2667 425 2709 Q.
451 2667 564 2701 Fratr.
589 2669 617 2711 1,
642 2668 676 2702 3.
703 2669 816 2702 Amici
831 2670 963 2712 partim
984 2671 1288 2706 deseruerunt
1311 2684 1378 2714 me,
1398 2685 1483 2717 par-

101 2725 162 2759 tim
182 2726 287 2759 etiam
300 2727 612 2770 prodiderunt.
640 2729 867 2764 Pseudo-Cic.
886 2735 973 2766 orat.
993 2743 1027 2776 p.
1044 2732 1132 2766 Red.
1151 2732 1185 2767 in
1202 2733 1282 2767 Sen.
1300 2745 1330 2769 c.
1348 2734 1406 2775 13,
1423 2734 1481 2768 32.

106 2784 151 2819 Ut
174 2796 228 2820 me
253 2791 286 2821 et
311 2788 555 2831 rempublicam
579 2801 645 2823 non
670 2791 769 2824 modo
794 2787 1084 2833 desererent,
1117 2793 1179 2828 sed
1201 2794 1306 2827 etiam
1330 2794 1482 2828 hostibus
