1630 3034
119 220 206 262 372
488 213 533 256 G.
565 211 895 255 SALLUSTI
925 206 1149 256 CRISPI

258 329 400 375 LXX.
471 330 560 374 Per
604 329 725 373 idem
761 335 936 388 tempus
970 329 1226 383 Bomilcar,
1267 329 1389 374 cuius
1425 329 1511 374 im-

123 429 257 490 pulsu
291 425 513 487 Iugurtha
549 425 837 480 deditionem,
874 412 1009 484 quam
1044 432 1168 470 metu
1200 425 1408 481 deseruit,
1444 426 1541 469 in-'

125 530 335 586 ceperat,
368 529 601 584 suspectus
637 523 748 583 regi,
786 528 832 567 et
866 523 962 583 ipse
994 539 1097 567 eum
1135 523 1394 583 suspiciens,
1431 537 1514 566 no-

129 639 205 668 vas
241 638 312 667 res
351 637 540 682 cupere,
585 620 645 664 ad
679 620 924 680 perniciem
960 621 1051 664 eius
1092 620 1248 664 dolum
1285 605 1533 677 quaerere,

88 721 198 770 2die
234 725 462 777 noctuque
497 718 689 778 fatigare
720 718 930 762 animum.
991 717 1200 776 Denique
1231 717 1382 761 omnia
1416 722 1511 761 ten-

126 868 234 901 quum
258 857 336 901 lege
360 853 488 889 Porcia
520 854 590 899 (de
615 864 686 898 qua
709 865 743 888 v.
778 854 823 888 ad
850 853 952 888 Catil.
988 853 1054 895 Li,
1081 853 1137 887 22.
1174 865 1207 897 p.
1233 853 1313 888 250.
1338 857 1372 888 et
1395 851 1518 897 Sigon.

128 919 170 952 de
193 917 338 960 antiqno
363 917 441 950 iure
464 927 544 960 pop.
571 916 677 949 Rom.
704 915 733 957 1,
756 915 791 949 6.
818 927 850 959 p.
876 914 934 948 87.
959 915 1012 948 ed.
1038 915 1122 948 Hal.
1149 913 1271 958 1715.)
1296 917 1438 947 cautum
1463 925 1518 946 es—

128 983 198 1021 set,
231 990 275 1012 ne
312 978 390 1021 quis
414 976 500 1010 civis
533 977 716 1010 Romanus
748 980 817 1011 aut
841 976 900 1020 qui
935 975 989 1009 ius
1022 974 1215 1018 Quiritium
1238 975 1384 1008 haberet
1409 973 1519 1018 virgis

128 1040 351 1081 caederetur,
376 1038 481 1071 huius
505 1037 665 1071 beneficii
690 1037 780 1070 nihil
807 1037 852 1071 ad
875 1048 955 1078 eos,
981 1035 1042 1079 qui
1070 1035 1145 1069 iure
1169 1035 1262 1069 Latii
1285 1039 1419 1079 tantum
1444 1041 1519 1068 ute-

128 1105 265 1142 rentur,
299 1099 513 1144 pertinebat,
547 1099 638 1142 quod
662 1097 754 1132 idem
778 1097 945 1143 Sigonius
968 1096 1103 1129 monuit
1127 1096 1161 1130 in
1195 1096 1286 1130 libro
1310 1096 1353 1129 de
1376 1095 1521 1139 antiquo

127 1162 204 1196 iure
226 1161 353 1195 Italiae
378 1161 406 1203 1,
430 1159 462 1193 4.
488 1171 521 1203 p.
546 1158 628 1194 496.
661 1159 715 1195 ed.
738 1159 821 1193 Hal.
859 1159 903 1192 οἳ.
927 1157 1037 1192 etiam
1061 1157 1245 1192 Heineccii
1269 1157 1409 1201 Antiqq.
1433 1157 1523 1191 luris

129 1223 233 1256 Rom.
258 1221 338 1257 Lib.
363 1221 390 1255 1.
414 1220 569 1264 Append.
606 1231 636 1253 c.
662 1220 703 1252 11.
734 1221 765 1261 §.
791 1218 847 1252 85.
873 1231 905 1262 p.
930 1218 1011 1253 301.
1037 1219 1091 1253 ed.
1116 1219 1304 1261 Haubold.‚
1329 1218 1391 1252 ubi
1414 1217 1524 1252 nostri

129 1295 266 1328 quoqne
289 1282 357 1316 loci
380 1282 511 1316 mentio
544 1282 604 1324 fit,
636 1285 671 1315 et
705 1279 799 1323 Lips.
833 1280 875 1313 de
897 1280 1003 1316 Milit.
1027 1281 1132 1314 Rom.
1159 1281 1208 1325 V,
1232 1279 1290 1316 18.
1337 1279 1523 1313 Meliorem

130 1344 264 1379 Latinis
288 1343 527 1394 condicionem
558 1340 694 1386 paravit
726 1340 847 1374 Livius
872 1339 1033 1375 tribunus
1055 1341 1187 1385 plebis,
1221 1341 1264 1375 de
1288 1351 1356 1385 quo
1380 1341 1524 1375 Plutar-

131 1406 217 1440 chus
243 1405 278 1438 in
303 1404 378 1439 vita
402 1404 440 1438 C.
466 1402 620 1437 Gracchi
644 1414 674 1435 c.
698 1402 760 1443 lx,
788 1413 822 1445 p.
846 1402 936 1435 med.
963 1402 1053 1436 haec
1076 1403 1202 1437 refert:
1232 1402 1369 1448 Λιβίου
1395 1399 1418 1437 δ’
1427 1414 1524 1442 πως

131 1464 247 1512 μηδ’
285 1463 362 1501 ἐπὶ
406 1463 660 1507 στρατείας
694 1459 779 1509 ἐξῇ
817 1460 924 1498 τινὰ
956 1463 1177 1498 Λατίνων
1219 1458 1423 1508 ῥάβδοις
1455 1463 1524 1498 αἰ-

134 1528 370 1563 κίσασθαι
403 1523 643 1569 γράψαντος,
679 1521 871 1570 ἐβοήθουν
895 1524 946 1570 τῷ
969 1521 1086 1570 νόμῳ.
1136 1524 1301 1558 Ceterum
1323 1525 1366 1558 de
1388 1523 1525 1568 Turpi-

133 1589 183 1624 lio
213 1600 288 1622 rem
322 1587 442 1631 paullo
468 1585 570 1619 aliter
603 1596 710 1629 quam
741 1583 928 1618 Sallustius
961 1590 1081 1618 narrat
1106 1585 1317 1619 Plutarchus
1348 1584 1385 1619 in
1409 1585 1526 1619 Mario

134 1662 164 1684 c.
188 1649 279 1683 vul.
329 1647 394 1682 Cui
418 1646 448 1681 si
471 1646 556 1679 fides
579 1645 760 1688 habenda,
784 1644 890 1678 miser
913 1646 1118 1688 praefectus,
1150 1646 1253 1689 culpa
1277 1657 1420 1688 vacuus,
1445 1647 1525 1680 Ma-

135 1710 188 1745 rio
220 1709 395 1754 imprimis
426 1706 601 1742 annitente
635 1704 760 1749 capitis
787 1704 971 1738 damnatus
1002 1710 1079 1748 est,
1113 1707 1204 1741 nihil
1234 1707 1399 1741 adversus
1421 1706 1528 1740 huius

135 1771 358 1806 severitatem
382 1779 424 1802 ac
447 1766 635 1801 saevitiam
659 1764 795 1800 Metelli
818 1764 970 1808 hospitio
995 1767 1142 1801 valente.

229 1831 334 1865 Lxx.
363 1833 395 1873 ἓ.
419 1828 454 1863 l.
489 1839 593 1873 quam
609 1849 655 1854 -—
673 1826 836 1870 deseruit]
865 1827 936 1859 Res
960 1831 1102 1861 narrata
1127 1830 1177 1861 est
1202 1838 1232 1860 c.
1257 1826 1365 1867 an,
1387 1824 1421 1860 8.
1454 1826 1526 1861 Pro

137 1893 289 1927 deseruit
322 1889 570 1934 exspectaveris
602 1889 751 1922 sortasse
782 1887 918 1930 omisit,
953 1899 1060 1930 quum
1085 1888 1255 1932 lugurtha
1286 1894 1406 1931 sponte
1429 1888 1526 1921 dedi-

137 1953 242 1989 tionis
274 1952 458 1987 consilium
494 1951 683 1991 abiecerit3
726 1949 786 1983 sed
817 1948 1005 1982 Sallustius
1036 1949 1195 1982 consulto
1229 1949 1386 1983 deserere
1417 1950 1526 1983 verbo

139 2027 220 2050 usus
241 2014 400 2057 videtur,
423 2015 462 2045 ut
486 2011 704 2056 significaret
726 2009 935 2054 Iugurtham
959 2014 1081 2043 contra
1106 2020 1209 2053 quam
1233 2009 1401 2045 debuerat
1424 2021 1445 2044 a
1469 2011 1528 2044 de—

140 2076 270 2110 ditione
297 2073 483 2109 abstitisse.
508 2073 552 2106 cf.
577 2082 666 2116 quae
690 2071 732 2105 de
757 2074 930 2115 potestate
953 2069 1052 2104 verbi
1077 2070 1232 2104 deserere
1257 2070 1405 2104 diximus
1429 2071 1474 2105 ad
1498 2083 1528 2106 c.

141 2134 271 2178 XXXI,
297 2133 353 2168 18.
382 2146 413 2178 p.
439 2133 518 2167 187.
543 2152 588 2158 —
615 2132 812 2178 Suspiciens
836 2132 859 2169 i.
884 2144 913 2166 e.
938 2135 1135 2175 suspectum
1159 2131 1310 2173 habens,
1334 2142 1403 2175 quo
1427 2143 1529 2166 sensu

141 2197 310 2241 suspicere
343 2195 432 2230 alias
465 2206 533 2228 non
563 2194 700 2228 dicitur.
749 2193 818 2227 Sed
851 2199 1048 2238 suspectare
1072 2192 1120 2226 ita
1155 2192 1246 2235 apud
1271 2192 1434 2227 Tacitum
1459 2184 1548 2228 fre—-

141 2268 273 2301 quens;
300 2268 333 2290 ν.
357 2255 574 2291 Boetticheri
599 2257 680 2290 Lex.
706 2255 794 2291 Tac.
814 2256 851 2292 h.
875 2267 908 2289 v.
935 2268 969 2299 p.
992 2253 1072 2290 453.
1120 2254 1224 2287 Haud
1250 2253 1346 2287 male
1367 2254 1529 2288 lamnan-

143 2330 207 2352 nus
239 2321 355 2351 censet
391 2315 601 2351 Sallustium
633 2317 813 2360 oppositae
843 2315 1031 2351 sententiae
1064 2315 1190 2348 naturai
1222 2314 1266 2348 ad
1296 2326 1399 2348 usum
1432 2315 1531 2349 verbi

144 2378 263 2422 paullo
296 2376 555 2412 insolentiorem
591 2378 733 2411 ductum
769 2389 863 2419 esse,
911 2377 992 2412 coll.
1026 2375 1102 2410 Cat.
1135 2376 1218 2414 xh,
1248 2374 1283 2409 2.
1343 2377 1532 2411 Umbrenus

145 2439 356 2484 principibus
397 2439 590 2473 civitatium
634 2443 774 2473 notus
813 2444 918 2473 erat
955 2442 1061 2482 atque
1100 2448 1160 2471 eas
1201 2441 1406 2471 noverat.
1451 2436 1529 2470 Liv.

147 2499 321 2543 XXXIX,
355 2498 421 2540 40,
456 2499 490 2536 9.
539 2500 741 2534 Simultates
782 2503 1094 2533 exercuerunt
1129 2509 1222 2532 eum
1255 2498 1384 2542 etipse
1407 2508 1529 2531 exer-

147 2560 242 2594 cuit
287 2570 372 2592 eas.
405 2559 520 2593 Verba
554 2560 610 2593 ad
642 2560 829 2604 pernicicm
861 2560 933 2593 eius
965 2560 1123 2594 dolum
1155 2569 1320 2604 quaerere
1354 2558 1439 2592 Non.
1463 2557 1529 2599 lv,

147 2618 227 2654 438.
259 2618 310 2652 sic
340 2620 463 2654 refert:
497 2625 539 2655 et
570 2622 755 2664 pernicicm
791 2621 863 2655 eius
901 2621 1006 2655 dolo
1037 2631 1227 2665 quaerere,
1259 2629 1351 2662 quae
1380 2617 1531 2651 mutatio

148 2679 294 2715 difficile
328 2681 422 2715 dictu
446 2684 498 2715 est
521 2681 610 2715 unde
634 2681 794 2723 fluxerit,
829 2693 937 2724 quum
971 2682 1066 2715 nulla
1098 2680 1133 2715 in
1157 2680 1255 2715 codd.
1278 2677 1440 2712 Sallustii
1460 2677 1529 2711 dis-

149 2740 328 2784 crepantia
360 2741 553 2784 scripturae
587 2742 654 2783 sit,
686 2746 720 2776 et
755 2742 828 2786 ipse
861 2741 991 2775 Nouius
1024 2740 1059 2774 in
1083 2740 1207 2774 ceteris
1241 2738 1356 2772 verbis
1378 2738 1428 2772 ita
1449 2750 1530 2773 cum

148 2799 247 2833 codd.
277 2801 486 2842 consentiat,
518 2806 556 2836 ut
576 2802 685 2836 verba
718 2813 787 2836 non
816 2800 1019 2836 memoriter
1050 2801 1210 2837 laudasse
1244 2799 1412 2834 videatur.
1460 2799 1528 2834 Sed
