1630 3034
82 119 86 124 ⁸
130 162 216 204 aaa
503 154 550 198 c,
580 154 907 198 SALLusrl
939 155 1158 200 emsm

65 283 118 323 10
129 277 298 323 bellum
334 271 487 326 sumit3
533 277 578 316 et
615 270 792 327 Romae
817 278 1006 318 <senatus
1042 274 1101 319 de
1138 274 1378 335 provinciis
1407 289 1520 320 con-

132 375 269 421 sultus
303 369 561 417 Numidiam
596 368 786 414 Metello
823 369 1096 418 decreverat.

267 467 432 515 LXIII.
486 467 576 511 Per
610 465 732 512 idem
766 473 945 528 tempus
980 467 1144 513 Uticae
1179 467 1296 512 forte
1332 466 1384 514 C.
1413 465 1521 511 Ma-

130 571 198 615 rio
231 582 317 630 per
350 564 520 610 hostias
557 564 623 609 dis
659 565 929 625 supplicanti
962 580 1130 627 magna
1169 572 1304 625 atque
1338 564 1522 609 mirabi-

131 684 170 716 ut
193 692 224 716 c.
250 678 359 719 XLII,
386 676 419 712 1.
471 676 648 712 Nobilitas
669 676 795 712 modo
815 689 880 722 per
902 678 1030 721 socios,
1055 678 1286 713 interdum
1307 687 1370 722 per
1393 676 1524 721 equites

131 743 234 776 Rom.
262 738 495 774 Gracchorum
519 739 713 773 actionibus
736 739 872 773 obviam
896 740 998 774 ierat.
1023 739 1094 781 LV,
1117 738 1152 775 S.
1197 738 1377 784 Iugurtha
1398 737 1524 773 modo

131 815 168 837 se
193 801 358 841 Metello,
390 799 627 834 interdum
659 799 776 834 Mario
805 800 996 837 ostendere.
1021 800 1186 843 LXXIV,
1210 801 1245 834 1.
1294 800 1362 834 Mo
1374 800 1426 833 elo
1457 799 1525 833 ad-

129 875 266 899 vorsum
290 861 409 905 hostis,
434 861 669 895 interdum
688 861 725 895 in
747 862 950 896 solitudines
969 873 1130 908 pergere.
1151 860 1340 896 Heindorf.
1366 860 1410 895 ud
1434 860 1524 894 Hor.

130 926 207 961 Sat.
228 925 258 966 Ι,
280 922 315 966 9,
340 921 376 958 9.
422 922 477 955 Ire
501 922 624 956 modo
648 923 762 964 ocius,
785 923 1014 957 interdum
1038 923 1233 958 consistere.
1255 921 1304 957 ib.
1328 922 1357 963 1,
1382 921 1442 964 10,
1461 921 1520 955 11.

129 985 303 1021 Similiter
326 982 417 1026 apud
442 982 608 1017 Tacitum
633 982 702 1017 sibi
726 988 950 1028 opponuntur
972 983 1073 1018 modo
1103 1001 1150 1007 —
1180 982 1395 1027 aliquando,
1427 981 1525 1016 velut

129 1049 219 1084 Ann.
250 1047 291 1088 1,
313 1044 381 1084 81,
405 1042 438 1076 2.
476 1043 544 1084 XI,
570 1041 636 1086 34,
660 1043 694 1080 1.
725 1054 760 1078 V.
794 1043 1011 1079 Boetticlieri
1043 1044 1125 1078 Lex.
1159 1042 1279 1077 Tacit.
1313 1053 1349 1076 v.
1383 1043 1524 1078 interim

131 1122 165 1155 p.
188 1107 270 1143 284.
294 1126 340 1132 —-
372 1105 443 1139 Pro
475 1114 589 1137 secum
612 1104 685 1148 ipse
717 1104 852 1149 aliquot
875 1105 972 1140 codd.
995 1105 1128 1139 habent
1161 1104 1235 1149 ipse
1258 1114 1394 1147 secum,
1419 1114 1525 1148 quem

130 1171 318 1204 verborum
343 1165 501 1200 ordinem
525 1165 770 1199 damnavimus
804 1165 847 1200 ad
873 1165 978 1214 Catil.
1003 1165 1157 1208 XXXII,
1180 1164 1216 1199 1.
1238 1176 1273 1209 p.
1297 1163 1381 1201 150.
1402 1182 1450 1190 -—
1471 1164 1525 1198 Ad

131 1231 263 1265 verba:
288 1238 393 1273 quam
417 1227 541 1271 gravis
565 1238 667 1261 casus
690 1227 727 1261 in
749 1227 928 1262 servitium
951 1238 991 1262 ex
1014 1238 1125 1273 regno
1142 1228 1259 1270 foret,
1283 1225 1422 1261 Curtius
1447 1229 1527 1270 apte

131 1289 353 1336 comparavit
376 1287 500 1322 Seuec.
525 1287 708 1322 Phoeniss.
733 1299 766 1321 v.
787 1287 869 1323 599.
913 1288 956 1322 In
977 1288 1179 1322 servitutem
1202 1287 1327 1321 cadere
1352 1287 1395 1321 de
1417 1298 1526 1333 regno

130 1364 244 1401 grave
269 1356 331 1387 est.
355 1369 402 1375 --
430 1349 672 1394 Nequidquam
696 1349 948 1395 explicavimus
971 1349 1017 1383 ad
1040 1360 1071 1384 c.
1097 1348 1226 1390 XXXI,
1250 1345 1284 1382 5.
1307 1366 1353 1371 -
1376 1348 1423 1382 Et
1446 1350 1527 1382 ante

131 1417 267 1450 Romae
290 1411 429 1447 Curtius
454 1409 572 1444 omisit
597 1410 807 1445 auctoritate
830 1410 1076 1444 nonnullarum
1100 1409 1176 1444 edd.
1196 1407 1442 1459 antiquarum,
1465 1408 1527 1443 sed

128 1477 230 1511 nullo
254 1474 329 1509 cod.
354 1473 505 1507 favente.
552 1473 643 1505 Eum
668 1472 705 1506 in
729 1473 783 1506 ed.
807 1471 892 1506 mai.
917 1483 986 1506 nou
1007 1475 1148 1506 secutus
1170 1474 1222 1505 est
1245 1469 1466 1512 Gerlachius,
1490 1469 1526 1504 in

131 1537 342 1572 Commentt.
376 1544 409 1576 p.
430 1532 511 1567 302.
542 1532 611 1566 sibi
645 1532 719 1577 ipsc
752 1545 965 1578 repugnans.
1024 1532 1169 1566 Scilicet
1209 1530 1272 1565 ubi
1306 1530 1474 1576 cognovit
1503 1541 1526 1565 a

130 1599 209 1633 vat.
234 1596 270 1631 5.
295 1594 390 1629 Med.
416 1593 451 1628 5.
479 1598 515 1628 et
538 1594 623 1629 I'en.
647 1594 682 1627 2.
719 1599 752 1629 et
776 1595 897 1628 abesse
912 1619 923 1636 ,
952 1593 988 1627 in
1013 1593 1140 1627 Medic.
1166 1597 1282 1627 autem
1307 1590 1340 1627 8.
1365 1591 1422 1626 11.
1445 1592 1524 1626 Vat.

129 1660 166 1694 1.
191 1659 226 1692 2.
249 1657 285 1692 6.
311 1660 373 1699 at,
402 1665 470 1687 non
499 1659 532 1689 et
547 1679 556 1697 ,
580 1654 749 1699 scriptum
773 1666 871 1699 esse,
894 1653 1054 1698 protinus
1079 1653 1185 1687 sensit
1205 1652 1375 1687 Sallustio
1397 1663 1527 1687 rnorem

130 1731 205 1754 esse
229 1719 279 1753 ita
302 1716 364 1760 „in
388 1715 458 1749 fine
481 1714 648 1750 orationis
671 1716 844 1750 clausulas
876 1713 1049 1758 adiicere,
1082 1715 1178 1748 nulla
1202 1715 1330 1759 copula
1354 1715 1526 1758 addita;“

129 1781 191 1816 sed
224 1779 302 1824 ipse
333 1777 467 1822 primus
499 1776 563 1809 has
595 1787 710 1821 nugas
742 1776 777 1809 in
807 1775 861 1810 ed.
902 1774 987 1808 min.
1019 1787 1139 1809 rursus
1170 1776 1360 1810 damnavit.
1402 1776 1524 1811 Recte.

130 1842 221 1877 Nam
245 1840 433 1874 cohaerent
461 1842 639 1882 postrema
671 1838 779 1872 verba
802 1848 882 1871 cum
906 1836 1115 1880 antegressis
1145 1835 1217 1880 ita,
1252 1841 1290 1871 ut
1314 1848 1443 1872 novum
1467 1839 1525 1872 Iu-

129 1903 283 1949 gurthae
305 1899 491 1935 consilium
514 1899 684 1933 Romanis
716 1910 782 1932 non
808 1901 945 1942 practer
968 1897 1259 1941 exspectationem
1284 1899 1453 1934 accidisse
1476 1899 1525 1935 si-

130 1965 329 2010 gnificetur.
379 1961 501 2005 Quare
525 1964 563 1994 ut
587 1960 660 1994 vim
693 1960 839 2004 copulae
871 1958 908 1993 h.
933 1958 958 1991 1.
983 1957 1197 1992 illustremus
1222 1960 1290 1995 hac
1315 1961 1414 1996 nobis
1438 1973 1525 2006 opus

130 2030 184 2060 est
211 2022 550 2066 circumscriptione:
584 2021 666 2066 lug.
692 2022 735 2055 de
756 2020 894 2065 integro
918 2019 1052 2053 bollum
1076 2020 1208 2063 sumit3
1242 2022 1345 2066 idque
1363 2025 1526 2067 futurum

132 2098 206 2121 esse
228 2097 299 2120 uon
323 2084 546 2118 dubitaverat
570 2083 729 2124 Senatus,
755 2092 861 2126 eoque
886 2080 928 2114 de
952 2091 1052 2125 prov.
1077 2092 1171 2114 cons.
1219 2082 1424 2118 Numidiam
1447 2084 1525 2118 Me-

132 2148 216 2183 tello
238 2148 462 2187 decreverat,
486 2143 614 2188 quippe
636 2154 741 2187 quem
764 2143 878 2178 solum
901 2142 1112 2187 Iugurtham
1131 2154 1296 2188 superare
1318 2155 1418 2189 posse
1441 2156 1526 2180 cou-

132 2209 267 2243 fideret.

227 2281 352 2317 LXIII.
377 2282 411 2323 §-
434 2279 469 2315 1.
517 2278 586 2313 Per
608 2279 702 2314 idem
726 2279 874 2324 tempus]
899 2279 966 2314 Per
988 2278 1257 2323 praepositionis
1280 2279 1316 2314 in
1339 2280 1524 2327 designari·
1556 2322 1562 2331 Ι

133 2345 179 2379 do
201 2348 358 2388 tempore
381 2352 460 2376 eam
484 2352 560 2375 esse
582 2344 789 2384 potestatem
814 2344 908 2375 recto
938 2340 1186 2375 animadvertit
1206 2326 1362 2383 Cor-tius,
1396 2347 1435 2377 ut
1456 2353 1524 2377 nou

133 2410 205 2441 tam
231 2409 328 2440 certa
349 2414 391 2438 ac
414 2401 549 2437 stabilis
572 2403 739 2445 temporis
769 2401 944 2447 particula
975 2412 1018 2436 ea
1040 2401 1231 2447 indicetur,
1265 2414 1372 2446 quam
1395 2407 1524 2439 unctus

135 2466 277 2511 quidum
307 2464 473 2508 temporis
505 2464 623 2508 paullo
656 2463 763 2498 latius
794 2466 915 2507 putens
946 2473 1058 2506 neque
1081 2462 1208 2497 finibus
1235 2462 1270 2497 in
1295 2475 1401 2498 unum
1425 2463 1524 2507 quasi

133 2531 301 2572 punctum
325 2525 518 2566 coercitus,
543 2535 612 2568 quo
636 2535 739 2558 sensu
762 2524 872 2558 etiam
896 2523 988 2557 circa
1011 2523 1223 2569 praepositio
1246 2527 1453 2568 usurpatum
1477 2525 1523 2559 cf.

134 2587 228 2621 infru
250 2588 360 2629 Lxx,
382 2587 416 2620 1.
435 2598 498 2631 pcr
521 2586 612 2620 idem
634 2591 777 2629 tempus.
803 2585 925 2628 CXIV,
945 2585 980 2619 1.
1005 2584 1081 2619 Cat.
1108 2585 1300 2627 XXXVIII,
1319 2585 1354 2622 3.
1372 2596 1437 2629 per
1461 2585 1524 2619 illa

137 2654 307 2693 tempora.
331 2648 595 2682 Drakenborch.
619 2647 664 2681 ad
688 2647 762 2682 Liv.
794 2647 915 2688 XXX,
939 2645 1004 2687 38,
1029 2645 1062 2681 5.
1094 2657 1159 2690 per
1195 2657 1251 2680 cos
1274 2646 1357 2680 dien.
1395 2645 1523 2689 xxm,

137 2708 196 2751 21,
221 2708 254 2742 1.
279 2719 316 2742 v.
343 2707 558 2741 Boctticheri
583 2708 668 2742 Lex.
701 2706 816 2742 Tacit.
851 2718 887 2741 v.
916 2718 1002 2751 per,
1027 2708 1059 2750 §-
1084 2707 1118 2743 3.
1153 2718 1187 2751 p.
1209 2706 1290 2740 349.
1313 2709 1349 2740 et
1373 2707 1520 2751 Grysar.

140 2771 214 2805 Art.
239 2768 363 2805 [satine
385 2768 557 2804 scribendi
581 2780 614 2812 p.
632 2767 703 2803 443
716 2779 764 2812 sq.
790 2769 822 2811 5.
847 2767 881 2802 2.
906 2787 950 2793 —-
979 2767 1045 2802 Per
1067 2767 1200 2802 hostias
1224 2767 1278 2802 115·
1299 2768 1520 2812 supplicanti,
