1630 3034
175 208 258 248 18⁰
545 200 591 242 C.
622 200 948 254 SALLUSTI
979 200 1192 244 CRISPI

176 319 324 375 itaque
365 313 595 377 postremo
636 315 791 377 leges,
839 297 1068 361 maiestas*
1097 315 1272 376 vostea,
1328 318 1475 362 divina
1520 323 1564 362 et

114 415 372 459 1ohumana
419 412 568 459 omnia
613 414 816 459 hostibus
861 414 1019 458 tradita
1069 421 1180 458 sunt.
1266 414 1425 472 Neque
1471 429 1564 469 eos,

174 559 345 593 parvum3
379 559 412 582 v.
437 548 637 582 Doederlin.
669 548 865 593 Synonym.
900 547 974 582 Lat.
1006 548 1084 581 Vol.
1117 548 1145 581 1.
1177 559 1211 591 p.
1236 546 1315 581 145.
1349 548 1469 591 Quare
1499 557 1567 581 non

178 609 334 653 deposita
356 608 527 653 primaria
550 608 586 642 vi
611 608 661 642 ita
689 613 896 653 usurpatur,
941 614 978 642 ut
1008 607 1220 643 substantivi
1250 607 1345 642 vices
1378 607 1493 652 primo
1526 618 1569 641 ac

178 673 303 714 quarto
327 681 409 704 casu
431 669 535 713 positi
561 669 714 714 impleat,
741 670 832 713 quod
853 674 951 710 recte
974 670 1079 704 sensit
1093 670 1324 704 Frotscherus
1339 669 1383 703 ad
1401 667 1568 712 Quinctii.

180 732 233 772 X,
258 732 299 773 1,
325 731 404 765 130.
429 742 462 775 p.
488 729 569 765 256.
594 731 641 765 cf.
664 730 757 765 infra
780 733 812 773 S.
829 731 886 765 22.
920 732 996 764 Illis
1024 742 1182 775 parum
1214 735 1281 765 est
1314 731 1453 774 impune
1476 729 1569 763 male

173 792 311 836 fecisse.
335 791 413 828 Liv.
437 791 496 833 IV,
519 791 554 834 2,
578 790 612 825 7.
647 791 808 826 Parum
833 792 877 826 id
900 793 1076 834 videri,
1100 793 1192 837 quod
1215 793 1331 826 omnia
1355 791 1478 825 diuina
1503 790 1567 823 hu-

178 863 353 897 manaque
377 852 569 887 turbentur.
605 852 676 886 Cic.
701 853 744 886 de
768 853 840 887 Off.
864 854 900 895 Ι,
924 852 990 895 25,
1015 853 1071 887 89.
1101 854 1288 898 Nunquam
1306 853 1418 887 iratus
1437 852 1569 885 medio-

178 913 337 948 critatem
366 914 465 947 illam
496 914 647 956 tenebit,
680 926 768 958 quae
796 920 846 949 est
868 915 989 949 inter
1012 914 1197 947 nimium
1222 919 1255 947 et
1282 925 1464 958 parum,
1500 922 1569 955 quo

177 974 255 1008 loco
283 978 346 1009 aut
379 975 524 1008 nimium
559 986 622 1019 pro
655 975 820 1009 adverbio
846 975 1048 1009 habendum
1072 979 1142 1015 est,
1176 974 1268 1018 quod
1291 978 1344 1009 est
1367 974 1571 1013 absurdum,

177 1038 239 1069 aut
261 1035 517 1069 concedendum
539 1047 666 1080 parum
690 1035 886 1070 accusativi
910 1036 983 1069 vim
1008 1036 1150 1069 habere.
1189 1035 1324 1078 Quodsi
1345 1035 1382 1069 id
1404 1046 1446 1068 ex
1470 1045 1572 1078 prae-

177 1094 348 1138 positione
365 1096 514 1140 pendere
536 1100 667 1141 potest,
699 1097 792 1131 nihil
817 1097 918 1131 video
943 1109 1004 1130 cur
1027 1108 1095 1131 non
1119 1097 1227 1131 etiam
1251 1108 1293 1130 ex
1316 1096 1425 1129 verbo
1449 1099 1571 1139 aptum

177 1168 253 1190 esse
277 1161 401 1200 queat,
434 1159 621 1203 obiectique
645 1162 850 1202 potestatem
874 1158 1026 1202 habeat,
1052 1157 1257 1202 praesertim
1283 1168 1389 1201 quum
1414 1167 1457 1190 ea
1479 1154 1571 1189 ratio

179 1217 347 1262 analogia
371 1215 536 1254 dictionis
559 1221 646 1255 satis
671 1221 778 1254 habeo
803 1223 1022 1253 sustentetur.
1046 1219 1091 1252 cf.
1116 1218 1382 1263 1ug.Lxxxv‚
1405 1217 1462 1251 31.
1493 1215 1571 1249 Non

178 1284 258 1314 sunt
278 1280 465 1323 composita
485 1292 564 1314 mea
581 1281 706 1322 verba3
738 1293 895 1326 parum
929 1281 973 1314 id
997 1281 1147 1323 facio,
1182 1280 1242 1313 ubi
1266 1290 1300 1314 v,
1322 1282 1456 1313 notata.
1479 1276 1571 1310 Veli.

178 1340 224 1381 11,
248 1338 308 1381 76,
334 1343 420 1374 extr.
447 1340 611 1375 Parum
635 1343 833 1376 habebat
857 1354 993 1376 summa
1016 1342 1200 1386 accepisse.
1227 1340 1362 1374 Seneca
1379 1340 1421 1373 de
1436 1336 1572 1372 Beneff.

181 1401 234 1442 11,
258 1400 315 1434 12.
352 1398 514 1435 Parum
538 1403 770 1438 iudicavit
795 1404 824 1437 si
853 1409 993 1438 senator
1018 1415 1121 1437 senex
1148 1403 1291 1448 supplex
1319 1402 1384 1435 sibi
1410 1411 1448 1434 eo
1478 1408 1572 1432 more

179 1461 364 1500 iacuisset,
387 1474 452 1506 quo
468 1463 551 1497 victi
568 1464 681 1499 hostes
700 1465 853 1499 hostibus
873 1466 1022 1499 iacuere.
1055 1463 1223 1508 Quinctil.
1248 1464 1402 1497 Declam.
1420 1460 1513 1500 xlv,
1538 1457 1571 1493 5.

185 1522 342 1556 Parum
366 1534 401 1556 se
430 1524 623 1566 lenociniis,
646 1536 802 1569 parum
825 1531 953 1570 putant
977 1537 1123 1572 agere
1147 1525 1349 1559 mendaciis.
1384 1519 1461 1558 Liv.
1478 1520 1574 1561 vul,

181 1580 248 1621 32,
274 1582 329 1617 16.
369 1583 479 1625 Quum
512 1596 670 1629 parum
699 1587 880 1630 precibus,
910 1598 1071 1631 parum
1103 1598 1227 1620 caussa
1258 1585 1572 1630 proficerent,

182 1654 273 1686 quae
304 1643 385 1677 loca
424 1646 629 1679 sententiam
662 1651 818 1681 nostram
859 1649 1044 1691 probantia
1077 1649 1246 1691 pleraque
1274 1645 1391 1680 attulit
1424 1643 1573 1677 eortius.

183 1705 275 1747 lam,
301 1705 435 1749 opinor,
459 1718 520 1749 per
543 1718 579 1740 se
602 1711 696 1750 patet
719 1709 877 1742 adverbii
901 1713 1127 1753 potestatem,
1153 1719 1258 1750 quam
1283 1705 1388 1740 huius
1411 1701 1574 1737 vocabuli

183 1767 361 1811 propriam
387 1779 461 1801 esse
485 1767 619 1809 dicunt,
645 1769 681 1801 vi
702 1771 893 1803 accusativi
916 1775 1094 1811 constare,
1130 1769 1189 1812 qui
1214 1779 1314 1802 casus
1338 1765 1514 1814 quomodo
1539 1763 1574 1796 in

183 1828 389 1862 adverbium
415 1834 567 1862 transeat
590 1829 674 1862 satis
699 1829 833 1863 dictum
859 1835 1020 1873 putamus
1045 1830 1089 1864 ad
1114 1842 1144 1864 c.
1170 1830 1222 1871 V,
1245 1830 1278 1863 4.
1311 1827 1391 1860 coll·
1409 1826 1443 1867 Ι,
1467 1823 1503 1859 5-
1527 1824 1574 1857 cf·

183 1901 212 1922 c.
230 1889 297 1930 xl,
323 1888 356 1924 5.
392 1889 575 1933 Micipsam
603 1901 720 1933 paru
732 1902 764 1922 m
790 1892 904 1924 animo
931 1892 1143 1925 valuisse.
1171 1890 1319 1931 van,
1343 1888 1377 1922 3.
1411 1887 1452 1920 Id
1472 1886 1573 1919 mise-

181 1950 377 1984 ricordiane
401 1950 543 1994 hospitis
567 1963 614 1983 an
633 1952 793 1995 pactione
809 1953 860 1985 ita
882 1953 1054 1994 evenerit,
1079 1963 1193 1996 paru
1208 1963 1238 1984 m
1265 1948 1573 1993 comperimus.

184 2010 348 2051 LXXIX,
379 2011 411 2045 5.
456 2011 497 2044 Id
530 2012 733 2046 socordiane
784 2025 832 2047 an
862 2026 945 2047 casu
984 2013 1169 2055 acciderit,
1221 2022 1376 2056 parum
1418 2007 1575 2053 cognovi.

185 2070 370 2115 Fragmm.
404 2072 555 2106 Historr.
580 2073 649 2115 ΙΙΙ,
682 2073 750 2114 22,
777 2074 808 2106 l.
851 2075 946 2108 Geri.
984 2075 1046 2116 Si,
1080 2074 1254 2116 Quirites,
1287 2081 1445 2116 parum
1476 2068 1574 2103 exi-

184 2132 480 2175 stumaretis‚
514 2134 605 2177 quod
633 2135 723 2168 inter
753 2135 805 2168 ius
837 2147 860 2169 a
890 2136 1078 2169 maioribus
1098 2136 1256 2169 relictum
1276 2133 1369 2166 uobis
1389 2138 1423 2166 ct
1443 2131 1506 2165 hoc
1529 2149 1575 2155 —

183 2193 362 2226 servitium
395 2194 585 2228 interesset.
623 2195 771 2237 Quintil.
805 2196 874 2235 xl.
908 2196 953 2238 3,
989 2195 1068 2229 180.
1108 2196 1267 2229 Parum
1302 2193 1576 2228 conveniens

180 2264 350 2297 personae
373 2255 472 2288 risus.
507 2274 552 2279 —
587 2256 717 2289 Divina
748 2262 782 2290 et
811 2258 966 2291 humana
996 2257 1142 2291 omnia
1168 2255 1288 2300 paullo
1311 2255 1420 2289 alium
1444 2253 1577 2287 habero

184 2315 352 2349 rationem
377 2321 481 2359 atque
504 2315 613 2349 verba
637 2319 670 2358 §.
695 2316 753 2350 12.
778 2317 923 2352 honesta
944 2323 1049 2363 atquc
1075 2319 1276 2358 inhonesta,
1300 2317 1476 2360 omnia,
1502 2313 1576 2348 inm

185 2372 339 2408 diximus
363 2374 406 2408 ad
431 2385 461 2408 c.
487 2376 527 2417 V,
551 2377 586 2409 2.
611 2377 691 2411 coli.
717 2378 793 2413 Cat.
819 2378 939 2421 XXX,
965 2379 998 2413 i.
1023 2392 1055 2424 p.
1083 2379 1159 2414 139.

279 2497 312 2536 §.
338 2494 392 2528 10.
441 2497 499 2540 qui
523 2508 565 2530 ea
578 2499 711 2542 secere]
746 2499 800 2532 Ea
825 2500 964 2534 Coi-tius
987 2500 1134 2541 delevit,
1167 2499 1303 2534 scilicet
1326 2499 1411 2542 quin
1433 2506 1502 2531 non
1525 2499 1578 2530 eat

186 2552 260 2587 sani
286 2555 413 2589 coloris
438 2556 472 2589 in
497 2557 606 2591 Febr.
633 2559 665 2592 1.
699 2559 768 2592 Sed
800 2561 987 2595 sentcntiae
1017 2561 1176 2605 gratitas
1207 2565 1242 2594 et
1272 2564 1366 2593 rectu
1398 2556 1490 2592 mtto
1515 2568 1578 2600 po-

187 2613 293 2647 stniat
327 2615 500 2650 obiectum
533 2622 651 2652 tantae
683 2619 837 2654 invidiae
859 2622 987 2655 diserte
1008 2622 1101 2655 addi.
1127 2622 1166 2654 V.
1203 2621 1295 2655 infra
1325 2621 1358 2664 ἕ.
1382 2619 1440 2652 26.
1475 2617 1576 2652 etad

189 2674 293 2708 Catu.
320 2677 408 2717 vul,
433 2677 464 2710 ⁴.
492 2691 523 2722 p.
554 2679 609 2714 45.
637 2681 844 2715 Gerlachius
868 2688 998 2721 tamen,
1024 2693 1131 2726 quum
1157 2692 1346 2725 pronomen
1374 2679 1408 2713 in
1433 2679 1524 2712 Med.
1540 2678 1575 2712 2.

190 2746 295 2769 manu
316 2739 467 2771 secunda
490 2741 670 2782 additum,
695 2742 728 2775 in
754 2743 836 2777 ven.
862 2742 895 2777 3.
927 2743 1094 2777 omissum
1128 2743 1279 2781 videret,
1313 2739 1432 2773 (tortio
1460 2749 1577 2773 meen-

191 2797 274 2831 titur
303 2797 336 2831 in
361 2799 553 2835 Commeat.
579 2813 609 2844 p.
636 2801 717 2842 262,
743 2803 802 2836 scd
829 2804 975 2837 eundem
1000 2815 1120 2837 rursus
1143 2802 1272 2837 «iecerit
1294 2802 1330 2835 in
1354 2801 1407 2833 ed.
1433 2799 1572 2833 min.—
