1630 3034
105 145 188 184 344
475 135 520 178 G.
553 131 882 176 SALLUSTI
913 131 1128 175 CRISPI

245 250 409 296 LXIV.
482 250 622 310 Igitur
659 249 736 293 ubi
778 249 948 293 Marius
986 249 1234 309 haruspicis
1271 240 1388 294 dicta
1413 265 1492 294 eo-
1532 257 1535 260 “

111 351 214 394 dem
249 347 482 391 intendere
522 346 672 405 yidet,
717 361 808 404 quo
846 346 1012 406 cupido
1048 347 1180 390 animi
1219 346 1494 402 hortabatur,

111 448 168 490 ab
217 445 407 489 Metello
456 443 646 503 petundi
697 443 842 503 gratia
894 444 1149 488 missionem
1197 449 1344 503 rogat.
1414 442 1498 488 Cui

113 556 387 601 quamquam
429 541 596 596 virtus,
643 541 788 600 gloria
830 546 966 598 atque
1008 541 1095 584 alia
1137 540 1335 600 optanda
1372 541 1500 584 bonis

115 639 406 699 superabant,
444 643 593 681 tamen
636 637 777 680 inerat
819 643 1104 697 contemptor
1143 637 1313 681 animus
1350 643 1395 681 et
1427 652 1502 680 su-

78 736 299 796 2perbia,
335 750 572 778 commune
608 734 846 778 nobilitatis
875 734 1054 778 malum.
1124 734 1279 791 Itaque
1310 735 1504 794 primum

119 839 372 880 commotus
407 832 580 875 insolita
614 846 664 875 re
700 831 847 874 mirari
885 832 977 876 eius
1018 832 1271 887 eonsilium,
1308 837 1353 875 et
1380 831 1505 889 quasi

121 970 183 1001 aut
206 967 298 1000 huuc
321 966 356 999 in
379 965 501 1004 illum,
534 968 595 999 aut
616 964 719 998 illum
748 964 784 998 in
815 964 910 997 hunc
932 956 1064 998 mutari
1084 964 1206 1007 itaque
1229 973 1328 997 casus
1351 963 1507 1007 aequari.

122 1028 311 1061 Praeterea
345 1030 541 1060 structurae
573 1037 684 1070 genus
716 1025 836 1069 paullo
869 1025 982 1058 rarius
1015 1030 1049 1058 et
1071 1025 1261 1058 scrioribus
1284 1024 1512 1068 scriptoribus

123 1087 238 1133 magis
261 1087 428 1121 usitatum
451 1098 556 1130 quam
579 1086 755 1130 prioribus
777 1085 939 1120 librarios
961 1087 1111 1120 fortasse
1134 1087 1176 1120 ad
1194 1084 1424 1119 mutationem
1445 1085 1514 1119 im-

125 1150 232 1194 pulit3
262 1149 321 1182 sed
355 1149 512 1182 consulto
546 1147 756 1181 Sallustium
786 1145 837 1179 ita
869 1145 985 1179 dicere
1021 1145 1186 1180 maluisse
1221 1157 1326 1190 quam
1359 1148 1514 1192 egregiis

119 1212 258 1255 factis,
294 1210 396 1244 valde
420 1209 610 1243 verisimile
634 1212 706 1248 est,
739 1218 846 1250 quum
872 1217 1041 1250 personae
1067 1206 1164 1240 notio
1194 1207 1433 1252 significanter
1455 1210 1515 1242 de-

127 1273 261 1306 clarata
283 1271 368 1304 huic
403 1271 483 1304 loco
509 1270 691 1314 aptissima
714 1268 770 1302 sit.
818 1267 992 1302 Nonnulla
1016 1267 1120 1302 huius
1142 1273 1337 1303 structurae
1358 1270 1518 1313 exempla

127 1333 199 1368 iam
224 1333 406 1367 attulimus
433 1332 477 1365 ad
510 1331 611 1365 Catil.
637 1331 736 1372 Lm,
760 1329 795 1364 6.
827 1341 860 1373 p.
884 1328 984 1370 286.;
1015 1329 1062 1362 cf.
1096 1330 1174 1375 lug.
1207 1331 1272 1372 vl,
1297 1329 1332 1364 1.
1382 1331 1518 1365 Decora

125 1396 241 1439 facie,
276 1394 335 1428 sed
364 1394 471 1427 multo
506 1404 666 1426 maxume
707 1391 898 1436 ingenio
939 1390 1156 1424 validus?
1188 1390 1276 1424 Yell.
1309 1391 1364 1433 11,
1394 1391 1451 1432 ⁴1,
1485 1391 1516 1424 1.

134 1457 172 1490 C.
202 1457 331 1489 Caesar
357 1457 504 1499 forma
538 1456 689 1488 omnium
723 1453 848 1486 civium
881 1453 1322 1495 excellentissimus,
1355 1443 1535 1497 vigore>

132 1517 267 1562 ingenii
313 1516 572 1563 acerrimus
590 1540 601 1557 ‚
642 1513 976 1556 munificentia
1022 1514 1355 1556 effusissimus.
1405 1513 1521 1548 Tacit.

132 1579 221 1612 Ann.
248 1578 304 1620 11,
329 1576 394 1617 43,
418 1575 452 1608 2.
507 1576 662 1609 Tiberius
687 1576 807 1619 Syriae
834 1577 1056 1620 praefecerat
1089 1575 1149 1608 Cn.
1176 1574 1358 1618 Pisonem,
1383 1576 1524 1620 ingenio

135 1639 403 1673 violentum.
436 1647 470 1672 v.
502 1636 720 1670 Boetticheri
753 1636 834 1669 Lex.
868 1635 984 1670 Tacit.
1019 1645 1051 1670 v,
1088 1636 1198 1670 ablat.
1232 1636 1265 1670 1.
1297 1648 1329 1680 p.
1360 1635 1394 1670 5.
1422 1655 1464 1660 —
1491 1637 1525 1670 Is

136 1709 207 1743 qua
230 1697 269 1730 vi
292 1697 423 1730 dictum
448 1696 494 1730 sit
517 1697 740 1741 exposuimus
772 1697 815 1730 ad
849 1696 882 1740 §.
906 1696 940 1729 3.
988 1696 1086 1729 Male
1115 1697 1216 1741 Bipp.
1252 1709 1292 1732 ex
1325 1694 1526 1732 coniectura

138 1759 310 1803 scripsere
342 1758 422 1799 his,
457 1758 501 1791 ad
538 1759 756 1792 nobilitatem
787 1757 986 1790 referentes.
1036 1755 1106 1789 Sed
1137 1758 1226 1790 haec
1250 1769 1316 1791 vox
1340 1757 1444 1792 nimis
1468 1770 1524 1793 re-

138 1826 235 1854 mota
260 1823 335 1862 est,
370 1830 481 1862 neque
514 1820 634 1853 haberi
670 1830 692 1853 a
715 1817 802 1852 Sall.
829 1829 910 1851 cum
934 1816 1052 1850 dativo
1086 1817 1321 1863 coniungitur.
1367 1819 1528 1863 Denique

140 1883 192 1916 his
216 1892 317 1915 sensu
342 1885 464 1922 vacat,
491 1892 599 1924 quum
623 1891 729 1914 nexus
753 1879 896 1923 doceat,
921 1890 989 1912 non
1012 1878 1100 1912 alios
1122 1890 1228 1922 quam
1250 1880 1385 1913 nobiles
1408 1891 1429 1914 a
1448 1881 1529 1914 Sal-

140 1942 245 1976 lustio
269 1940 472 1985 vituperari.
519 1942 684 1976 Ceterum
716 1940 870 1974 similem
898 1940 1103 1974 sententium
1137 1945 1259 1975 auctor
1290 1940 1361 1974 iam
1385 1941 1532 1984 protulit

141 2003 177 2037 in
202 2002 305 2037 Catil.
334 2002 463 2043 xxm,
487 2001 534 2045 6,,
559 2001 617 2035 sed
642 2013 706 2034 usu
731 2001 827 2035 vocis
852 2002 1004 2046 pollutus
1033 2002 1152 2045 pauno
1177 2001 1362 2037 variatam.

235 2063 355 2098 LXIV.
382 2063 415 2107 §.
441 2063 475 2096 l.
509 2073 575 2107 quo
598 2063 721 2106 cupido
742 2081 787 2086 —
803 2062 1023 2107 hortabatur]
1052 2064 1125 2105 Quo
1148 2075 1216 2097 non
1239 2064 1380 2107 antique
1402 2062 1534 2097 dictum

144 2129 196 2159 est
219 2136 281 2169 pro
306 2125 355 2158 ad
379 2124 490 2168 quod,
514 2127 553 2158 ut
576 2123 788 2157 Gerlachius
813 2127 922 2167 putat,
947 2124 1005 2157 sed
1031 2125 1272 2158 concinnitatis
1295 2124 1376 2169 lege
1400 2123 1534 2166 nititur,

146 2186 204 2219 cui
239 2185 412 2219 interdum
446 2185 546 2219 inviti
577 2188 766 2229 paruerunt
799 2184 973 2226 Romani;
1016 2185 1062 2219 cf.
1097 2185 1268 2227 LXXXI,
1302 2184 1360 2219 22.
1416 2186 1537 2229 Quare

145 2247 306 2291 exempla
326 2258 347 2280 a
373 2245 564 2279 Gerlachio
589 2246 709 2287 allata,
735 2245 805 2279 Cic.
827 2257 860 2288 p.
887 2247 983 2280 Coel.
1009 2259 1038 2280 c.
1061 2247 1118 2288 21,
1143 2246 1200 2280 53.
1250 2246 1346 2280 Dixit
1368 2249 1535 2290 prosecta,

147 2321 228 2353 quo
261 2309 364 2342 vellet
396 2319 542 2349 aarum,
577 2311 611 2340 et
643 2307 768 2341 norat.
800 2305 875 2341 Sat.
901 2308 935 2349 l,
961 2308 1004 2349 1,
1028 2308 1085 2342 73.
1144 2308 1269 2342 Nescio
1303 2318 1384 2351 qua
1418 2307 1538 2343 valeat

148 2381 326 2410 nummus,
350 2380 449 2413 quern
472 2369 644 2412 praebeat
667 2379 786 2408 usum,
810 2367 954 2402 minime
979 2370 1146 2412 probant,
1172 2380 1234 2413 per
1257 2380 1294 2402 se
1317 2379 1358 2402 ac
1381 2368 1455 2402 sine
1475 2368 1538 2403 tali

153 2441 294 2469 caussa,
319 2441 410 2472 quae
434 2429 468 2463 in
494 2429 582 2463 Sall.
610 2430 687 2463 loco
710 2429 861 2471 obtinet,
885 2429 953 2463 «lici
982 2441 1099 2474 posse:
1125 2431 1195 2463 feci
1220 2430 1276 2471 id,
1307 2441 1372 2474 quo
1396 2441 1453 2463 me
1474 2429 1537 2463 ad-

155 2491 313 2523 hortatus
346 2495 408 2526 est.
456 2490 600 2525 Scilicet
634 2490 811 2525 nesciebat
844 2490 1055 2525 Gerlacliius
1079 2491 1232 2535 primum
1258 2491 1292 2525 in
1318 2490 1467 2524 laudatis
1491 2491 1538 2524 ab

155 2551 228 2594 ipso
252 2550 339 2583 locis
361 2563 426 2595 quo
450 2551 743 2596 interrogativum
768 2564 863 2594 esse,
896 2552 986 2596 apud
1011 2553 1098 2586 Sall.
1123 2564 1205 2586 vero
1227 2552 1435 2592 relativum,
1465 2555 1540 2585 tum

155 2623 241 2655 quo,
267 2611 300 2644 in
326 2611 573 2655 interrogando
599 2612 691 2645 haud
717 2624 796 2646 raro
821 2613 986 2656 positum,
1011 2613 1060 2646 ita
1084 2613 1268 2657 usurpari,
1291 2616 1330 2645 ut
1353 2616 1542 2654 quaeratur

156 2670 199 2704 (le
221 2672 361 2704 consilio
385 2675 420 2706 et
444 2684 505 2706 usu
530 2672 679 2706 alicuius
703 2674 773 2715 rei,
808 2685 874 2707 non
898 2674 940 2707 «lc
966 2685 1002 2708 rc
1025 2676 1111 2717 ipsa.
1144 2694 1175 2698 —
1215 2674 1284 2707 Pro
1309 2673 1454 2716 petundi
1476 2673 1542 2707 ali—

159 2743 228 2774 qua
252 2732 349 2766 codd.
378 2742 458 2775 para
491 2734 597 2767 habet
622 2736 838 2768 consulatum
871 2735 925 2768 vel
960 2736 1155 2769 consulatus
1176 2734 1344 2779 petundi,
1367 2734 1458 2777 quod
1482 2745 1544 2770 cur
