1630 3034
440 82 611 122 RERUM
640 83 702 123 AC
734 81 962 122 VERBORU
968 84 1003 122 Μ
1353 80 1408 122 23

2 182 22 237 3
38 191 214 225 Consuetum
237 193 359 226 hahere
384 194 521 236 aliquid,
556 193 579 226 Ι.
607 194 662 233 85,
681 193 711 225 7.

2 235 22 290 ἷξ
37 248 146 280 Consul
171 249 333 282 interdum
358 260 414 293 pro
436 250 627 291 proconsule,
654 246 693 282 C.
723 249 776 287 19,
799 249 827 282 1.

0 301 13 352 ξ,
36 304 197 337 Consulum
220 305 350 338 nomina
373 306 446 338 sine
470 306 587 348 copula
611 310 785 348 ponuntur,
819 302 858 338 C.
887 305 942 345 43,
959 305 990 337 2.
1387 343 1389 345 ,

0 360 10 372 “
37 359 196 393 θωιεαῑενε
219 370 291 393 cum
315 362 472 394 adverbio
498 362 705 394 coniunctum
742 362 761 393 i.
792 372 820 403 q.
864 362 984 403 agendi
1021 362 1181 394 rationem
1215 362 1329 404 sequi,
1381 362 1404 395 1.

116 415 179 456 95,
196 415 228 449 3.

36 483 196 515 Consulem
219 484 311 515 aliem
335 486 387 523 rei,
421 482 459 517 C.
489 484 543 524 51,
561 484 598 516 8.·

8 582 12 585 ᾖ
36 539 194 571 Gom-alere
209 540 279 579 sibi,
304 539 328 572 Ι.
356 539 412 580 62,
431 540 461 573 ’1.

11 610 14 612 -
35 595 176 627 Consulto
200 605 264 628 non
288 600 426 639 possunt
449 605 523 629 esse
549 596 763 630 consulenda.
797 596 819 628 I.
850 596 925 635 103,
943 597 973 629 2.

35 651 212 684 Consumere
235 652 256 683 i.
276 662 306 694 q.
334 651 458 684 frustra
475 652 673 695 impendere.
706 651 728 684 Ι.
755 652 811 688 25,
832 652 882 684 ll.
934 652 988 686 62,
1007 653 1037 684 9.

37 708 227 740 Contemnere
251 708 376 750 aliquid
401 708 513 750 aliqua
536 718 584 747 re,
617 708 641 740 1.
672 708 724 748 16,
744 708 773 741 3.

37 764 227 796 Contemnere
252 764 408 806 quomodo
435 764 567 796 differat
591 774 610 796 a
636 765 788 805 despicere
805 758 846 796 'et
869 774 1019 805 spernere,
1049 764 1072 796 1.
1103 765 1158 798 55.
1180 764 1219 796 11.»

11 812 15 818 ’
37 820 226 852 Contemnere
250 820 271 852 i.
300 829 329 862 q.
354 824 570 862 contemptum
595 819 707 852 verbis
740 819 924 858 declarare,
952 820 973 851 1.
1006 819 1057 853 15.
1077 820 1107 851 2.

35 875 217 908 Contendere
236 875 386 909 adverbii
412 876 445 908 vi
472 877 625 919 positum,
651 872 690 908 C.
719 875 773 913 18,
791 875 822 907 8.

36 932 191 964 Conterero
210 936 337 974 tempus
362 932 382 964 i.
411 942 440 974 q.
469 931 577 964 frusta
594 930 790 974 impendere,
821 928 860 964 C.
883 932 962 965 4.1.
1014 932 1036 964 l.
1064 932 1118 969 25,
1148 931 1199 964 11.

0 1012 15 1021 -.
36 988 191 1020 Continere
208 987 248 1020 de
273 988 449 1030 disciplina
475 988 608 1027 dictum,
635 987 660 1020 1.
692 987 746 1026 41,
771 987 802 1019 2.

37 1044 214 1077 Continuat-e
239 1045 344 1076 domos
368 1044 446 1085 quid
470 1044 536 1082 sit,
560 1041 600 1076 C.
627 1043 684 1083 20,
705 1043 755 1076 11.

37 1100 146 1133 Contra
181 1099 331 1132 adverbii
357 1104 522 1143 potestate
546 1100 698 1143 positum,
732 1100 755 1132 1.
779 1099 808 1133 1.
827 1100 860 1131 2.

38 1157 147 1188 Contra
172 1166 218 1195 ea,
243 1155 266 1188 1.
293 1154 347 1195 57,
367 1157 396 1188 5.
448 1155 503 1194 85,
528 1155 559 1188 2.

38 1213 267 1245 Contaberninm
292 1212 391 1254 quale
417 1211 531 1250 suerit,
565 1211 588 1244 1.
616 1211 671 1250 64,
689 1213 719 1243 4.

38 1269 220 1301 Contarbare
236 1278 298 1300 rem
322 1268 455 1311 explie.‚
486 1266 508 1299 Ι.
538 1266 591 1306 79,
612 1267 641 1299 7.

39 1325 178 1357 Convenit
201 1325 305 1364 aliqua
327 1334 375 1356 res
401 1324 534 1367 explic.‚
560 1323 583 1355 l.
617 1323 671 1361 38,
693 1323 744 1356 10.
795 1323 850 1356 83.
869 1324 901 1353 ⁶2.-
955 1323 1027 1361 112,
1056 1324 1085 1354 2.

39 1381 178 1414 Convenit
207 1380 359 1412 absoluto
389 1380 522 1419 dictum,
548 1379 571 1412 1.
600 1378 655 1418 39,
680 1380 711 1412 4.

39 1437 195 1470 Gonvenlio
220 1441 254 1469 et
278 1437 442 1468 coniuratio
467 1435 616 1473 confusa,
643 1432 681 1467 C.
709 1434 765 1471 23,
786 1434 814 1466 l.

39 1493 210 1526 Convertere
237 1493 395 1525 ressexivo
413 1501 514 1523 sensu
538 1492 689 1534 positum,
716 1487 754 1522 C.
784 1490 816 1529 6,
835 1489 863 1522 7.
918 1491 937 1522 Ι,
966 1492 1020 1527 26,
1041 1491 1069 1522 4.

41 1549 180 1582 Convivia
201 1548 289 1591 plebi
314 1547 475 1590 praebita,
501 1546 526 1585 Ι,
552 1548 585 1586 4,
605 1549 634 1579 4.

40 1606 244 1639 Conviviornm
267 1604 399 1636 luxuria
420 1602 550 1645 quando
577 1606 661 1642 orta,
694 1601 717 1635 1.
738 1602 792 1637 85,
813 1602 864 1635 39.

39 1661 199 1703 coopertus
224 1660 336 1702 aliqua
357 1670 406 1699 re,
435 1657 475 1693 C.
503 1658 559 1699 23,
580 1658 607 1690 1.

41 1718 156 1750 Com-iri
180 1717 201 1749 i.
231 1727 260 1758 q.
288 1725 359 1748 cum
383 1717 417 1748 vi
442 1724 561 1756 magna
579 1715 731 1753 excitari,
750 1714 860 1746 differt
888 1714 928 1746 ab
956 1715 1040 1752 oriri,
1076 1713 1096 1745 Ι.
1128 1713 1181 1747 79,
1200 1714 1230 1743 6.

41 1774 135 1815 Copia
158 1775 180 1806 i.
206 1783 236 1815 q.
264 1772 419 1811 facultas,
453 1768 492 1804 C.
521 1770 553 1810 8,
572 1771 601 1803 5.
1173 1778 1177 1779 ⁷

41 1829 135 1872 Copia
157 1838 225 1863 vox
244 1827 434 1861 indefinitae
457 1827 646 1871 potestatis,
677 1825 700 1858 Ι.
730 1826 784 1863 54,
811 1825 841 1857 9.

42 1885 135 1928 Copia
165 1884 328 1917 interdum
368 1884 520 1916 absolute
560 1883 699 1925 positum
740 1892 758 1913 e
789 1884 945 1912 contextu
978 1880 1228 1921 intelligendum
1263 1883 1335 1911 est.
1373 1878 1409 1910 C.

130 1940 186 1979 48,
212 1940 243 1973 6.

43 2008 138 2050 Copia
162 2007 202 2040 de
226 2007 386 2039 militibus
411 2005 477 2037 alio
501 2013 603 2036 sensu
628 2004 761 2041 (lictum,
793 2012 886 2045 quam
913 2004 1017 2043 copiae
1038 1999 1077 2034 C.
1107 2001 1159 2039 56,
1183 2002 1209 2033 1.

44 2064 138 2106 Copia
164 2068 198 2095 et
220 2064 324 2103 inopia
348 2071 411 2093 non
428 2060 469 2093 ad
493 2060 629 2093 candem
647 2069 713 2091 rem
737 2059 857 2095 relata,
885 2055 924 2090 G.
952 2057 1005 2095 11,
1024 2058 1054 2091 3.

43 2120 94 2153 Ex
121 2121 209 2161 copia
234 2118 312 2161 quid
337 2118 392 2157 sit,
415 2116 439 2150 I.
469 2117 523 2155 39.
543 2117 573 2147 5.
625 2116 678 2153 54,
701 2114 731 2147 9.
784 2113 838 2153 76,
860 2113 890 2146 3.

45 2187 160 2228 Copula
184 2195 251 2228 qua
281 2186 409 2217 ratione
444 2184 610 2216 variarum
643 2181 877 2225 particularum
911 2181 975 2213 vim
1006 2180 1173 2212 sustinere
1212 2179 1327 2222 possit,
1376 2176 1416 2211 C.

136 2242 169 2280 4,
198 2240 231 2273 2.

47 2310 162 2352 Copula
185 2307 410 2349 exaggerandi
438 2307 472 2338 vi
498 2305 604 2350 posita
628 2314 684 2347 pro
708 2308 735 2336 et
763 2304 892 2344 quictem,
920 2302 942 2336 1.
971 2300 1026 2343 79,
1049 2301 1079 2335 3.

49 2366 164 2408 Copula
188 2368 261 2408 post
286 2364 474 2405 negativam
500 2361 697 2393 sententiam
724 2370 780 2402 pro
800 2361 853 2391 sed
878 2360 997 2402 posita,
1027 2359 1051 2392 Ι.
1081 2358 1157 2396 107,
1177 2358 1206 2390 3.

51 2414 165 2464 Copiola
188 2419 354 2453 adiectivo
377 2418 486 2449 malms
514 2426 602 2449 more
631 2414 830 2455 Graecorum
855 2415 980 2450 addita,
1014 2411 1052 2448 C.
1081 2414 1136 2452 20,
1165 2413 1194 2446 3.
1245 2411 1266 2445 Ι,
1303 2412 1358 2450 28,
1389 2413 1417 2447 5,

145 2475 199 2515 78,
217 2477 247 2507 5.
300 2466 447 2513 102,'10.
501 2472 576 2512 108,
598 2471 624 2504 1.

53 2544 166 2585 Copula
202 2543 287 2574 inter
326 2541 406 2572 <luas
454 2541 673 2572 ernincinlt'ones
712 2538 767 2570 ubi
815 2549 873 2570 non
917 2538 1021 2570 omitti
1059 2537 1182 2579 possit.
1229 2535 1250 2568 1.
1295 2535 1356 2569 35.
1388 2535 1417 2566 2.

143 2597 196 2633 37,
224 2597 253 2629 3.
