1630 3034
458 152 825 197 IUGURTHA.
886 154 1009 197 CAP.
1043 155 1108 198 Lx.
1398 160 1483 199 287

90 278 202 332 'pars
239 270 541 332 superioribus
575 270 685 314 locis
715 271 832 314 fessa
868 272 1141 316 consederat.
1201 271 1342 317 Simul
1379 274 1521 317 ora-4

96 384 170 424 re,
218 368 386 411 hortari
428 367 588 411 milites
609 400 621 422 ‚
669 383 726 410 ne
769 366 1047 422 deficerent,
1094 384 1180 411 neu
1228 375 1485 427 paterentur

96 465 234 508 hostis
267 464 477 524 fugientis
513 464 715 512 vincere;
762 478 909 521 neque
943 464 1029 507 illis
1062 471 1205 507 castra
1233 450 1358 520 esse,
1401 481 1484 510 ne-

96 576 184 619 que
222 561 541 604 munimentum
572 560 732 613 ullum,
770 574 861 616 quo
899 559 1107 603 cedentes
1145 561 1400 614 tenderent3
1437 563 1481 606 in

95 656 226 700 armis
266 656 414 699 omnia
450 657 544 702 sita.
617 655 712 699 Sed
747 671 831 699 neo
853 655 1072 716 Iugurtha
1099 657 1281 714 quidem
1310 658 1517 705 interea5

94 753 268 811 quietus
306 761 428 811 erat3
464 752 717 805 circumire,
754 751 947 805 hortari,
993 767 1208 796 renovare
1244 756 1480 812 proelium,

93 856 138 892 et
172 849 269 908 ipse
307 863 408 892 cum
450 848 633 892 delectis
677 855 851 892 tentare
884 849 1056 904 omnia,
1105 850 1340 894 subvenire
1376 853 1481 905 suis,

92 944 292 988 hostibus
329 945 473 988 dubiis
510 945 694 1000 instare,
730 959 845 1002 quos
878 945 1031 988 firmos
1064 955 1342 1006 cognoverat
1369 949 1478 992 emi-

90 1056 172 1084 nus
208 1040 457 1101 pugnando
493 1041 695 1086 retinere.

91 1172 270 1216 quidem
294 1172 516 1217 scripsimus,
548 1172 602 1206 uti
633 1178 668 1206 et
697 1173 891 1206 multorum
924 1173 1023 1207 codd.
1059 1174 1248 1209 auctoritas
1280 1180 1314 1210 et
1336 1175 1481 1221 linguae

91 1232 181 1266 ratio
204 1233 368 1276 postuiat.
415 1233 518 1276 Quod
551 1233 655 1267 muiti
683 1233 777 1267 enim
801 1238 930 1277 negant
960 1246 1022 1267 nec
1041 1253 1083 1260 —
1103 1236 1240 1280 quidem
1266 1237 1389 1270 Latine
1411 1239 1482 1272 dici

90 1303 208 1336 posse,
233 1292 362 1336 ubique
383 1304 427 1327 ne
446 1313 485 1320 -
506 1294 644 1338 quidem
667 1293 887 1326 scribendum
910 1303 985 1326 esse
1006 1299 1200 1336 censentes,
1226 1296 1323 1330 velut
1342 1297 1482 1332 Cottius

96 1353 139 1387 ad
163 1353 199 1386 h.
227 1353 252 1387 l.
274 1358 307 1387 et
336 1352 379 1387 ad
403 1354 481 1398 lug.
509 1354 637 1393 XXXI,
660 1353 692 1388 3.
720 1352 912 1387 Faeniolat.
947 1353 989 1387 ad
1016 1353 1087 1389 Cic.
1112 1354 1154 1387 de
1178 1355 1250 1389 Off.
1274 1357 1336 1397 ΙΙΙ,
1362 1357 1396 1398 4,
1422 1358 1479 1393 17.

91 1414 208 1447 Moser
232 1414 276 1447 ad
301 1413 373 1447 Cic.
399 1413 442 1446 de
465 1412 506 1448 N.
531 1414 574 1448 D.
597 1414 660 1456 111,
682 1413 740 1446 26.
775 1425 807 1456 p.
830 1412 910 1448 638.
938 1413 1074 1447 Ernesti
1097 1414 1141 1447 ad
1165 1415 1284 1451 Tacit,
1308 1418 1396 1453 Ann.
1419 1420 1481 1463 lv,

90 1473 147 1509 35.
172 1474 507 1513 Drakmborclnad
531 1474 608 1508 Liv.
631 1475 666 1514 1,
690 1473 758 1514 1⁰,
785 1473 834 1516 3.,
863 1484 1002 1517 prorsus
1029 1474 1158 1508 falsum
1182 1481 1257 1518 θείς
1295 1484 1484 1524 utrumque

90 1534 185 1568 enim
209 1534 357 1577 dicitur,
388 1535 448 1568 sed
473 1534 611 1568 diversa
641 1533 822 1569 sententia.
868 1533 917 1567 Ac
940 1545 984 1567 ne
1003 1553 1049 1560 —
1065 1535 1201 1579 quidem
1226 1544 1348 1573 notum
1372 1549 1423 1575 est
1447 1547 1484 1576 et

92 1594 287 1629 arctissimo
311 1606 400 1629 nexu
424 1593 615 1635 contineri,
650 1598 685 1628 et
715 1594 766 1628 ita
789 1593 974 1638 usurpari,
1007 1598 1046 1629 ut
1063 1595 1303 1640 significetur,
1333 1600 1487 1645 aliquid,

89 1655 163 1689 sive
187 1655 221 1689 id
246 1654 440 1690 subiectum
465 1658 536 1696 est,
567 1655 642 1690 sive
672 1653 936 1699 praedicatum,
962 1665 1179 1698 quamquam
1201 1658 1323 1693 locum
1349 1661 1483 1696 habere

88 1726 188 1758 posse
219 1714 404 1757 videatur,
436 1719 552 1750 tamen
592 1715 711 1750 locum
741 1725 812 1748 nou
841 1714 986 1748 habere.
1040 1715 1170 1751 Contra
1201 1729 1322 1752 nec—
1340 1722 1482 1766 quidem

88 1775 281 1820 particulae
306 1775 359 1809 ita
383 1778 606 1819 comparatae
630 1778 724 1817 sunt,
750 1777 788 1808 ut
811 1773 902 1808 inter
925 1785 984 1809 eas
1007 1776 1124 1810 nullus
1147 1789 1256 1813 nexus
1277 1779 1482 1825 intercedat,

87 1834 147 1869 sed
170 1846 232 1868 nec
255 1834 279 1868 i.
305 1846 336 1868 e.
360 1835 466 1869 etiam
490 1847 560 1870 non
585 1835 650 1879 (v.
676 1833 721 1868 ad
753 1845 784 1867 c.
819 1834 983 1879 xcvm,
1013 1834 1076 1880 4.)
1109 1838 1334 1883 negationem
1354 1842 1483 1879 inferat

87 1894 277 1929 sententiae
299 1894 582 1930 antecedentibus
605 1906 666 1939 per
700 1894 807 1929 etiam
835 1894 1017 1939 adiectae,
1050 1898 1189 1942 quidem
1216 1906 1333 1937 antem
1366 1906 1483 1940 valeat

89 1955 132 1989 ad
156 1966 264 1989 unum
288 1955 502 1989 vocabulum
529 1954 714 2000 insigniori
749 1955 870 1999 aliqua
892 1955 928 1990 vi
953 1956 1190 2001 efferendum,
1223 1972 1314 2004 quae
1337 1965 1483 2008 propria

89 2018 141 2049 est
163 2014 268 2049 huius
294 2014 488 2057 particulae
512 2019 685 2058 potestas3
710 2025 744 2048 v.
769 2015 908 2058 Zumpt.
934 2016 1092 2051 Gramm.
1119 2019 1195 2054 Lat.
1218 2023 1251 2063 §-
1267 2022 1327 2056 63.
1348 2035 1383 2068 p.
1397 2024 1480 2060 236.

89 2074 142 2108 ed.
175 2075 235 2109 IV.
268 2074 402 2109 uertet.
436 2073 480 2109 ad
512 2074 630 2109 Tacit.
664 2074 785 2120 Agrio.
819 2087 849 2111 c.
875 2075 985 2110 xvu,
1016 2088 1052 2120 p.
1076 2077 1134 2114 34.
1181 2079 1306 2115 Bremi
1326 2084 1372 2116 ad
1392 2084 1480 2129 Nep.

89 2133 243 2168 Haunib.
278 2134 328 2175 Π,
353 2132 387 2167 6.
420 2133 567 2179 Grysar.
617 2135 694 2170 Art.
723 2135 785 2170 lat.
821 2135 996 2171 scribendi
1027 2150 1062 2182 p.
1086 2137 1167 2176 574.
1213 2140 1342 2176 Nostro
1370 2142 1482 2189 igitur

88 2194 166 2228 loco
191 2193 348 2239 quidem,
381 2193 473 2237 quod
505 2193 535 2228 si
559 2194 662 2238 plane
684 2195 840 2239 abesset,
873 2196 917 2231 ad
940 2196 1178 2242 integritatem
1201 2202 1390 2238 sententiae
1410 2216 1480 2239 non

89 2254 243 2289 multum
268 2253 503 2295 desiderares,
524 2264 592 2287 nou
616 2265 696 2288 cum
719 2266 800 2297 neo,
825 2266 894 2299 quo
921 2258 1170 2294 sententiarum
1192 2271 1301 2295 nexus
1322 2269 1480 2307 paratur,

89 2315 274 2355 cohaeret,
310 2313 370 2347 sed
393 2312 635 2348 tantummodo
658 2314 789 2357 efficit,
820 2319 859 2350 ut
885 2317 1041 2352 animum
1065 2319 1110 2353 ad
1133 2319 1344 2365 Iugurtham
1367 2324 1480 2359 inten-

89 2374 158 2409 tius
191 2374 436 2416 advertamus,
467 2373 560 2417 qnod
592 2374 799 2410 Germanice
828 2377 903 2411 fere
934 2376 984 2411 sic
1014 2378 1156 2413 reddam
1190 2382 1284 2417 Aber
1305 2384 1396 2419 auch
1417 2385 1479 2420 Iu-

88 2435 220 2480 gurtha
235 2437 302 2479 ffir
326 2434 399 2468 sein
430 2434 531 2468 Thea
553 2445 628 2469 war
651 2436 874 2471 unterdesseu
896 2437 991 2472 nicht
1020 2439 1167 2485 mussig.
1216 2442 1269 2477 De
1295 2443 1332 2477 vi
1355 2448 1390 2479 et
1412 2456 1479 2480 usn

88 2507 149 2530 nee
169 2515 214 2520 —
232 2496 370 2540 quidem
401 2494 655 2539 particularum
685 2497 731 2531 cf.
766 2496 873 2532 etiam
906 2498 1074 2534 Goerenz.
1098 2501 1144 2535 ad
1175 2502 1248 2537 Cic.
1277 2504 1409 2539 Acadd.
1431 2506 1477 2548 11,

89 2554 146 2595 26.
173 2554 232 2590 82.
265 2567 299 2599 p.
322 2554 403 2589 152.
428 2565 461 2589 a.
493 2555 691 2592 Gernhard.
717 2556 762 2591 ad
794 2557 870 2592 Cat.
895 2558 982 2594 Mai.
1009 2572 1040 2595 ο.
1063 2559 1107 2603 9,
1132 2561 1190 2598 27.
1213 2568 1248 2598 et
1273 2564 1475 2599 Frotscher.

91 2615 134 2648 ad
158 2615 324 2659 Quinctil.
341 2616 385 2657 X,
401 2616 437 2660 l,
460 2615 517 2652 33.
532 2635 578 2641 —-
595 2617 685 2652 Erat
699 2618 837 2652 Cor-tius
860 2619 928 2652 fide
951 2620 1067 2656 Vinar.
1085 2621 1119 2658 2.
1139 2623 1267 2658 Franc.
1285 2628 1320 2658 et
1336 2625 1478 2659 vratisl.

91 2673 125 2709 2.
147 2675 287 2711 delevit.
312 2695 356 2700 ——
380 2676 508 2710 Hostes
524 2677 656 2712 dubia·
678 2683 758 2713 sunt
779 2679 840 2723 qui
864 2681 982 2714 locum
1004 2692 1071 2715 non
1095 2686 1228 2726 tenent,
1263 2684 1323 2719 sed
1345 2685 1418 2720 iam
1443 2685 1480 2719 in

93 2733 213 2779 fugam
235 2735 414 2771 inclinant.
