1630 3034
227 103 280 145 16
835 103 998 144 INDEX

227 218 286 248 Ara
315 217 337 248 i.
367 224 397 257 q.
426 219 669 247 monumentum
688 219 907 255 exstructum,
940 214 963 247 1.
991 212 1046 253 79,
1067 212 1119 246 10.

227 273 304 303 Arae
329 280 403 303 cum
431 270 514 304 focis
542 271 738 304 coniunctae
764 271 842 314 quid
870 269 1072 317 significent,
1098 268 1134 302 C.
1155 270 1209 309 52,
1228 268 1258 301 3.

229 328 399 360 Arbitratus
426 327 615 369 germanico
644 327 809 360 Vollmacht
834 327 1024 370 respondet,
1057 325 1081 360 1.
1113 325 1240 365 105,1.

227 383 390 416 Arcessere
407 388 441 416 et
458 393 623 423 accersere,
658 383 693 417 C.
721 383 777 425 40,
796 384 826 417 6.
875 383 901 416 Ι.
929 383 984 423 39,
1002 383 1035 417 2.

225 441 382 472 Arcessere
406 439 463 473 ubi
488 450 551 473 non
578 441 838 473 commutandum
864 450 936 473 cum
962 449 1124 473 accersere.
1158 437 1182 471 1.
1213 437 1267 474 32.
1294 437 1308 469 1

226 497 382 528 Arcessere
407 497 514 538 capitis
531 496 751 540 *hyperbolice
778 497 911 537 dicitur,
936 496 961 529 1.
989 494 1044 535 73,
1062 497 1092 528 5.

226 553 358 584 Arduum
382 553 515 596 explic„
550 551 584 585 C.
613 552 645 594 3,
663 552 694 586 2.
1241 575 1257 593 .
1276 545 1292 553 ’

231 609 393 649 Argentum
420 619 490 641 aere
516 609 631 641 solz-ere
655 609 732 651 quid
757 609 814 649 sit,
841 607 876 642 C.
901 608 956 648 33,
975 610 1007 642 2.

227 665 336 696 Arietis
362 674 445 698 usus
475 666 509 697 in
533 665 760 709 oppugnandis
784 665 935 701 urbibus,
968 665 990 696 l.
1019 663 1072 698 76.
1092 665 1121 696 6.

227 722 316 753 Arma
346 722 368 754 i.
401 731 431 764 q.
459 721 594 761 bellum,
628 720 663 755 C.
691 721 795 761 24,1.

229 778 326 808 Armis
353 786 558 821 expugnare,
592 777 617 811 1.
641 777 697 817 23,
717 777 748 811 1.

229 834 355 865 Armare
378 844 486 866 manas
513 835 534 867 i.
562 843 593 877 q.
619 844 710 867 arma
733 834 884 867 manibus
909 839 1036 869 tenere.
1063 833 1087 866 I.
1112 832 1187 870 107,
1209 833 1234 865 1.

235 890 360 921 Armare
387 892 490 932 copias
516 891 666 932 gravius,
696 900 791 934 quam
813 900 937 932 parare,
970 889 993 923 Ι.
1024 889 1078 928 13,
1104 888 1136 921 2.

227 947 390 978 Armatam
417 947 489 978 Ievis
516 946 623 990 qualis
655 946 769 986 fuerit,
804 945 827 978 1.
857 945 932 985 105,
949 946 983 979 2.

227 1003 352 1034 Armeni
377 1003 594 1047 improbanda
619 1002 724 1036 forma
746 1013 804 1045 pro
829 1003 972 1041 Armenii,
1006 1001 1029 1035 1.
1059 1001 1112 1038 18.
1132 1002 1162 1034 4.

228 1060 380 1090 Arretium
407 1069 489 1100 ager
515 1069 586 1092 cum
611 1059 734 1091 Reatino
760 1058 930 1098 confusus,
967 1057 1001 1091 C.
1030 1057 1084 1094 36,
1106 1057 1136 1090 1.

228 1116 366 1156 Arrigere
384 1115 560 1148 -tliversum
587 1115 628 1148 ab
654 1117 778 1157 eriyere,
812 1115 848 1148 C.
875 1115 931 1155 39,
949 1116 980 1149 3.
1030 1115 1054 1148 1.
1081 1114 1137 1153 23,
1158 1114 1187 1147 1.
1237 1113 1292 1147 68.
1311 1112 1343 1145 3.
1392 1112 1447 1147 86.
1469 1112 1497 1144 1.

229 1173 311 1203 Artes
337 1173 536 1213 praegnanti
562 1181 664 1204 sensu
688 1171 709 1204 i.
737 1181 767 1214 q.
795 1181 850 1204 res
875 1173 1047 1204 honestae..
1081 1171 1103 1204 1.
1132 1170 1187 1204 82.
1206 1170 1237 1201 2.

232 1229 310 1266 Arte,
339 1232 421 1259 artas
451 1239 508 1272 pro
531 1232 621 1267 arcte,
647 1232 756 1267 arctus,
789 1227 813 1261 1.
843 1228 897 1267 52,
922 1227 952 1260 6.

230 1285 339 1315 Arcam
364 1294 446 1326 ager
471 1285 526 1327 qui
551 1288 679 1324 aratur,
706 1284 729 1317 1.
758 1283 812 1324 90,
833 1283 863 1317 1.

230 1342 292 1371 Arx
317 1350 380 1382 quo
407 1350 510 1373 sensu
534 1340 575 1373 de
602 1340 684 1373 urbe
711 1340 846 1380 dictum,
879 1340 903 1374 1.
931 1340 1035 1375 56,1.

229 1398 396 1429 Ascendere
419 1401 454 1429 et
478 1399 637 1430 escendere
664 1395 816 1437 confusa,
835 1396 879 1438 ‚C.
900 1397 954 1435 55.
976 1396 1006 1428 3.
1057 1396 1070 1428 1
1110 1396 1164 1430 93.
1186 1398 1215 1427 5.
1267 1394 1321 1428 97.
1352 1397 1381 1427 5.

229 1454 391 1492 Asciscere,
427 1463 490 1486 non
517 1455 700 1489 adsciscere,
735 1452 770 1485 C.
797 1453 854 1493 24,
872 1452 904 1486 3.
955 1452 1061 1489 47.1.

230 1510 302 1540 Asia
330 1509 483 1543 luxuriae
507 1509 670 1544 Romanae
694 1514 811 1549 mater,
845 1508 880 1542 C.
907 1509 961 1543 11.
981 1511 1010 1541 5.

227 1561 395 1603 ’Ἀσμενος
421 1576 483 1598 non
513 1567 678 1608 signifieat
701 1562 785 1609 ἡδύς
810 1565 834 1599 I.
861 1565 917 1605 84,
935 1565 965 1598 3.

232 1622 386 1663 Asperitas
412 1632 475 1664 quo
501 1622 633 1655 differat
655 1633 675 1655 a
704 1624 890 1663 difficaltate,
921 1622 946 1655 I.
975 1621 1030 1661 92,
1049 1623 1079 1654 4.

231 1678 387 1719 Asperitas
413 1682 447 1710 et
475 1689 564 1721 asper
587 1687 688 1710 voces
714 1677 874 1711 Sallustio
899 1683 1039 1717 amatae,
1068 1677 1090 1710 1.
1119 1677 1174 1716 29,
1196 1677 1224 1710 1.
1275 1675 1329 1710 87.
1349 1679 1379 1709 4.

231 1735 375 1775 Asperum
403 1734 571 1766 diversum
596 1733 636 1766 ab
664 1735 784 1772 acerba,
817 1734 840 1766 1.
869 1734 924 1769 41,
943 1735 974 1765 4.

233 1791 359 1831 Assequi
383 1791 501 1831 aliquid
524 1793 558 1823 et
586 1791 671 1831 sequi
695 1791 811 1830 aliquid
837 1800 899 1832 quo
925 1788 1066 1828 differat,
1102 1788 1137 1822 C.
1158 1790 1213 1825 54.
1232 1789 1263 1822 6.

234 1847 316 1878 Assis
346 1850 380 1878 et
410 1847 557 1879 sestertii
582 1846 687 1879 variis
711 1846 908 1884 temporibus
934 1845 1028 1877 varia
1053 1846 1149 1882 ratio,
1185 1844 1218 1877 C.
1241 1844 1295 1878 33.
1314 1845 1346 1876 2.

234 1901 353 1934 Assolet
376 1901 529 1935 absolute
548 1903 683 1942 dietum,
717 1901 753 1936 C.
780 1901 835 1941 39,
854 1902 885 1934 2.

234 1959 376 1990 Assaems
403 1968 475 1991 cum
495 1959 645 1992 ablativo
668 1959 889 1997 coniunctum,
924 1957 958 1990 C.
983 1958 1016 1997 2,
1035 1958 1065 1990 9,

233 2015 377 2047 Astrictus
402 2016 508 2057 aliqua
529 2026 562 2047 re
586 2015 720 2059 explica,
746 2014 771 2048 Ι.
801 2014 855 2048 60.
874 2014 904 2047 6.
956 2012 1010 2047 70.
1028 2014 1058 2045 2.

234 2071 416 2111 myndam»,
440 2081 474 2104 v.
502 2073 603 2105 etiam
629 2072 752 2113 Copula.

235 2127 403 2167 Asyndeton
430 2127 507 2170 quid
532 2129 588 2167 sit,
621 2127 645 2161 I.
674 2127 728 2168 14,
747 2126 778 2160 7.

235 2183 404 2223 Asyndemn
432 2185 463 2217 in
490 2184 729 2217 contrariorum
758 2184 1015 2221 consociatione,
1050 2183 1085 2217 C.
1117 2183 1169 2218 11.
1188 2184 1218 2217 2.
1271 2184 1292 2215 1.
1321 2183 1374 2217 60.
1394 2185 1425 2216 4.

236 2241 406 2279 Α.κῃιιι1ι·1ωιι
431 2250 493 2272 non
521 2245 645 2273 temere
669 2241 796 2273 auctori
821 2240 1073 2278 obtrudendum,
1108 2240 1132 2273 1.
1161 2241 1215 2273 51.
1238 2240 1266 2273 1.
1438 2232 1442 2235 ’

233 2292 436 2332 Ἀσύνόετος
461 2297 566 2328 oratio
596 2296 742 2329 caussali
763 2297 927 2340 particula
950 2298 1084 2330 omissa.
1111 2295 1144 2328 C.
1172 2296 1226 2331 39.
1246 2297 1275 2329 4.
1327 2294 1381 2331 51,
1400 2296 1431 2328 4.

237 2353 271 2383 At
298 2352 316 2383 i.
347 2362 378 2394 q.
407 2362 449 2384 ex
473 2352 580 2385 altera
605 2358 710 2396 parte,
730 2352 753 2385 1.
775 2353 831 2391 20,
850 2354 881 2385 2.

239 2409 271 2439 At
297 2409 329 2439 vi
355 2409 569 2451 oppositionis
594 2410 768 2441 transitum
794 2414 887 2452 parat
912 2411 952 2442 ad
977 2419 1043 2442 rem
1067 2419 1195 2443 novam.
1226 2409 1248 2442 1.
1278 2409 1333 2448 63,
1351 2409 1381 2442 2.

239 2465 272 2494 A!
305 2468 419 2502 rantra,
454 2463 476 2497 Ῑ.
506 2465 538 2504 4,
558 2463 588 2496 7.
642 2465 743 2499 15.2.

238 2520 272 2550 Λτ
297 2521 372 2550 enim
400 2529 471 2552 cum
496 2520 605 2563 ellipsi
632 2521 765 2558 dictum,
801 2520 835 2553 C.
863 2521 917 2555 51.
944 2522 997 2554 25.

239 2575 332 2614 Atque
361 2576 515 2615 graviora
534 2578 693 2610 annes-tit.
728 2577 762 2609 C.
799 2577 855 2612 51,
874 2577 925 2609 10.
976 2577 1030 2615 52,
1048 2578 1102 2610 26.
1155 2578 1208 2614 53,
1236 2579 1264 2611 1.
1316 2578 1338 2612 l.
1364 2580 1397 2619 4,
1415 2579 1444 2612 3.
1507 2578 1562 2613 98.
1581 2579 1611 2611 2.

240 2631 332 2669 Atque
359 2632 497 2662 inservit
522 2633 722 2666 transitioni.
756 2632 778 2665 1.
810 2634 861 2666 14.
882 2634 911 2666 3.
