1630 3034
148 215 233 256 370
518 207 562 250 G.
593 206 916 250 SALLUSTI
945 205 1166 250 CRISPI

148 327 383 373 Metellum
419 339 518 369 esse
547 323 644 381 rati,
678 330 833 384 portas
869 323 1092 378 clausere3
1128 322 1309 382 deinde,
1343 323 1421 368 ubi
1455 338 1538 368 ne-

150 441 238 484 que
276 438 409 484 agros
447 421 633 479 vastari,
682 426 726 464 et
763 436 862 477 eoS‚
907 422 986 479 qui
1021 421 1152 481 primi
1188 421 1399 476 aderant,
1439 422 1540 466 Nu—

149 521 291 566 midas
336 520 507 579 equites
553 518 705 563 vident
723 551 736 574 ‚
784 533 960 561 rursum
1004 516 1272 579 Iugurtham
1316 518 1540 575 arbitrati,

111 622 251 663 chm
289 632 454 678 magno
490 615 658 677 gaudio
694 615 812 660 obvii
846 614 1115 675 procedunt.
1186 615 1373 674 Equites
1409 614 1542 674 pedi—

147 724 332 774 tesque,
374 722 563 775 repente
620 713 750 773 signo
799 711 928 768 dato,
981 711 1053 756 alii
1108 707 1307 773 volgum*
1351 710 1542 756 effusum

149 811 324 873 oppido
362 811 580 866 caedere,
618 810 691 854 alii
727 809 786 852 ad
821 814 974 869 portas
1011 809 1234 863 festinare,
1269 824 1375 870 pars
1410 808 1540 852 turris

150 925 339 970 capere3
374 908 439 952 ira
475 912 612 965 atque
646 905 847 966 praedae
879 922 983 966 spes
1015 907 1206 966 amplius
1239 921 1376 965 quam
1416 905 1542 949 lassi-

147 1043 274 1088 quibus
298 1055 328 1076 c.
353 1041 442 1076 adeo
465 1040 667 1075 advortere
690 1041 810 1075 habet.
860 1040 912 1073 Ex
935 1039 1060 1073 ceteris
1083 1039 1189 1084 longe
1213 1038 1357 1083 plurimi
1378 1039 1542 1073 animad—

146 1109 307 1145 vertere,
341 1101 446 1146 pauci
478 1101 595 1135 animo
633 1101 817 1135 advertere
850 1100 1024 1134 exhibent.
1074 1101 1237 1134 Animum
1270 1101 1453 1135 advertere
1477 1101 1543 1134 ali-

147 1166 230 1210 quid
254 1164 362 1199 etiam
385 1162 479 1196 infra
503 1161 634 1206 legitur
667 1173 698 1195 c.
728 1162 852 1203 XCIII,
877 1161 935 1202 2.;
968 1160 1041 1195 alia
1072 1161 1154 1194 vide
1184 1161 1278 1204 apud
1311 1161 1467 1195 Gronov.
1500 1160 1543 1194 ad

146 1226 223 1260 Liv.
248 1225 374 1265 XXIV,
397 1222 456 1265 48,
477 1221 513 1257 4.
539 1223 729 1257 Ruhnken.
756 1223 799 1256 ad
825 1223 909 1255 Rut.
935 1222 1023 1266 Lup.
1046 1222 1093 1265 ΙΙ,
1116 1221 1151 1257 2.
1176 1234 1212 1266 p.
1235 1221 1291 1255 77.
1318 1222 1472 1267 Herzog.
1498 1222 1544 1256 ad

147 1287 247 1321 Caes.
271 1287 315 1320 B.
341 1286 384 1319 G.
409 1285 436 1326 l,
459 1283 516 1318 24.
543 1284 615 1319 Cic.
640 1285 730 1328 Epp.
755 1283 800 1317 ad
828 1283 967 1316 Famm.
993 1283 1068 1324 ΧΠ,
1095 1283 1152 1325 18,
1179 1284 1212 1317 l.
1246 1283 1434 1317 Dolabella
1458 1282 1542 1316 ibid.

146 1349 206 1390 IX,
231 1347 266 1390 9,
290 1347 325 1381 5.
349 1347 487 1381 Lucret.
515 1346 559 1389 11,
586 1346 666 1380 124.
715 1345 921 1378 structurae
945 1349 1061 1378 autem
1088 1344 1196 1385 ratio,
1222 1354 1328 1387 quam
1348 1343 1547 1388 Herzogius

147 1408 371 1443 durissimam
402 1405 508 1447 dicit,
543 1406 623 1440 talis
661 1409 732 1447 cst,
765 1410 805 1439 ut
837 1406 926 1439 alter
960 1405 1181 1439 accusativus
1210 1416 1322 1449 neque
1346 1405 1392 1439 ab
1416 1405 1545 1440 omissa

147 1468 404 1513 praepositione
436 1467 485 1500 ad
509 1468 565 1501 vel
589 1467 626 1501 in
657 1470 854 1511 repetatur,
893 1477 1005 1510 neque
1037 1466 1196 1512 vulgaris
1219 1466 1347 1501 obiecti
1370 1477 1412 1500 ex
1435 1467 1545 1500 verbo

146 1529 328 1564 transitivo
361 1527 541 1572 pendentis
574 1527 647 1561 vim
679 1528 833 1570 habeat,
869 1528 928 1561 sed
966 1527 1003 1561 id
1036 1527 1229 1573 significet,
1261 1527 1359 1561 cuius
1387 1533 1545 1571 respectu.

147 1590 304 1625 animum
329 1589 552 1626 advertamus
582 1588 606 1622 i.
632 1600 662 1623 e.
686 1589 804 1623 animo
829 1589 886 1622 vel
910 1592 1041 1623 attento
1066 1589 1174 1623 simus
1190 1614 1200 1632 ,
1224 1588 1280 1622 vel
1307 1587 1544 1633 intelligente3

147 1663 182 1686 v.
208 1651 253 1685 ad
278 1662 307 1684 c.
334 1651 374 1691 V,
399 1649 432 1683 4.
459 1651 541 1684 coll.
565 1650 787 1684 annotatione
809 1649 855 1684 ad
879 1661 908 1683 c.
931 1649 1051 1692 XLw,
1066 1647 1100 1683 5.
1148 1648 1269 1691 Neque
1292 1659 1334 1682 ea
1351 1648 1443 1683 ratio
1466 1660 1542 1682 mu-

148 1715 264 1753 tatur,
299 1710 328 1744 si
354 1709 575 1744 accusativus
600 1721 629 1744 c.
652 1711 825 1744 infinitivo
849 1710 1015 1753 sequitur.
1042 1728 1084 1735 —
1110 1710 1166 1743 Ad
1190 1721 1226 1743 se
1255 1721 1436 1744 vorsum
1459 1711 1545 1744 scri-

148 1773 245 1807 bitur
268 1772 304 1806 in
327 1772 462 1805 duobus
494 1771 614 1814 Rivii,
645 1773 728 1805 Bas.
753 1771 785 1805 1.
821 1771 927 1805 Fabr.
952 1770 984 1803 1.
1020 1771 1100 1805 Sen.
1126 1771 1159 1804 1.
1193 1771 1313 1806 Guelf.
1336 1771 1370 1805 3.
1396 1771 1543 1807 Goerlit.

150 1833 262 1868 Paris.
286 1834 321 1867 b.
345 1844 379 1867 x.
406 1844 437 1866 z.
485 1833 523 1865 In
546 1832 668 1867 ceteris
693 1835 745 1866 est
780 1832 829 1865 acl
864 1843 900 1866 se
926 1842 1082 1873 versum,
1115 1831 1150 1865 in
1174 1831 1394 1875 paucissimis
1417 1833 1544 1866 adver—

149 1906 226 1929 sum
250 1905 312 1935 se‚·
347 1905 381 1928 ν.
410 1893 454 1927 ad
487 1904 517 1926 c.
545 1894 670 1935 mul,
696 1893 729 1927 4.
757 1914 801 1919 -—
838 1894 954 1927 Verba
975 1893 1028 1926 uti
1052 1897 1129 1926 erat
1161 1904 1235 1926 res
1259 1894 1327 1927 hoc
1351 1893 1472 1928 ordine
1493 1895 1543 1928 Ie-

148 1958 280 2001 guntur
318 1954 353 1988 in
387 1954 530 1998 optimis
564 1955 663 1988 codd.
696 1954 779 1989 ΝΜ.
814 1955 984 1990 Commel.
1016 1953 1098 1988 Bas.
1124 1954 1158 1988 1.
1192 1954 1306 1989 Paris.
1338 1956 1373 1989 h.
1399 1967 1430 1990 c.
1455 1968 1488 1991 x.
1513 1967 1541 1989 z.

150 2015 269 2050 Goerl.
293 2015 408 2048 Berol.
436 2015 485 2057 2.,
511 2025 553 2048 ac
576 2018 758 2058 praeterea
787 2015 824 2049 in
848 2016 917 2049 Inc.
943 2017 975 2049 1.
1008 2014 1129 2049 Struv.
1154 2015 1279 2049 Franc.
1305 2017 1423 2051 Guelf.
1450 2018 1482 2051 l.
1507 2018 1541 2051 2.

149 2077 184 2112 6.
208 2076 243 2110 7.
269 2076 325 2110 12.
352 2075 462 2109 Vatic.
493 2076 526 2109 1.
561 2075 596 2111 2.
628 2075 662 2109 3.
696 2075 728 2109 4.
757 2076 790 2110 6.
815 2080 849 2111 et
882 2076 984 2110 Misn.
1034 2076 1172 2110 Horum
1204 2075 1315 2121 igitur
1344 2078 1543 2113 auctoritati

150 2149 275 2183 parere
299 2137 488 2171 maluimus
505 2161 515 2179 ‚
540 2147 645 2181 quam
669 2140 889 2179 ceterorum,
912 2136 972 2181 qui
994 2137 1125 2171 habent
1151 2138 1203 2171 uti
1225 2149 1281 2172 res
1304 2143 1394 2174 erat.
1442 2139 1545 2182 Quod

151 2199 361 2233 Gerlachius
384 2201 501 2231 autem
526 2209 581 2232 res
605 2209 686 2232 cum
713 2197 805 2233 Med.
832 2197 865 2234 5.
890 2202 924 2232 et
949 2198 1031 2232 Ven.
1057 2198 1080 2232 2
1116 2199 1299 2232 delendum
1322 2203 1455 2241 censet,
1479 2211 1543 2234 no-

148 2259 203 2293 bis
233 2271 304 2293 non
335 2258 420 2293 satie
452 2258 576 2292 idonea
608 2269 732 2293 caussa
763 2259 894 2293 factum
930 2259 1088 2300 videtur3
1125 2270 1237 2303 neque
1269 2258 1364 2304 ipse,
1398 2271 1466 2304 qua
1489 2264 1543 2295 cst

150 2320 271 2354 iudicii
294 2319 534 2360 inconstantia,
558 2319 594 2353 in
617 2320 671 2353 ed.
697 2320 781 2354 min.
806 2320 945 2355 delevit.
970 2339 1016 2344 —
1042 2321 1124 2354 Esse
1148 2324 1228 2364 post
1255 2321 1433 2355 Metellum
1458 2322 1544 2355 cor-

148 2381 218 2414 tine
243 2384 364 2415 contra
383 2379 540 2414 omnium
565 2379 664 2415 codd.
691 2380 796 2413 fidem
821 2379 952 2414 omisit.
989 2380 1033 2415 Ei
1061 2381 1288 2424 Gerlachius,
1313 2382 1374 2426 qui
1398 2383 1444 2416 ab
1468 2383 1543 2417 solo

150 2442 229 2476 Vat.
263 2441 297 2474 4.
333 2441 455 2475 abesse
488 2440 596 2483 vidit,
638 2441 846 2483 assentitur,
879 2442 1034 2476 maximo
1065 2447 1267 2486 propterea,
1298 2443 1390 2487 quod
1422 2442 1540 2478 statim

151 2505 228 2545 post
250 2503 415 2536 arbitrati
447 2501 521 2535 sine
553 2513 625 2536 esse
648 2501 779 2536 dictum
813 2503 868 2539 sit.
916 2503 986 2537 Sed
1010 2501 1046 2536 id
1070 2514 1139 2536 non
1163 2503 1280 2548 cogit,
1306 2503 1414 2538 etiam
1438 2509 1540 2538 antea

149 2561 201 2596 ita
234 2562 304 2596 dici
328 2562 505 2603 debuiss103
539 2573 650 2606 neque
681 2563 752 2597 sibi
779 2563 874 2598 credi
910 2563 1022 2598 voluit
1046 2564 1087 2597 V.
1112 2565 1167 2605 D„
1191 2563 1319 2608 quippe
1342 2563 1401 2608 qui
1425 2563 1460 2597 in
1483 2563 1538 2597 ed.

149 2622 233 2656 min.
260 2624 439 2668 vulgatam
463 2622 653 2666 repetierit.
678 2643 723 2648 —-
749 2625 919 2667 Rursum,
955 2635 1060 2669 quam
1089 2625 1240 2659 formam
1265 2625 1347 2658 Bao.
1374 2623 1405 2657 l.
1431 2624 1537 2658 Fabr.

147 2683 182 2717 1.
206 2682 286 2718 Sen.
312 2683 345 2718 1.
376 2684 495 2718 StruV.
532 2688 602 2719 tres
627 2685 761 2720 Gueltl'.
795 2686 925 2720 habent
949 2686 1012 2730 (in
1038 2686 1163 2720 ceteris
1184 2686 1276 2720 euim
1301 2689 1352 2718 eet
1378 2685 1537 2729 rursus),

146 2743 323 2788 significat
347 2749 467 2779 contra
484 2768 494 2788 ,
519 2750 558 2780 ut
581 2747 656 2781 Cat.
683 2747 774 2788 LIII,
799 2746 833 2781 5.
859 2747 919 2781 ubi
944 2757 977 2781 v.
1003 2747 1075 2781 Cic.
1100 2747 1226 2781 Tusce.
1251 2747 1277 2786 1,
1301 2745 1358 2786 17,
1381 2744 1439 2779 1⁰.
1492 2746 1536 2780 Ut

144 2801 228 2836 illae
250 2805 442 2847 nuper-iore·
464 2806 500 2838 in
524 2807 675 2840 medium
699 2807 810 2840 locum
843 2805 963 2840 mundi
994 2807 1176 2851 gravitate
1193 2809 1362 2849 serantur
1386 2811 1421 2840 et
1446 2816 1533 2850 pon—
