1630 3034
461 197 806 241 CATILINA.
864 196 1001 239 cAP.
1031 195 1119 239 Lx.
1384 200 1466 241 321

77 318 197 373 rani,
251 317 462 377 pristinae
518 313 690 360 virtutis
745 328 993 368 memore3‚
1050 315 1251 359 cominus
1307 295 1468 359 acriter

79 409 266 461 instare3
309 408 376 451 illi
417 405 544 452 haud
587 404 733 459 timidi
769 404 998 460 resistunt,
1045 420 1255 449 maxuma
1286 405 1331 448 vi
1366 419 1466 454 cer-

76 505 207 544 tatur.
278 499 454 543 Interea
486 496 677 542 Catilina
712 510 818 541 curn
853 495 1073 554 expeditis
1107 496 1153 539 in
1185 496 1333 555 prima
1367 496 1507 547 acie4

75 590 253 646 versari,
286 589 594 634 laborantibus
631 601 917 643 succurrere,
953 587 1152 647 integros
1186 601 1269 646 pro
1309 586 1467 632 sauciis

75 695 328 736 accersere,
374 679 524 724 omnia
567 678 832 738 providere,
878 678 1068 723 multum
1112 678 1209 738 ipse
1243 692 1466 738 pugnare,

75 781 213 832 ‘saepe
258 770 439 818 hostem
483 770 641 823 ferire3
688 769 854 815 strenui
895 769 1046 815 militis
1090 777 1136 815 et
1168 769 1278 815 boni
1316 770 1466 828 impe-

71 938 128 974 sit.
149 959 197 965 --
228 939 427 977 Ferentarii
449 941 541 976 unde
564 938 650 976 dicti
672 939 752 983 sint,
780 940 849 985 ipsi
871 939 1057 987 ambigunt
1079 942 1233 982 vcteres3
1256 939 1326 975 hoc
1348 941 1466 974 tamen

74 1001 229 1038 constat,
254 999 341 1033 levis
365 1004 569 1033 armaturae
592 998 721 1032 milites
744 999 874 1041 fuisse,
899 1000 961 1043 qui
983 998 1122 1041 fundis,
1146 998 1275 1043 glande
1307 1001 1342 1031 et
1375 996 1466 1040 lapi-

70 1053 172 1087 dibus
194 1063 410 1100 pugnarent3
435 1058 480 1090 cf.
505 1057 641 1095 Festus,
667 1057 779 1090 Varro
807 1057 850 1091 de
873 1058 914 1092 L.
937 1057 977 1091 Ia.
999 1058 1057 1099 vl,
1079 1057 1114 1091 3.
1150 1056 1272 1100 Vegct.
1299 1055 1325 1096 1,
1348 1054 1406 1088 2⁰.
1432 1055 1468 1088 et

68 1111 114 1153 11,
142 1111 177 1145 2.
206 1131 252 1137 --
297 1114 382 1148 Cum
415 1114 553 1157 infestis
585 1114 699 1158 signis
731 1127 821 1150 conc.
855 1115 979 1149 eodem
1014 1115 1120 1149 modo
1163 1113 1295 1147 dictum
1326 1117 1395 1154 est,
1427 1114 1466 1146 ut

70 1177 101 1200 c.
137 1169 279 1212 XXVII,
311 1170 346 1204 2.
381 1182 474 1204 cum
511 1171 581 1205 telo
621 1182 716 1212 esse,
748 1171 811 1206 ubi
843 1183 878 1206 v.
914 1172 995 1206 coll.
1031 1172 1174 1216 Zumpt,
1196 1171 1355 1205 Gramm.
1388 1170 1467 1205 Lat.

71 1226 106 1267 5.
127 1225 186 1268 Ἡ,
205 1227 260 1261 11.
286 1231 359 1262 not.
384 1228 418 1262 2.
443 1240 478 1272 p.
494 1228 576 1263 362.
611 1227 709 1262 Alibi
741 1231 860 1262 tamen
891 1230 966 1264 solo
999 1229 1155 1265 ablativo
1189 1229 1264 1263 sine
1286 1227 1467 1273 praeposi-

69 1281 164 1316 tione
187 1288 356 1326 utuntur,
380 1285 480 1319 velut
501 1285 580 1319 Liv.
600 1285 629 1328 1,
647 1286 706 1329 25,
727 1287 760 1321 3.
795 1288 930 1331 infestis
961 1288 1068 1322 armis
1102 1291 1318 1321 concurrunt.
1365 1286 1464 1319 Caes.

66 1338 113 1374 B.
140 1340 185 1374 G.
209 1342 283 1383 1‘11,
303 1340 360 1376 51.
394 1343 548 1388 legiones
577 1343 713 1387 infestis
744 1350 865 1378 contra
888 1346 1002 1379 hostes
1024 1345 1136 1390 signis
1160 1345 1394 1379 constiterunt.
1419 1361 1464 1368 -

70 1396 151 1431 Pila
174 1399 360 1440 omittunt5
389 1401 611 1446 quodssaepe
642 1401 679 1434 in
703 1401 815 1435 atroci
839 1413 958 1446 pugna
983 1403 1135 1445 factum,
1169 1414 1204 1438 v,
1228 1402 1326 1435 Caes.
1350 1402 1394 1434 B.
1419 1401 1464 1435 G.

68 1454 99 1497 1,
119 1454 177 1490 52.
207 1457 280 1498 ΠΙ,
302 1456 360 1491 88.
387 1468 476 1500 quae
500 1458 683 1501 exempla,
722 1458 774 1492 uti
796 1459 955 1502 proxime
979 1460 1108 1501 allata,
1140 1459 1259 1493 Cortio
1283 1458 1463 1492 debentur.

68 1510 271 1557 Herzogius
294 1515 466 1559 utrimque
500 1518 582 1548 ante
603 1516 680 1558 pila
704 1515 859 1559 addidit,
893 1516 988 1560 quod
1017 1515 1170 1560 quinque
1192 1516 1324 1550 W'assii
1348 1515 1464 1555 codd„

68 1571 139 1603 tres
162 1569 281 1610 Leidd,
315 1575 350 1605 et
382 1584 443 1606 sex
476 1573 606 1606 Palatt.
639 1574 794 1616 habent3
825 1574 885 1608 sed
917 1585 1037 1607 omnes
1070 1572 1180 1607 Cortii
1213 1577 1247 1607 et
1282 1570 1464 1606 Gerlachii

66 1623 251 1671 ignorant,
285 1627 347 1662 alii
379 1630 452 1664 alio
484 1630 565 1665 loco
588 1631 790 1674 ostendunt,
821 1643 863 1665 ex
887 1642 957 1675 quo
981 1634 1076 1665 recte
1099 1631 1283 1677 colligitur
1306 1630 1463 1675 glossam

66 1694 143 1718 esse
174 1685 220 1719 ad
261 1693 467 1723 concurrunt
509 1693 736 1732 spectantem.
763 1709 808 1714 —
852 1690 924 1723 Pro
961 1700 1017 1722 res
1056 1689 1194 1734 geritur
1226 1688 1329 1722 multi
1360 1686 1461 1720 codd.

66 1742 161 1776 male
192 1755 248 1778 res
271 1745 415 1788 agitur,
447 1746 507 1780 vel
538 1747 662 1791 agitur
691 1757 766 1787 res,
798 1746 890 1790 quod
913 1757 1094 1790 nunquam
1117 1746 1167 1780 ita
1192 1745 1330 1785 dicitur,
1354 1748 1393 1777 ut
1416 1743 1463 1778 sit

63 1808 250 1843 pugnare,
281 1802 338 1835 vel
362 1802 549 1843 dimicare3
573 1807 695 1837 contra
718 1814 791 1837 rem
815 1814 940 1848 gerere
963 1803 1030 1837 isto
1055 1815 1157 1837 sensu
1179 1803 1262 1838 satis
1286 1803 1461 1845 frequens,

66 1855 121 1889 uti
145 1856 284 1890 Cottius
307 1860 350 1893 ad
375 1861 452 1905 lug.
474 1862 596 1905 LVlll,
617 1860 651 1894 4.
676 1860 952 1903 demonstravit,
977 1861 1058 1895 coll.
1082 1860 1160 1895 Liv.
1190 1859 1351 1900 xxvln,
1370 1858 1404 1898 2,
1426 1858 1461 1892 6.

67 1912 184 1947 Valcr.
210 1915 307 1949 Max.
335 1917 381 1960 11,
397 1907 437 1960 ‘7‚
458 1919 515 1953 lo.
550 1922 586 1954 et
608 1918 740 1952 Mureti
763 1919 862 1953 Varr.
897 1919 1009 1952 Lectt.
1023 1918 1083 1962 lv,
1101 1917 1135 1951 7.
1174 1916 1337 1951 Plurima
1368 1915 1462 1951 Livii

66 1971 232 2015 exempla
255 1974 566 2010 Drakenborchius
590 1975 764 2021 congessit
786 1976 832 2010 ad
855 1975 900 2016 X,
926 1975 984 2018 43,
1003 1975 1038 2010 6.

159 2031 192 2071 ἓ.
226 2028 322 2064 4-5.
377 2033 575 2078 accersere]
614 2034 668 2067 lta
700 2033 801 2066 codd.
837 2032 914 2066 Vin.
937 2033 970 2068 1.
1002 2034 1070 2067 lnc.
1103 2033 1137 2067 1.
1173 2031 1292 2065 Guelf.
1312 2031 1345 2065 2.
1369 2030 1401 2064 5.
1424 2029 1459 2064 6.

66 2083 100 2132 9.
120 2085 178 2119 10.
199 2086 257 2121 ll.
280 2088 366 2122 Bas.
383 2089 417 2122 1.
435 2089 470 2124 2.
494 2090 600 2124 Bern.
626 2090 660 2124 1.
676 2089 734 2131 2.;
770 2089 877 2122 ceteri
901 2101 1093 2131 arcessere,
1126 2099 1318 2128 accessere,
1343 2099 1460 2121 accer-

66 2141 146 2174 eire·
193 2142 235 2178 V.
271 2144 316 2177 ad
340 2157 370 2179 c.
403 2147 477 2188 XL,
506 2147 542 2182 6.
574 2165 620 2172 -
662 2147 717 2179 De
750 2145 958 2189 imperfecto
993 2147 1239 2190 exsequebatur
1278 2145 1459 2180 infinitivis

65 2198 244 2234 historicis
267 2202 449 2238 subiuncto
474 2215 508 2238 v·
534 2204 579 2238 ad
602 2215 632 2236 c.
653 2203 743 2244 XVI,
762 2203 795 2236 2.
820 2207 854 2236 et
878 2203 966 2245 le,
988 2202 1023 2236 4.
1066 2203 1143 2237 Non
1166 2203 1252 2237 satis
1276 2203 1459 2236 commode

68 2261 188 2291 autem
214 2258 426 2294 Gerlachius
459 2265 493 2295 et
515 2260 718 2305 Herzogius
754 2264 882 2304 puncto
913 2261 991 2303 post
1015 2260 1128 2303 ferire
1151 2261 1266 2303 posito
1291 2272 1380 2303 quae
1404 2272 1460 2294 sc»

66 2317 220 2357 quuntur
237 2325 258 2348 a
274 2316 490 2361 praegressis
503 2329 646 2360 prorsus
673 2317 929 2357 disiunxerunt3
954 2316 1082 2350 rectius
1106 2316 1197 2351 vidit
1218 2318 1460 2361 Kunliardtus,

66 2370 219 2416 legentis
252 2372 433 2414 animum,
471 2374 595 2417 rapido
630 2375 798 2409 orationis
837 2373 984 2408 flumine
1018 2373 1119 2416 quasi
1163 2379 1384 2419 correptum,
1421 2376 1457 2411 in

65 2428 270 2472 imperfecto
301 2431 461 2464 lubenter
491 2431 679 2466 subsistere
711 2436 746 2466 ct
776 2432 1006 2476 acquiescere.
1055 2430 1173 2465 Simili
1196 2434 1301 2467 modo
1326 2434 1459 2468 oratio-

64 2497 144 2520 nem
179 2487 413 2521 conformavit
446 2487 593 2522 Tacitus
628 2489 748 2534 Agric.
777 2502 807 2523 c.
836 2489 894 2530 38,
923 2488 970 2522 in.
997 2506 1043 2514 ·--
1077 2489 1146 2523 Pro
1180 2491 1322 2525 tendere
1355 2492 1457 2527 multi

67 2544 169 2579 codd.
194 2545 325 2579 habent
349 2546 553 2580 contendere
576 2551 637 2581 aut
661 2548 850 2589 intendere,
876 2558 918 2581 ex
942 2545 1211 2591 interpolatione
1234 2553 1268 2581 ct
1292 2549 1459 2594 ignoran-

65 2599 116 2635 tia
141 2612 223 2636 usus
246 2601 405 2645 dicendi,
430 2614 534 2646 quem
557 2604 697 2638 Cortius
729 2605 897 2649 exemplis
920 2605 1008 2638 bene
1031 2604 1188 2638 astruxit.
1245 2606 1343 2651 Virg.
1369 2607 1456 2641 Aen.

65 2659 144 2700 ΧΠ,
163 2658 243 2693 553.
269 2665 368 2694 vasto
391 2661 582 2695 certamine
606 2662 764 2696 tendunt.
811 2662 887 2697 Liv.
906 2662 1055 2703 xxxn,
1073 2661 1130 2703 32,
1151 2661 1184 2697 7.
1208 2665 1298 2707 quod
1322 2675 1457 2698 summa

64 2715 102 2749 υἱ
124 2720 163 2749 ut
187 2716 387 2762 tenderent,
422 2717 543 2754 amicis
577 2723 613 2754 et
644 2720 848 2766 propinquis
872 2719 1123 2761 mandaverat,
1158 2722 1220 2756 ubi
1244 2723 1397 2757 Gronov.
1423 2727 1457 2756 ot

134 2776 169 2820 1.
1112 2779 1175 2824 21
