1630 3034
134 162 219 204 424
503 156 547 198 G.
579 154 902 198 SALLUSTI
935 154 1157 198 CRISPI

138 275 269 319 rimas
305 287 489 329 uxores,
525 270 662 315 denas
698 270 796 327 alii,
832 271 904 315 alii
930 271 1068 332 pluris
1102 271 1292 329 habent,
1329 273 1412 317 sed
1443 289 1519 318 re-

102 376 129 416 7
139 387 221 433 ges
259 385 314 414 eo
352 369 560 429 amplius.
629 368 698 412 Ita
734 367 905 412 animus
934 367 1211 413 multitudine
1241 368 1523 425 distrahitur3

139 467 257 512 nulla
282 482 369 526 pro
400 466 520 510 socia
548 464 740 521 obtinet,
775 465 942 524 pariter
978 479 1132 509 omnes
1159 465 1268 510 viles
1298 474 1410 514 sunt,

277 562 488 609 LXXXI.
568 561 710 622 Igitur
762 562 807 605 iu
846 562 996 606 locum
1047 561 1267 606 ambobus
1312 563 1528 623 placitum

145 661 362 706 exercitus
398 659 691 713 conveniunt3
733 658 817 714 ibi,
862 658 954 703 fide
990 657 1096 702 data
1131 663 1176 702 et
1205 666 1417 720 accepta,
1452 661 1530 705 Iu-

145 756 313 819 gurtha
347 755 522 801 Bocchi
559 755 756 799 animum
803 756 1003 800 oratione
1041 755 1266 825 accendit:
1302 758 1532 803 Romanos

150 921 186 954 et
208 918 312 953 Misn.
347 918 485 960 Ceteri,
508 917 544 952 in
568 916 696 962 quibus
718 916 907 960 meliores,
931 917 1066 952 Boccho
1088 916 1238 962 habent,
1263 929 1332 962 quo
1355 918 1539 954 affinitatis

150 979 242 1015 ratio
265 980 368 1024 plane
393 978 569 1014 contraria
593 977 734 1013 exsistit.
783 977 853 1012 Sed
875 979 1083 1024 Iugurtham
1107 979 1243 1013 Bocchi
1266 980 1375 1014 filiam
1400 981 1435 1014 in
1461 992 1540 1015 ma-

151 1040 317 1076 trimonio
339 1040 505 1075 habuisse
526 1051 596 1073 non
618 1039 732 1073 solum
757 1042 852 1082 patet
874 1050 917 1073 ex
940 1040 1048 1074 Floro
1072 1040 1135 1082 ΙΙΙ,
1157 1041 1192 1083 1,
1215 1040 1272 1075 17.
1322 1041 1542 1075 Fraudulen-

152 1103 303 1138 tissimus
325 1113 448 1148 regum
462 1101 594 1144 fraude
618 1099 766 1134 soceri
788 1100 842 1133 sui
868 1100 905 1133 in
922 1101 1070 1134 insidias
1085 1101 1252 1135 deductus
1271 1106 1333 1143 est,
1355 1102 1414 1136 sed
1435 1103 1543 1137 etiam

153 1163 286 1207 duplici
310 1174 420 1207 eoque
443 1160 646 1195 firmissimo
669 1159 852 1194 Plutarchi
878 1161 1091 1204 testimonio,
1117 1161 1150 1195 in
1177 1161 1276 1196 Sulla
1298 1174 1330 1195 c.
1351 1163 1412 1197 Ill.
1442 1159 1488 1199 ‘O
1503 1161 1544 1198 δὲ

157 1222 298 1269 Βόκχος
321 1221 497 1268 ἐτύγχανε
515 1219 583 1266 μὲν
608 1219 660 1255 ἔτι
687 1233 727 1266 γε
752 1220 870 1256 πάλαι
895 1221 1108 1269 γαμβρὸν
1132 1220 1223 1258 ὄντα
1243 1224 1363 1266 μισῶν
1387 1223 1451 1259 καὶ
1475 1237 1546 1269 φο-

156 1283 341 1333 βούμενος
364 1284 449 1320 τὸν
472 1280 805 1328 Ἰουγούρθαν,
834 1286 869 1317 et
891 1284 927 1316 in
951 1283 1067 1318 Mario
1089 1296 1119 1318 c.
1145 1285 1191 1318 Χ.
1215 1283 1357 1329 Βόκχος
1379 1282 1426 1331 ἦν
1450 1299 1548 1322 πεν-

157 1343 308 1392 θερὸς
334 1344 574 1391 Ἰουγούρθα.
631 1343 766 1376 Boccho
801 1355 882 1377 cum
912 1345 1225 1389 praestantioribus
1254 1347 1414 1382 Sallustii
1443 1349 1546 1385 codd.

158 1408 267 1442 etiam
302 1408 411 1441 habet
439 1405 571 1441 Nonius
600 1404 658 1447 lv,
681 1403 777 1446 322„
801 1405 893 1439 uude
927 1407 1168 1450 cognoscitur,
1201 1407 1273 1441 iam
1302 1408 1548 1452 antiquissimo

161 1472 316 1512 tempore
350 1469 442 1502 hanc
475 1466 707 1509 corruptelam
747 1466 921 1509 quandam
962 1467 1134 1501 librorum
1167 1467 1340 1502 familiam
1371 1469 1550 1506 invasisse.

161 1528 372 1563 Gerlachius
397 1528 434 1561 in
468 1528 521 1562 ed.
546 1526 630 1561 mai.
662 1527 789 1561 Bocchi
813 1528 971 1572 scripsit,
1004 1527 1040 1561 in
1062 1528 1148 1562 min.
1170 1529 1323 1571 Boccho,
1357 1531 1490 1565 scilicet
1512 1534 1553 1566 ut

161 1590 308 1625 lectores
326 1614 337 1632 ,
378 1588 440 1633 qui
470 1591 619 1632 utraque
650 1587 703 1623 ed.
739 1591 911 1630 utuntur,
952 1598 1018 1633 pro
1056 1589 1206 1625 arbitrio
1237 1591 1388 1626 alterum
1420 1592 1554 1638 eligere

161 1652 311 1696 possent.

255 1710 338 1755 quia
362 1708 521 1754 singuli]
557 1708 649 1751 Quia
673 1709 779 1755 longe
801 1709 944 1754 plurimi
969 1709 1066 1743 codd.
1091 1713 1248 1754 tuentur3
1287 1712 1349 1746 alii
1373 1713 1464 1757 quod
1484 1713 1554 1748 ha-

164 1770 273 1812 bent,
307 1781 393 1813 quos
417 1769 556 1803 Cottius
583 1773 636 1803 est
667 1773 818 1805 secutus.
865 1771 918 1805 Ad
941 1769 1145 1804 sententiam
1169 1782 1236 1804 non
1260 1774 1412 1807 multum
1435 1774 1554 1817 refert,

165 1835 284 1866 utrum
319 1832 410 1866 hanc
440 1831 586 1864 illamve
616 1831 826 1875 particulam
862 1831 1005 1876 probes;
1043 1842 1124 1865 nam
1147 1833 1230 1867 licet
1255 1833 1441 1868 discrimen
1464 1836 1554 1870 inter

165 1896 352 1936 utramque
385 1903 460 1926 esse
485 1891 591 1926 facile
622 1893 807 1934 concedas,
843 1896 960 1927 tamen
984 1903 1095 1936 neque
1117 1898 1251 1929 veteres
1274 1893 1404 1939 ubique
1426 1895 1461 1929 id
1485 1908 1556 1931 eer-

167 1964 268 1987 vasse
299 1953 479 1995 videntur,
522 1964 634 1997 neque
664 1953 873 1987 recentiores
905 1953 940 1987 in
975 1964 1019 1986 eo
1042 1953 1280 1989 constituendo
1313 1956 1557 2000 consentiunt;

170 2016 217 2047 cf.
246 2014 387 2058 Zumpt.
414 2014 538 2048 Gram.
564 2014 639 2048 Lat.
673 2017 705 2056 §-
729 2014 787 2056 67,
810 2014 843 2047 6.
871 2025 905 2058 p.
933 2013 1015 2050 282.
1039 2014 1242 2051 Frotscher.
1274 2016 1375 2052 Obss.
1401 2017 1446 2051 ad
1469 2018 1558 2054 Sall.

171 2087 206 2119 p.
231 2074 290 2108 16.
314 2075 415 2109 Iahn.
441 2075 485 2109 ad
511 2073 608 2119 Yirg.
642 2074 728 2110 Aen.
762 2075 859 2118 vm,
885 2074 968 2111 650.
1000 2075 1155 2120 Herzog.
1190 2077 1234 2110 ad
1258 2076 1345 2112 Sall.
1368 2079 1445 2114 Cat.
1471 2080 1499 2121 Ι,
1522 2080 1558 2116 3.

172 2136 320 2169 naehne
353 2136 396 2170 ad
430 2136 519 2180 Nep.
559 2135 732 2170 Themist.
768 2148 798 2172 c.
824 2137 867 2180 X,
893 2136 926 2170 5.
975 2136 1026 2169 Ex
1054 2136 1111 2169 his
1140 2137 1312 2183 Herzogii
1340 2141 1562 2184 potissimum

172 2194 361 2238 probamus
385 2195 617 2238 sententiam,
649 2196 709 2240 qui
733 2198 833 2231 docet
856 2198 948 2242 quod
970 2198 1131 2241 usurpari
1157 2199 1201 2232 ad
1225 2210 1384 2234 caussam
1407 2200 1442 2235 in
1459 2204 1564 2246 sacto

174 2255 294 2299 aliquo
317 2257 467 2300 positam
493 2257 710 2292 afferendam
728 2282 738 2301 ,
772 2259 855 2304 quia
878 2269 962 2292 vero
985 2259 1168 2302 adhiberi,
1202 2260 1263 2294 ubi
1287 2261 1472 2296 iudicando
1495 2263 1563 2297 ali-

175 2315 273 2349 cuius
297 2317 348 2350 rei
372 2319 463 2352 ratio
488 2319 669 2354 afferatur.
717 2320 890 2363 Exempla
912 2321 1002 2365 quod
1025 2320 1220 2363 particulae
1240 2325 1320 2356 sunt
1342 2333 1449 2367 supra
1471 2324 1506 2368 §.
1528 2324 1563 2359 4.

178 2375 340 2419 Lxxxt,
367 2378 400 2411 2.
429 2380 502 2420 Cll,
526 2380 560 2414 7.
588 2399 632 2406 -
665 2382 715 2414 Εο
749 2382 899 2425 amplius
932 2381 1142 2415 Gerlachiue
1176 2381 1423 2426 interpretatur
1445 2385 1567 2430 ptum

177 2435 295 2479 deviis,
333 2438 425 2480 quod
449 2439 506 2473 vix
532 2440 609 2474 fieri
632 2446 764 2485 potest,
801 2453 908 2486 quum
933 2442 1115 2476 antecedat
1147 2444 1212 2477 alii
1231 2445 1278 2488 pl
1287 2455 1397 2479 ures.
1446 2446 1566 2481 Plum

178 2497 271 2530 onim
296 2500 470 2541 quomodo
495 2512 575 2534 cum
606 2502 762 2545 pluribus
793 2502 991 2547 comparari
1021 2503 1192 2546 ponunt?
1224 2505 1343 2548 Quare
1377 2507 1485 2541 verba
1510 2518 1567 2542 re-

179 2569 244 2603 ges
279 2570 317 2592 eo
352 2562 501 2605 amplius
534 2566 692 2605 spectare
730 2567 813 2607 puto
852 2565 897 2598 ad
929 2575 1135 2610 praegressa
1167 2577 1232 2610 pro
1263 2567 1381 2610 opibus
1410 2568 1565 2613 quinque,

182 2618 311 2653 omisso
347 2622 586 2666 comparativo
611 2624 790 2666 membro,
823 2626 915 2669 quod
943 2625 977 2659 in
1001 2626 1095 2659 hunc
1127 2627 1200 2661 fere
1222 2628 1363 2661 modum
1387 2628 1568 2672 cuppleae:

183 2679 244 2713 ned
268 2691 396 2725 reges,
422 2695 505 2726 quo
539 2685 690 2730 magio
721 2690 896 2720 ceteros
928 2686 1104 2730 opibus
1137 2693 1382 2733 superant,
1405 2701 1452 2723 eo
1483 2701 1569 2724 am-

181 2740 306 2784 pliu·
337 2753 459 2776 uxores
490 2743 630 2781 habene.
659 2764 698 2770 —
743 2746 848 2780 Nulla
878 2758 1092 2791 quamquam
1125 2747 1365 2784 tantummodo
1397 2752 1508 2785 exstat
1532 2749 1568 2784 ia
