1630 3034
105 175 197 223 214
474 175 520 217 C.
555 174 884 218 SALLUSTI
913 173 1141 218 CRISPI

111 293 315 337 Ianuario
348 305 404 336 ex
432 289 630 336 hibernis
654 291 702 336 in
730 290 1063 351 expeditionem
1092 295 1263 347 evocat,
1298 290 1497 350 magnis—

117 405 206 449 que
257 387 483 432 itineribus
535 387 683 434 hieme
727 403 888 453 aspera
929 388 1132 448 pervenit
1175 387 1234 432 ad
1279 386 1501 447 oppidum

83 484 308 542 4Suthul,
343 484 420 529 ubi
454 485 577 546 regis
610 485 820 530 thesauri
843 491 981 532 erant.
1055 484 1196 540 Quod
1231 497 1502 543 quamquam

117 589 162 627 et
197 581 378 626 saevitia
413 583 627 642 temporis
659 589 704 627 et
730 582 1063 643 opportunitate
1097 582 1185 626 loci
1221 596 1366 639 neque
1402 580 1503 640 capi

117 693 264 739 neque
300 677 495 723 obsideri
541 686 719 740 poterat
763 680 889 740 (nam
925 679 1091 723 circum
1124 693 1326 735 murum,
1373 676 1503 722 situm

119 823 280 858 Comitiis
303 823 410 857 Rom.
444 834 478 867 p.
502 822 721 858 249-253.
754 844 799 850 —-
838 823 912 866 Que
935 821 1147 867 particulam
1171 822 1312 868 mag-nis
1333 820 1507 856 adiectivo

118 885 297 929 additam,
321 895 413 928 quae
436 884 472 918 in
494 884 602 919 Fabr.
627 885 660 918 1.
685 885 803 919 Guelf.
819 883 855 919 2.
879 883 937 919 12.
964 884 1053 917 Tur.
1070 884 1103 919 1.
1129 883 1219 929 Teg.
1243 884 1326 917 Bas.
1349 882 1383 917 4.
1409 883 1504 933 Med.

120 945 176 980 11.
200 948 235 980 et
258 945 335 980 Vat.
359 943 396 978 5.
427 944 540 988 deest,
572 945 713 979 Cottius
736 944 876 987 omisit,
910 947 1006 979 ratus
1030 944 1219 989 asyndeton
1243 945 1346 978 valde
1369 955 1509 979 accom-

120 1006 303 1041 modatum
320 1016 406 1047 esse,
429 1005 476 1039 ad
490 1005 572 1039 Auli
591 1005 850 1050 properantium
872 1004 1152 1050 significandam,
1177 1005 1270 1049 quod
1294 1016 1508 1049 quamquam

122 1067 313 1102 Gerlachio
336 1066 373 1100 in
395 1066 450 1100 ed.
474 1065 611 1100 minore
643 1066 695 1102 ita
727 1067 880 1111 placuit,
908 1070 948 1101 ut
978 1066 1143 1100 voculam
1173 1065 1272 1100 uncis
1302 1065 1509 1107 includeret,

122 1126 223 1162 nobis
247 1127 350 1171 plane
379 1129 500 1161 contra
522 1126 671 1161 videtur.
716 1127 905 1161 Praeterea
928 1127 1058 1161 omissa
1081 1128 1207 1171 copula
1229 1128 1264 1161 in
1287 1128 1436 1171 proclivi
1460 1132 1512 1163 est

122 1199 229 1223 voces
260 1187 373 1222 hieme
401 1198 528 1231 aspera
561 1189 682 1222 eadem
705 1191 898 1222 structurae
921 1188 1056 1223 ratione
1080 1188 1208 1232 positas
1231 1189 1365 1230 videri,
1405 1201 1511 1234 quam

123 1248 254 1282 habent
276 1247 469 1291 antegressi
493 1249 661 1291 ablativi3
699 1248 752 1283 ita
774 1249 868 1282 enim
891 1248 1013 1283 suadet
1042 1250 1282 1284 membrorum
1307 1253 1512 1295 aequalitas.

124 1309 195 1343 Sed
218 1321 335 1343 sensus
358 1308 459 1342 docet
483 1308 689 1352 posteriores
704 1308 876 1344 ablativos
892 1309 964 1343 vim
981 1309 1137 1344 obtinere
1158 1311 1410 1347 enunciationis
1425 1325 1513 1348 con—

124 1370 297 1413 cessivae,
322 1369 373 1404 ita
395 1369 659 1414 concipiendae:
693 1370 856 1415 quamvis
878 1370 994 1406 hiems
1017 1382 1141 1416 aspera
1163 1376 1273 1415 esset3
1306 1372 1411 1418 idque
1432 1385 1513 1419 per-

125 1431 211 1467 tinet
233 1432 278 1465 ad
301 1431 441 1476 magnis
464 1432 689 1466 vocabulum.

218 1494 252 1535 §-
276 1491 312 1526 4.
358 1493 396 1525 in
417 1494 600 1537 praerupti
622 1493 746 1527 montis
769 1494 933 1539 extremo]
968 1493 1098 1528 Contra
1129 1504 1264 1528 morem
1286 1506 1370 1530 snae
1392 1498 1518 1533 aetatis

128 1552 316 1588 Sallustius
341 1557 489 1586 extremo
512 1553 720 1588 substantivi
743 1557 913 1598 potestate
945 1556 1080 1599 posuit;
1114 1556 1230 1591 Latini
1253 1555 1345 1590 enim
1368 1569 1436 1592 non
1459 1569 1517 1593 so-

129 1614 202 1648 lum
227 1613 290 1648 ubi
315 1613 412 1647 varia
434 1613 512 1647 loca
536 1618 599 1648 aut
622 1618 781 1658 tempora
803 1622 1072 1659 comparantur,
1097 1618 1155 1651 sed
1179 1617 1286 1651 etiam
1311 1617 1347 1652 iu
1370 1618 1518 1664 singulis

130 1674 287 1718 partibus
319 1673 473 1708 eiusdem
503 1674 571 1709 loci
602 1679 664 1710 aut
695 1676 862 1719 temporis
892 1676 1125 1711 discernendis
1156 1678 1329 1712 adiectivo
1363 1683 1517 1722 utuntur,

131 1746 278 1781 genere,
311 1745 457 1768 numero
479 1738 514 1769 et
534 1746 618 1769 casu
641 1747 721 1769 cum
745 1737 962 1772 substantivo
986 1748 1165 1782 congruo,
1199 1738 1261 1772 ubi
1284 1750 1326 1772 cx
1350 1741 1515 1775 recentio—

131 1807 211 1830 rum
247 1795 451 1841 linguarum
482 1795 622 1841 ingenio
653 1797 907 1832 substantivum
938 1798 1088 1842 ponitur.
1124 1799 1169 1833 cf.
1193 1800 1331 1843 Zumpt.
1358 1800 1518 1835 Gramm.

132 1857 208 1891 Lat.
234 1857 267 1898 §-
283 1856 340 1893 84.
355 1856 398 1890 Β.
417 1855 450 1891 4.
475 1869 509 1902 p.
527 1857 608 1892 479.
630 1858 683 1892 ed.
700 1859 756 1892 lv.
780 1859 871 1904 Aug.
894 1859 1097 1894 Grotefendi
1122 1861 1282 1894 Gramm.
1307 1860 1383 1895 Lat.
1407 1862 1519 1906 ampl.

133 1918 208 1952 vol.
233 1918 278 1952 Π.
303 1917 336 1962 §.
359 1917 416 1951 37.
442 1931 476 1963 p.
499 1918 558 1956 32.
581 1923 616 1954 et
639 1921 672 1962 §-
694 1917 775 1953 412.
801 1931 838 1963 p.
861 1919 942 1954 320.
967 1921 1156 1955 Ruhnken.
1191 1922 1235 1956 ud
1260 1921 1343 1955 Ter.
1369 1922 1516 1966 Adelph.

132 1979 226 2014 Prol.
252 1991 285 2014 v.
309 1979 343 2013 9.
368 1980 408 2012 In
429 1980 578 2025 prima
595 1980 789 2024 fabula,
815 1979 839 2014 i.
864 1992 896 2014 e.
921 1980 956 2014 in
981 1981 1094 2024 prima
1119 1986 1217 2025 parte
1241 1982 1393 2016 fabulae.
1427 1984 1519 2017 Dra-

134 2042 322 2076 kenborch.
350 2041 394 2077 ad
418 2040 552 2084 Liv.11‚
573 2040 633 2083 33,
655 2040 689 2075 7.
715 2044 748 2075 et
771 2040 942 2085 imprimis
965 2043 1149 2077 Bremium
1173 2043 1218 2077 ad
1240 2043 1324 2088 Nep.
1345 2044 1429 2078 Con.
1447 2046 1472 2086 l,
1486 2046 1520 2080 2.

135 2103 205 2137 Sed
228 2103 273 2138 ab
296 2103 363 2138 isto
387 2114 452 2137 usu
474 2101 621 2136 Tacitus
644 2101 846 2146 saepissime
869 2103 1044 2145 discessit3
1069 2104 1113 2138 cf.
1140 2105 1272 2141 Hertel.
1296 2106 1340 2140 ad
1365 2106 1522 2151 Agricol.

136 2175 167 2198 c.
184 2165 241 2207 vl,
265 2169 352 2199 extr.
375 2167 410 2198 et
432 2162 477 2197 ad
501 2175 530 2198 c.
547 2163 672 2205 XXIV,
697 2162 744 2197 in.
762 2163 901 2198 Ernesti
926 2164 970 2210 ad
993 2165 1083 2199 llist.
1100 2166 1160 2206 111,
1179 2165 1234 2200 16.
1259 2165 1344 2200 Anu.
1367 2167 1394 2209 1,
1411 2167 1471 2210 61,
1486 2168 1520 2202 2

141 2224 288 2259 Medio
319 2225 470 2268 campi
505 2225 658 2258 albentia
688 2235 777 2257 ossa.
809 2223 894 2258 ibid.
919 2225 957 2267 1,
980 2225 1050 2270 64,
1074 2226 1108 2260 3.
1143 2227 1288 2261 Medio
1312 2229 1523 2263 montium

139 2291 180 2320 et
201 2286 421 2330 paludum
445 2284 692 2329 porrigebatur
712 2286 889 2329 planities.
913 2297 947 2320 v.
972 2286 1186 2321 Ruddiman.
1210 2287 1336 2323 Institt.
1361 2289 1523 2323 Grmmn.

140 2348 183 2383 11.
216 2359 250 2391 p.
274 2346 332 2381 64.
369 2359 400 2380 n.
424 2345 481 2380 52.
517 2346 730 2379 Ramshorn.
758 2345 917 2380 Gramm.
942 2347 1018 2380 Lat.
1054 2346 1086 2386 §-
1112 2345 1192 2380 10⁴.
1226 2350 1296 2383 not.
1318 2345 1350 2379 4.
1385 2358 1418 2391 p.
1445 2347 1523 2382 170.

139 2406 295 2441 Praeivit
317 2410 433 2441 tamen
456 2405 711 2450 quodammodo
735 2405 837 2440 istam
861 2410 1068 2440 structuram
1092 2406 1291 2449 Sallustius,
1315 2407 1392 2453 Ing.
1406 2408 1478 2449 XC,
1492 2409 1522 2442 1.

143 2469 294 2502 Aestatis
318 2475 506 2503 extremum
530 2473 618 2504 crat.
643 2467 774 2509 xcnl,
797 2467 829 2501 2.
864 2468 919 2502 Aa
941 2479 1151 2502 summum
1175 2468 1344 2503 montis
1367 2480 1525 2514 egressus

142 2534 204 2563 est.
228 2529 410 2574 Fragmm.
435 2528 567 2563 uiator.
591 2530 627 2569 1,
651 2529 708 2563 62.
734 2528 831 2562 Gerl.
857 2529 1000 2563 Medio
1028 2529 1140 2569 dien}
1163 2533 1197 2563 et
1221 2529 1340 2564 Livius
1365 2529 1524 2570 xxvln,

141 2589 175 2629 9,
195 2588 227 2622 1.
252 2589 464 2623 Extremo
495 2590 700 2625 aestatis
734 2589 849 2632 cius,
884 2602 953 2634 qua
977 2591 1062 2624 haec
1088 2590 1123 2623 in
1145 2590 1294 2625 Graecia
1311 2595 1415 2635 gesta
1434 2595 1524 2624 sunt.

143 2648 227 2683 ibid.
253 2659 283 2682 c.
303 2647 362 2690 37,
391 2648 425 2684 5.
450 2650 525 2683 Iam
548 2655 791 2684 extremum
815 2651 1021 2685 autumni
1044 2655 1133 2685 erat.
1160 2670 1205 2676 —-
1231 2651 1343 2686 Situm
1367 2651 1390 2685 i.
1407 2662 1437 2685 e.
1464 2663 1526 2694 po-

141 2710 267 2753 situm,
291 2710 513 2744 collocatum.
538 2710 583 2744 cf.
612 2710 731 2746 Tacit.
755 2712 892 2746 Annall.
916 2712 967 2753 ll,
991 2711 1036 2752 7,
1058 2711 1092 2746 2.
1118 2716 1267 2746 veterem
1290 2723 1392 2746 amm
1415 2712 1525 2745 Druso

144 2772 283 2805 sitam
310 2772 527 2806 disiecerunt.
554 2771 601 2806 cf.
628 2773 752 2807 Donut.
776 2773 819 2807 ad
845 2772 927 2808 Ter.
953 2772 1099 2817 Adelph.
1123 2773 1180 2816 lu,
1203 2772 1239 2814 2,
1263 2772 1319 2808 33.
1344 2772 1403 2817 qui
1422 2773 1525 2808 citum
