1630 3034
129 184 213 226 452
491 177 537 220 c.
572 176 901 220 sALLUsrl
941 176 1166 220 calsrl

67 305 116 346 15
128 296 296 358 probra
331 294 622 340 obiectantur.
694 293 980 352 Quamquam
1027 304 1117 355 ego
1148 300 1350 339 naturam
1382 309 1514 339 unam
1583 298 1586 300 ’

132 400 176 439 et
222 406 508 437 communem
552 390 750 434 omnium
791 391 1033 446 existumo,
1090 391 1171 435 sed
1214 392 1515 436 fortissumum

68 503 120 543 16
132 504 357 550 quemque
400 488 820 549 generosissumum.
907 488 976 531 Ac
1020 489 1054 532 si
1092 488 1181 532 iam
1227 504 1282 532 ex
1315 489 1516 549 patribus

130 588 282 632 Albini
319 593 396 630 aut
442 584 622 629 Bestia⁶e
670 585 823 643 quaeri
860 592 1036 644 posset,
1085 600 1216 629 mene
1247 601 1303 629 an
1337 586 1434 630 illos
1465 600 1519 630 ex

133 700 180 730 se
216 684 346 746 gigni
395 682 651 738 maluerint,
695 680 805 740 quid
851 696 1145 742 responsuros
1192 681 1399 738 creditis,
1438 681 1519 725 nisi

71 797 120 836 17
133 797 229 827 sese
274 781 440 825 liberos
492 794 628 838 quam
682 784 892 839 optumos
931 779 1160 824 voluisse?
1205 778 1381 834 Quodsi
1425 779 1521 822 iure

171 994 174 997 .
227 956 260 998 §-
284 952 342 988 15.
395 954 615 998 Quamquam
640 963 705 997 ego
731 971 770 975 -
799 952 986 997 existumo}
1012 953 1231 999 Quamquam
1251 952 1288 987 in
1311 949 1522 985 enunciatio-

134 1027 176 1049 ne
202 1013 375 1060 simplici,
408 1026 498 1059 quae
534 1013 703 1059 apodosin
735 1023 804 1047 uon
835 1013 966 1056 habet,
998 1014 1205 1049 seutentiam
1228 1011 1408 1057 adiungit,
1434 1021 1524 1054 quae

133 1076 375 1112 antecedentia
407 1075 587 1121 corrigens
610 1074 755 1108 modum
787 1073 859 1109 illis
883 1073 985 1119 quasi
1007 1074 1156 1119 imponit
1179 1085 1290 1118 neque
1311 1073 1406 1107 ultra
1428 1071 1462 1105 in
1486 1081 1524 1104 re

131 1137 313 1181 proposita
335 1136 545 1171 versandum
570 1146 644 1170 esse
666 1135 854 1180 significat.
888 1136 933 1170 cf.
957 1136 1095 1180 Zumpt.
1119 1130 1197 1170 Eat.
1224 1134 1384 1169 Gramm.
1408 1134 1440 1175 ς.
1465 1130 1523 1173 67,

132 1197 166 1233 3.
191 1210 224 1242 p.
249 1197 331 1232 279.
361 1197 415 1231 ed.
446 1196 505 1231 lv.
539 1195 620 1230 Car.
653 1196 772 1232 Beier.
806 1197 848 1232 ad
885 1197 959 1232 Cic.
992 1197 1035 1232 de
1068 1197 1138 1232 off.
1163 1196 1218 1240 Π,
1242 1195 1306 1236 12,
1331 1192 1387 1228 43.
1424 1196 1457 1227 et
1478 1192 1524 1226 ad

133 1259 227 1293 Lael.
251 1270 282 1292 c.
306 1258 341 1300 9,
365 1258 400 1292 2.
423 1270 458 1303 p.
483 1256 540 1291 5⁰.
565 1256 748 1291 Heindorf.
773 1258 817 1292 ad
841 1259 930 1294 Hor.
956 1258 1032 1293 Sat.
1056 1258 1110 1301 11,
1135 1258 1169 1302 2,
1192 1255 1250 1291 41.
1276 1255 1359 1290 Otto
1383 1253 1427 1289 ad
1451 1251 1524 1287 Cic.

133 1319 176 1353 de
199 1318 300 1353 Finn.
324 1318 354 1361 Ι,
378 1319 411 1361 1,
432 1319 466 1353 2.
491 1318 612 1353 Bremi
645 1319 689 1354 ad
721 1318 808 1363 Nep.
833 1318 936 1354 Attic.
961 1331 990 1355 c.
1016 1318 1110 1361 XVI,
1132 1318 1167 1352 2.
1215 1315 1412 1350 Ver-nacula
1432 1314 1527 1348 huuc

135 1390 274 1415 sensum
297 1378 472 1423 exprimas
495 1378 679 1424 particulis
702 1379 880 1421 ιυίειυοήῑ,
906 1380 1049 1425 jedoch.
1071 1399 1116 1404 -—
1145 1379 1225 1412 Vim
1249 1377 1310 1412 sed
1333 1374 1527 1421 particulae

135 1440 280 1474 minime
315 1441 490 1485 perspexit
526 1440 686 1483 Cortius,
723 1439 800 1474 eius
823 1441 901 1475 loco
922 1441 971 1475 sic
998 1440 1165 1492 scriptum
1188 1438 1299 1474 fuisse
1321 1436 1521 1477 coniiciens,

135 1500 218 1546 quia
248 1501 419 1536 sententia
449 1500 692 1545 comparativa
714 1500 796 1535 talis
827 1500 893 1535 sit:
924 1503 1002 1543 „uti
1037 1506 1201 1537 naturam
1233 1510 1340 1534 uuam
1373 1501 1408 1532 et
1430 1508 1526 1531 com-

99 1562 103 1573 “
135 1558 277 1595 munem
309 1561 467 1595 omnium
498 1561 692 1603 existumo,
733 1562 781 1596 sic
813 1561 1054 1597 fortissumum
1085 1573 1259 1607 quemque
1291 1557 1527 1606 generosissu-

136 1633 235 1656 mum
267 1622 450 1656 existumo.
463 1625 487 1642 “
534 1622 601 1657 His
632 1621 735 1666 nugis
766 1621 907 1657 reiectis
939 1624 1056 1658 Faber
1089 1624 1150 1658 sed
1183 1633 1244 1667 per
1266 1619 1527 1656 anacoluthiam

134 1683 310 1727 quandam
342 1683 555 1717 adversandi
588 1686 763 1727 potestate
789 1688 905 1717 censet
936 1684 982 1718 ad
1014 1683 1290 1718 enunciationem
1323 1680 1526 1726 negativam

134 1743 281 1786 referri,
319 1756 424 1788 quam
457 1743 647 1778 Sallustius
682 1747 798 1778 mente
822 1744 963 1788 quidem
986 1744 1201 1787 conceperit,
1236 1743 1296 1777 sed
1320 1741 1435 1776 verbis
1458 1752 1526 1775 non

134 1808 297 1840 accurate
322 1804 540 1849 expresserit.
589 1804 727 1848 Quippe
751 1804 852 1839 illum
882 1805 951 1839 hoc
976 1803 1091 1837 dicere
1116 1803 1283 1837 voluisse:
1310 1803 1389 1837 Non
1414 1801 1525 1835 maio-

133 1877 213 1901 rum
246 1865 381 1900 meritis
414 1871 448 1900 et
480 1864 693 1910 imaginibus
717 1865 939 1910 gloriandum
963 1864 1144 1906 existimo,
1178 1864 1269 1906 quod
1301 1863 1360 1898 isti
1381 1859 1526 1900 faciunt,

134 1928 195 1962 sed
225 1927 456 1962 fortissimum
489 1937 662 1971 quemque
691 1926 1001 1971 generosissimum
1032 1936 1118 1959 esse.
1166 1924 1235 1958 Sed
1268 1925 1358 1959 haec
1390 1935 1528 1968 quoque

135 1988 322 2034 explicatio
345 1988 465 2033 paullo
499 1991 551 2022 est
579 1986 797 2029 intricatior,
828 1999 939 2031 neque
963 1986 1104 2032 ingenio
1137 1986 1174 2019 h.
1199 1986 1224 2019 1.
1248 1985 1528 2020 accommodata.

136 2050 189 2084 Ea
213 2054 265 2084 est
290 2048 383 2083 enim
407 2049 596 2084 sententiae
621 2048 732 2091 ratio,
769 2050 807 2081 ut
838 2059 907 2082 non
931 2048 1003 2083 alia
1035 2059 1146 2091 eaque
1168 2046 1306 2092 integra
1328 2045 1528 2082 enunciatio

136 2111 168 2144 ci
196 2114 416 2155 opponatur,
443 2110 503 2145 sed
527 2114 566 2144 ut
590 2108 828 2154 praedicatum
853 2109 897 2142 ad
921 2109 1138 2154 angustiores
1160 2108 1245 2142 fines
1267 2112 1470 2148 revocetur,
1494 2110 1529 2140 et

137 2172 242 2216 quusi
266 2171 418 2216 quadam
443 2170 644 2215 exceptione
667 2173 886 2212 coarctetur,
919 2170 976 2204 cui
1006 2170 1058 2204 rei
1081 2170 1142 2204 sed
1166 2168 1333 2203 inservire
1355 2168 1427 2203 iam
1451 2179 1528 2201 mo-

131 2233 274 2267 nuimus
298 2234 342 2267 ad
366 2232 442 2267 cat.
469 2233 524 2274 m,
550 2231 605 2266 13.
631 2244 664 2276 p.
681 2228 762 2268 2⁴15.
788 2235 821 2265 et
847 2242 953 2274 supra
976 2231 1021 2266 ad
1042 2231 1181 2272 Lxxv,
1196 2231 1231 2265 4.
1278 2230 1398 2274 Quare
1420 2239 1527 2272 quum

132 2298 294 2328 naturam
347 2304 453 2327 unam
493 2298 526 2328 ct
561 2293 712 2326 omnium
754 2303 967 2326 communem
999 2304 1071 2328 esse
1101 2291 1364 2337 pronunciasset
1395 2294 1527 2329 auctor,

135 2366 226 2399 quar*
258 2353 379 2388 adiicit
420 2366 484 2398 per
518 2354 580 2387 sed
613 2353 824 2397 particulam
864 2353 915 2388 sic
945 2353 1144 2398 astringunt
1177 2352 1278 2387 illam
1312 2350 1528 2390 sententiam,

137 2416 236 2460 quasi
260 2415 372 2456 dicat,
395 2415 462 2449 ita
499 2419 676 2456 tamen,
712 2419 759 2450 ut
787 2415 922 2458 fortiss.
943 2426 1108 2460 quemque
1131 2423 1289 2459 generos.
1313 2417 1527 2457 putem.—

136 2478 219 2511 I‘ost
242 2476 554 2521 generosissumum
591 2474 692 2508 multi
728 2475 828 2511 codd.
852 2476 984 2509 addunt
1008 2487 1102 2516 csse,
1127 2473 1218 2518 quod
1243 2474 1330 2508 Naz.
1357 2471 1525 2507 Commel.

138 2538 221 2570 Bas.
251 2538 282 2572 1.
306 2536 401 2571 Leid.
427 2535 466 2569 Ia.
500 2535 674 2578 multique
697 2535 759 2569 alii
784 2535 966 2580 ignorant,
996 2541 1032 2574 ct
1054 2540 1148 2570 recte
1170 2534 1332 2579 quidem3
1371 2543 1404 2567 v.
1427 2532 1471 2566 ad
1496 2543 1525 2564 c.

139 2598 332 2640 meaux,
354 2597 388 2630 7.
421 2595 572 2630 Weisius
595 2607 680 2629 vero
703 2596 831 2640 puerili
862 2596 1034 2631 latinitate
1056 2606 1262 2641 generosum
1293 2604 1365 2628 esse
1387 2592 1525 2636 scripsit

140 2669 178 2691 ex
196 2658 271 2694 cdd,
296 2657 436 2702 Grypli.
460 2656 559 2697 min„
584 2657 776 2701 ingolstad.
802 2661 836 2692 ct
860 2669 901 2691 ex
925 2658 1000 2692 cod.
1031 2657 1139 2691 Fabr.
1164 2658 1196 2690 1.

227 2718 258 2758 §.
288 2717 341 2751 16.
390 2719 439 2751 Ac
462 2718 490 2751 si
513 2718 583 2750 iam
603 2739 647 2744 —
676 2720 798 2762 quaeri
819 2720 954 2763 posset]
980 2720 1083 2753 llauc
1107 2714 1313 2753 sententiam
1337 2726 1378 2749 ex
1404 2715 1522 2749 Sullu-

137 2777 202 2811 stio
227 2777 392 2820 expressit
426 2778 634 2813 Plutarchus
666 2778 699 2811 in
728 2778 797 2813 situ
824 2778 926 2813 Marii
951 2790 981 2811 c.
1010 2779 1070 2812 lx.
1118 2775 1393 2816 Ἐπυνθοὶνετο,
1420 2777 1454 2811 εἰ
1475 2774 1525 2819 μή
