1630 3034
341 173 592 217 IUGURT
604 173 699 215 HA.
757 147 881 215 cAP'.
914 171 1161 214 LXXXIX.
1361 176 1445 216 472»

69 291 337 336 morabatur.
406 291 514 335 Eius
564 290 680 334 cives
730 288 853 348 apud
904 287 1168 348 Iugurtham
1213 289 1444 339 immunes,

69 389 155 433 levi
189 388 404 449 imperi0,
451 394 494 431 et
538 387 597 431 ob
635 401 689 430 ea
715 385 974 429 fidelissumi
1008 385 1305 441 habebantur,
1342 400 1444 429 mu-

69 486 144 530 niti
184 485 427 529 advorsum
470 484 609 528 hostis
648 497 738 526 non
779 482 1008 526 moenibus
1052 482 1190 526 modo
1236 488 1281 525 et
1314 482 1446 526 armis

69 589 203 641 atque
237 583 353 636 viris,
390 596 544 625 verum
573 581 704 624 etiam
739 579 878 622 multo
909 579 1051 639 magis
1081 579 1282 622 locorum
1312 594 1448 639 aspe-

69 679 208 724 ritate.
278 680 396 723 Nam
440 684 617 738 praeter
661 675 833 735 oppido
880 677 1135 735 propinqua
1178 677 1261 719 alia
1298 677 1482 726 omnia5

72 782 218 834 vasta,
264 776 452 831 inculta,
509 773 686 834 egentia
731 788 897 831 aquae,
951 772 1108 816 infesta
1154 773 1448 832 serpentibus,

76 887 267 930 quorum
313 873 400 927 vis,
452 871 579 916 sicuti
632 871 835 913 omnium
878 869 1072 914 ferarum
1095 903 1108 925 ‚
1159 871 1332 929 inopia?
1363 870 1449 912 cibi

73 969 249 1022 acrior3
295 968 354 1012 ad
395 968 486 1012 hoc
521 973 677 1012 natura
714 967 1010 1027 serpentium,
1055 968 1153 1027 ipsa
1186 967 1448 1027 peruiciosa,

73 1129 116 1164 cf.
141 1141 170 1162 c.
196 1129 302 1169 xvn,
326 1128 360 1164 7.
378 1148 420 1154 -
442 1127 613 1162 Immunes
637 1128 754 1172 paullo
778 1127 980 1162 insolentius
1003 1128 1162 1162 absolute
1185 1126 1316 1160 dictum
1341 1126 1452 1172 signi-

72 1191 154 1225 ficat
187 1202 209 1224 a
239 1188 377 1225 tributis
409 1193 444 1222 et
476 1186 597 1222 ceteris
628 1189 840 1222 subditorum
874 1190 1030 1222 oneribus
1063 1189 1160 1222 liberi
1171 1200 1183 1228 ,-
1226 1187 1277 1220 ita
1308 1187 1450 1221 Sueton.

72 1248 195 1285 Claud.
220 1263 248 1284 c.
273 1249 330 1284 25.
353 1248 546 1283 accuratius
570 1248 676 1283 dixit:
708 1250 849 1283 Ilienses
882 1251 934 1283 ab
976 1250 1096 1283 omni
1136 1259 1270 1282 onere
1302 1248 1452 1285 immu-

72 1323 150 1346 nes
175 1311 364 1356 praestitit.
412 1310 495 1343 Inde
518 1310 680 1343 continuo
711 1310 921 1355 intelligitur
945 1321 1066 1353 parum
1090 1313 1182 1342 recte
1205 1308 1347 1342 sensisse
1370 1309 1454 1342 Pal-

73 1371 222 1405 merium
256 1372 301 1405 ad
331 1371 368 1404 h.
398 1370 422 1404 1.
457 1375 490 1405 et
524 1371 789 1416 Berneggerum
822 1372 864 1405 ad
898 1371 1016 1404 lustin.
1048 1370 1100 1411 V,
1125 1370 1160 1411 1,
1186 1369 1255 1410 11.,
1289 1369 1349 1413 qui
1374 1371 1454 1411 levi,

73 1433 235 1467 omnibus
259 1432 356 1466 codd.
380 1431 582 1472 firmatum,
607 1438 780 1466 mutatum
804 1436 967 1476 cuperent
992 1431 1026 1464 in
1055 1431 1134 1466 leni.
1181 1429 1269 1464 Nam
1295 1430 1368 1463 leve
1390 1435 1454 1469 est,

73 1493 186 1538 qnod,
210 1504 316 1536 quum
339 1491 452 1535 ipsum
477 1493 626 1536 pondera
649 1499 790 1534 careat,
813 1495 906 1527 nullo
931 1503 1030 1525 onere
1054 1490 1188 1534 aliquid
1208 1491 1356 1535 premit3
1379 1491 1455 1524 lene

72 1566 156 1588 vero
178 1553 328 1594 dicitur,
351 1554 441 1596 quod
466 1553 612 1587 mollitie
633 1565 697 1587 sua
719 1554 914 1593 blanditur,
947 1555 981 1585 et
1003 1550 1193 1594 asperitate
1220 1551 1314 1584 omni
1338 1555 1372 1585 et
1396 1563 1455 1584 se-

74 1615 220 1648 veritate
243 1625 286 1648 ac
306 1614 526 1648 vehementia
548 1619 661 1648 vacat.
698 1616 745 1648 cf.
780 1614 965 1659 Spalding.
989 1613 1032 1646 ad
1056 1612 1221 1656 Quinctil.
1245 1612 1291 1652 X,
1316 1611 1350 1653 1,
1375 1611 1455 1645 121.

76 1673 276 1709 Doederlini
298 1673 491 1719 Synonym.
514 1675 592 1709 Lat.
618 1674 693 1708 Vol.
720 1675 763 1709 11.
789 1688 821 1719 p.
840 1675 908 1709 176
931 1686 982 1717 sq.
1007 1675 1038 1716 ἓ.
1063 1671 1098 1706 6.
1124 1673 1387 1706 Drakenborch.
1411 1673 1456 1704 ad

75 1737 150 1773 Liv.
175 1737 233 1777 VI,
256 1735 312 1777 19,
336 1735 369 1768 3.
417 1734 582 1778 Imperite
615 1735 726 1780 igitur
756 1736 908 1770 Weisius
940 1735 1008 1769 levi
1039 1734 1284 1777 interpretatur
1307 1733 1387 1766 lem‘.
1411 1750 1457 1757 —

78 1797 306 1831 [labebantur
329 1806 391 1839 per
412 1805 563 1839 zeugma
594 1807 672 1830 cum
705 1797 919 1842 praegressis
943 1794 1150 1840 praedicatis
1172 1793 1384 1834 continetur,
1408 1792 1456 1825 si-

75 1857 217 1902 quidem
247 1857 292 1891 ad
327 1856 395 1889 duo
426 1855 545 1899 priora
577 1857 726 1891 relatum
758 1859 854 1892 valet
884 1857 1127 1892 tractabantur
1149 1854 1222 1887 sive
1243 1853 1457 1896 regebantur

76 1919 142 1963 (⁰f·
170 1919 214 1953 ad
238 1919 310 1952 Cat·
335 1916 398 1957 ΧῘ,
421 1916 456 1950 5·
480 1928 516 1960 p.
540 1915 640 1960 590,
673 1918 717 1952 ad
742 1917 951 1961 fidelissumi
974 1920 1133 1960 spectans
1166 1913 1339 1957 significat
1361 1917 1457 1946 tene-

77 1979 204 2011 bantur
242 1978 299 2010 vel
330 1976 536 2020 simpliciter
567 1983 686 2019 erant,
716 1989 749 2012 v,
781 1979 825 2011 ad
857 1978 931 2011 Cat.
963 1977 997 2018 1,
1030 1976 1062 2010 4.
1096 1993 1141 2000 -
1178 1973 1267 2006 Viris
1297 1983 1331 2005 v·
1356 1972 1400 2005 ad
1424 1983 1456 2006 c·

79 2037 298 2078 LXXXVIII,
324 2036 358 2069 4.
391 2055 433 2061 -
472 2037 597 2069 Verum
629 2039 737 2072 etiam
768 2041 848 2071 ante
877 2037 986 2070 multo
1018 2035 1134 2081 magis
1166 2033 1304 2068 Cortins
1339 2033 1458 2077 inepte

79 2098 217 2139 omisit,
241 2097 418 2131 codicibus
441 2102 475 2132 et
497 2102 613 2131 rectae
635 2098 760 2131 rationi
783 2097 943 2132 illudens.

170 2161 203 2202 §-
236 2157 270 2193 5.
318 2159 450 2201 infesta
491 2159 726 2203 serpentibus]
769 2144 903 2202 Infesta
944 2155 1122 2200 passivum
1156 2165 1294 2189 sensnm
1327 2154 1461 2188 habere

80 2219 230 2254 diximus
260 2220 304 2254 ad
336 2220 411 2253 Cat.
444 2219 524 2261 XV,
548 2219 605 2261 ὣς
637 2219 696 2253 sed
729 2230 818 2261 quae
853 2218 890 2252 in
923 2217 990 2250 hoc
1019 2216 1190 2250 vocabulo
1213 2215 1324 2248 inesse
1348 2215 1459 2248 videri

81 2279 189 2322 possit
212 2278 352 2322 passiva
372 2279 584 2325 significatio
598 2304 609 2321 ‚
632 2290 711 2312 eam
735 2278 806 2312 alio
829 2278 933 2311 modo
957 2276 1205 2321 expediendam
1228 2286 1302 2309 esse
1326 2275 1460 2319 primus

80 2338 261 2383 ingeniose
284 2340 402 2374 docuit
423 2340 650 2374 Doederlinus
674 2339 865 2384 Synonym.
890 2339 984 2374 Latt.
1009 2338 1082 2371 Vol.
1104 2338 1161 2371 lv.
1188 2348 1221 2380 p.
1244 2336 1324 2370 4⁰0.
1351 2338 1382 2378 §.
1400 2336 1459 2371 12.

81 2398 254 2433 Nimirum
277 2400 344 2435 isto
367 2413 468 2435 sensu
491 2401 699 2435 vocabulum
724 2398 953 2442 compositum
987 2402 1038 2432 est
1060 2409 1101 2432 ex
1119 2400 1232 2441 festus
1255 2401 1289 2431 et
1311 2401 1460 2442 negante

82 2459 120 2493 in
146 2461 294 2505 syllaba.
344 2462 413 2495 Res
431 2465 590 2506 festae
622 2460 713 2494 enim
737 2472 844 2504 quum
867 2471 935 2493 non
966 2460 1079 2494 solum
1103 2458 1273 2493 laetitiam
1295 2459 1457 2494 habeant.

84 2521 142 2554 sed
165 2522 275 2556 otium
300 2533 437 2565 quoque
461 2526 494 2556 et
517 2523 756 2562 securitatem,
778 2522 864 2555 illae
886 2525 965 2554 sunt
992 2520 1158 2563 infestae,
1183 2531 1270 2563 quae
1292 2519 1458 2553 securita-

83 2580 130 2614 tis
151 2593 251 2615 sensu
281 2583 419 2616 sublato
442 2582 603 2616 timorem
627 2585 661 2616 et
682 2582 904 2615 formidinem
928 2580 1095 2621 excitant,
1119 2580 1281 2624 periculis
1304 2579 1457 2614 obiectis.

85 2641 175 2675 Rem
201 2643 311 2677 solam
334 2643 444 2688 igitur
465 2642 495 2676 si
513 2646 644 2686 spectes
667 2643 796 2686 infesta
819 2653 901 2676 sane
923 2645 1066 2685 possunt
1088 2641 1193 2675 etiam
1215 2642 1380 2686 infestata
1403 2640 1458 2674 di-

85 2700 140 2742 ci,
162 2703 261 2745 quasi
284 2703 486 2747 periculosis
507 2703 610 2737 rebus
633 2703 739 2747 petita
762 2714 802 2737 ac
825 2702 1038 2746 perturbata.
1084 2701 1132 2736 lis
1153 2705 1372 2746 opponuntur
1392 2711 1457 2734 au-

89 2764 159 2795 tem
181 2767 280 2806 tuta,
311 2763 362 2798 ita
384 2766 523 2804 tamen,
549 2767 588 2797 ut
620 2764 751 2806 infesta
782 2774 902 2798 rursus
925 2762 1085 2797 differant
1110 2763 1155 2797 ab
1177 2763 1311 2797 intutis.
1361 2763 1457 2795 Intu-
