1630 3034
179 147 264 187 534
550 139 597 181 C.
628 138 954 182 SALLUSTI
982 139 1195 182 CRISPI

181 254 330 301 litibus
366 261 635 315 exaequatus
685 270 788 300 cum
829 256 1100 317 imperatore
1143 255 1269 300 labos
1314 258 1581 303 volentibus.

181 435 282 469 quem
306 424 485 459 mitterent
508 425 596 459 satis
618 423 822 465 constabat,
855 433 983 468 quam
1015 422 1122 465 illud,
1145 423 1265 457 ducem
1287 425 1570 460 extraordinaria

182 496 269 520 cura
312 485 539 531 deligendum
582 497 674 529 esse,
713 484 776 518 ubi
817 494 880 527 pro
909 489 1029 519 tamen.
1063 483 1285 518 scribendum
1317 497 1392 520 esse
1424 491 1498 521 tam
1531 486 1569 520 in

182 549 349 592 promptu
372 550 441 588 est,
466 556 556 590 quae
578 546 638 579 vix
661 548 773 589 potest
795 544 995 579 coniectura
1017 545 1209 588 appellari,
1241 546 1414 590 frequenti
1438 552 1511 581 tam
1536 551 1571 582 et

183 613 301 643 tamen
323 607 576 651 particularum
608 606 831 648 confusione,
862 617 897 640 ν.
921 606 1184 641 Drakenborch.
1209 607 1254 641 ad
1277 606 1354 640 Liv.
1378 608 1489 649 xxn,
1514 607 1573 649 59,

183 667 240 703 13.
272 668 327 702 Ex
351 668 464 703 altero
488 679 618 712 genere
643 670 695 701 est
719 667 817 701 locus
840 666 933 701 Livii
958 667 1084 709 XXVI,
1108 667 1167 709 31,
1191 667 1225 701 2.
1275 667 1313 702 N
1321 679 1373 701 on
1403 669 1487 712 quid
1505 679 1571 714 ego

176 729 324 773 fecerim
350 729 388 763 in
413 728 683 773 disquisitionem
706 727 823 769 venit,
848 738 978 772 quam
1009 728 1093 772 quid
1116 728 1175 762 isti
1195 728 1274 772 pati
1296 729 1488 771 debuerint,
1511 729 1574 764 ubi

183 790 381 833 complures
417 789 518 824 codd.
551 800 670 823 veram
705 789 916 833 scripturam
948 789 1025 822 sed
1059 788 1141 833 qnid
1164 791 1315 824 tuentur.
1361 790 1575 834 Depravatio

186 854 304 884 autem
328 860 369 884 eo
394 854 474 884 orta
496 852 565 892 est,
590 850 705 894 quod,
730 861 837 894 quum
861 849 897 884 in
919 849 1040 884 Low-el.
1065 848 1099 883 1.
1128 852 1162 883 et
1185 849 1218 883 4.
1253 853 1343 884 esset
1373 852 1434 885 sed
1459 864 1576 886 num-

186 910 316 956 quid,
349 910 430 944 inde
455 911 489 944 in
515 910 594 945 aliis
619 911 753 946 factum
776 913 827 944 est
850 922 949 944 nam
973 909 1135 956 quicquid
1144 921 1156 949 ,-
1185 921 1227 943 ex
1250 921 1332 946 nam
1356 916 1475 948 autem
1497 925 1577 947 rur-

187 983 247 1006 sus
278 974 394 1006 ortum
427 983 541 1016 quam.
575 973 695 1007 lustin.
727 972 814 1014 XII,
847 970 891 1013 8,
925 971 960 1005 4.
1021 972 1177 1005 Tandem
1205 983 1306 1006 orare
1339 973 1415 1018 (sc.
1449 974 1579 1009 milites

187 1032 467 1077 Alexandrum),
499 1038 540 1067 ut
570 1034 736 1079 reliquias
769 1033 893 1067 saltem
923 1043 1006 1066 suas
1031 1032 1189 1076 paternis
1220 1035 1407 1077 sepulchris
1438 1035 1578 1076 reddat,

187 1105 331 1138 quorum
362 1105 447 1127 non
481 1093 607 1127 studiis
638 1094 843 1138 deficiatur,
879 1105 1006 1139 quam
1039 1093 1159 1135 aunis,
1193 1093 1255 1127 ubi
1278 1097 1477 1140 reponenda
1499 1096 1578 1132 edd.

187 1153 318 1197 antiqq.
352 1153 456 1188 lectio
490 1155 573 1188 sed
603 1156 715 1189 annis.
762 1156 888 1190 Nostro
919 1155 1031 1200 igitur
1060 1155 1141 1195 loco
1165 1166 1359 1198 paucorum
1383 1157 1482 1191 codd.
1506 1162 1582 1191 tam

188 1226 258 1249 non
280 1215 487 1250 habentium
511 1215 684 1259 scriptura
706 1228 818 1260 neque
842 1216 969 1250 Latina
992 1219 1057 1258 est,
1082 1227 1205 1259 neque,
1232 1217 1263 1250 si
1287 1222 1396 1259 esset,
1422 1229 1580 1252 commo-

189 1275 274 1309 dum
306 1287 445 1310 sensum
476 1277 670 1321 praeberet.
720 1277 826 1312 Haud
859 1277 964 1311 dubie
991 1277 1085 1311 enim
1109 1277 1297 1312 Sallustius
1319 1279 1434 1313 dicere
1455 1279 1580 1324 voluit,

188 1335 345 1373 Marium
369 1349 459 1372 sane
473 1339 514 1372 ob
539 1339 774 1383 diffidentiam
797 1339 966 1383 aliquam,
991 1341 1030 1373 ut
1051 1338 1151 1373 decet
1172 1342 1315 1373 cautum
1338 1350 1381 1374 ac
1403 1343 1584 1374 strenuum

190 1395 465 1441 imperatorem,
500 1399 648 1445 vigilias
683 1400 800 1444 ipsum
834 1398 1054 1440 circumisse,
1085 1400 1145 1433 sed
1178 1401 1321 1434 multo
1361 1402 1512 1446 magis
1544 1406 1585 1436 ut

190 1458 345 1502 exemplo
381 1470 443 1492 suo
475 1461 601 1495 milites
633 1462 811 1496 excitaret.
843 1480 889 1486 —
929 1460 1056 1495 Statim
1080 1464 1158 1504 post
1181 1461 1286 1507 longe
1310 1461 1456 1505 plurimi
1482 1462 1582 1496 codd.

190 1518 322 1552 habent
355 1519 555 1563 diffidentia
586 1523 772 1566 futuri,
805 1534 924 1568 quae
966 1522 1225 1566 imperavisset,
1269 1523 1306 1557 in
1338 1534 1408 1566 qua
1445 1524 1586 1558 soloeca

191 1583 370 1615 structura
393 1582 607 1618 defendenda
633 1583 867 1628 nequicquam
890 1583 1096 1617 laborarunt
1118 1583 1324 1627 interpretes
1348 1589 1383 1627 et
1404 1595 1586 1630 gramma-

191 1640 266 1675 tici.
314 1641 368 1675 Ad
392 1653 502 1676 unum
529 1643 621 1677 enim
646 1655 787 1687 omnes,
823 1644 921 1678 velut
954 1643 1094 1677 Cottius
1118 1644 1161 1678 ad
1187 1645 1222 1678 h.
1248 1645 1288 1687 l.,
1313 1645 1518 1680 Perizonius
1541 1646 1587 1681 ad

192 1702 309 1736 Sanct.
334 1701 422 1738 Min.
446 1703 492 1748 ΙΙ,
517 1704 553 1740 9.
586 1716 621 1748 p.
645 1706 726 1741 268.
760 1705 814 1738 ed.
847 1705 953 1748 Bau..
978 1705 1238 1740 Ramshornius
1262 1707 1422 1741 Gramm.
1453 1707 1528 1742 Lat.
1551 1709 1585 1749 §-

193 1761 275 1797 206.
298 1762 340 1797 Α.
363 1763 398 1797 4.
422 1774 456 1800 a.
480 1776 515 1809 p.
539 1765 619 1799 697.
653 1767 707 1800 ed.
732 1767 760 1801 Ι.
790 1764 828 1798 id
860 1764 962 1798 unice
999 1769 1135 1810 agunt,
1169 1771 1208 1801 ut
1231 1767 1367 1801 numeri
1396 1767 1587 1813 singularis

194 1834 277 1857 cum
309 1824 440 1868 plurali
471 1825 748 1861 coniunctionem
782 1826 986 1868 defendant,
1020 1838 1087 1861 non
1118 1826 1177 1861 via
1211 1831 1245 1862 et
1266 1828 1421 1871 ratione,
1443 1830 1502 1863 sed
1526 1841 1586 1864 ex-

194 1884 321 1928 emplis
335 1908 346 1928 ,
370 1888 405 1919 et
427 1885 519 1920 inter
541 1898 579 1920 se
605 1887 769 1929 diversis,
791 1890 828 1921 et
851 1897 874 1921 a
897 1892 1016 1921 nostro
1040 1888 1116 1922 loco
1140 1887 1383 1932 alienissimis,
1416 1901 1506 1935 quae
1529 1891 1588 1925 vel

193 1957 320 1990 parum
345 1947 527 1981 emendate
552 1947 588 1981 in
610 1948 689 1983 edd.
713 1949 899 1994 leguntur,
923 1949 981 1982 vel
1014 1959 1076 1992 per
1098 1960 1135 1983 se
1158 1960 1244 1984 sana
1266 1954 1505 1994 portentosam
1528 1961 1589 1984 ex-

193 2006 420 2050 plicationem
451 2012 595 2052 experta
628 2012 730 2053 sunt,
764 2009 886 2054 qualia
919 2009 1100 2055 tetigimus
1133 2009 1178 2044 ad
1216 2010 1318 2045 Catil.
1345 2011 1472 2054 xvffl,
1497 2012 1529 2047 1.
1553 2023 1588 2056 p.

195 2065 242 2102 85
265 2079 315 2112 sq.
343 2072 378 2103 et
410 2068 455 2103 ad
486 2070 584 2112 LVI,
609 2069 642 2105 5.
677 2084 713 2116 p.
741 2070 820 2106 297.
869 2070 939 2105 Sed
973 2076 1011 2105 ut
1041 2082 1231 2116 parumper
1261 2073 1490 2107 concedamus
1519 2073 1590 2107 dici

197 2139 297 2172 posse
313 2130 455 2172 saturi,
480 2141 587 2174 quae,
613 2132 705 2175 quod
730 2133 826 2167 nullo
850 2133 954 2167 modo
978 2133 1060 2168 licet
1075 2159 1084 2174 ,
1111 2133 1301 2175 maiorem,
1326 2144 1433 2178 quam
1456 2134 1591 2168 numeri

196 2189 396 2233 diversitas,
423 2190 644 2225 insolentiam
669 2192 778 2227 habet
797 2194 1025 2239 participium
1049 2205 1091 2227 ex
1115 2194 1317 2238 diffidentia
1340 2199 1472 2239 aptum.
1495 2195 1590 2229 Num

196 2254 300 2295 putas
323 2262 476 2295 unquam
501 2251 632 2286 dictum
656 2253 784 2299 fuisse,
808 2260 870 2289 aut
892 2255 1047 2299 potuisse
1069 2255 1138 2289 (lici
1153 2281 1162 2297 ‚
1188 2260 1226 2290 ut
1249 2256 1317 2290 hoc
1339 2260 1442 2297 utar,
1467 2256 1591 2289 anxius

196 2323 272 2345 sum
312 2312 607 2357 dissidentia
647 2317 863 2351 redituri
914 2317 1010 2351 eius
1035 2342 1045 2358 ,
1087 2328 1187 2361 quem
1233 2316 1348 2351 misi?
1392 2316 1448 2350 vel
1489 2327 1590 2361 spes

198 2374 339 2408 amici
372 2377 562 2409 venturi
594 2388 649 2411 me
666 2377 829 2421 fefellit?
853 2378 891 2412 In
915 2378 972 2412 his
995 2382 1029 2412 et
1055 2376 1231 2412 similibus
1254 2382 1294 2413 ut
1315 2378 1509 2412 necessario
1531 2389 1592 2412 ac-

198 2434 377 2469 cusativus
411 2447 493 2470 cum
529 2436 593 2473 inf.
625 2438 836 2482 requiritur,
868 2438 919 2473 ita
952 2439 1060 2473 etiam
1083 2445 1201 2474 nostro
1223 2441 1301 2474 loco
1326 2451 1367 2474 ex
1392 2440 1591 2483 diffidentia

198 2495 288 2529 nihil
313 2496 410 2531 aliud
433 2508 539 2541 quam
564 2499 653 2533 haec
677 2504 851 2534 structura
874 2500 1023 2544 pendere
1046 2504 1165 2545 potest.
1210 2501 1275 2536 Cui
1297 2511 1512 2545 quamquam
1537 2499 1591 2534 fa—

199 2555 265 2588 cile
289 2557 454 2599 satisfiat,
491 2559 521 2593 si
553 2571 633 2594 cum
659 2561 831 2595 Muellero
856 2565 891 2596 et
925 2561 1060 2596 Weisio
1083 2561 1216 2596 scribas
1243 2563 1390 2605 futura,
1414 2573 1525 2606 quae,
1551 2565 1590 2596 ut

200 2616 355 2650 nonnulli
382 2619 482 2652 codd.
508 2619 651 2655 Gruteri
675 2621 827 2663 habent,
853 2624 990 2666 tamen,
1016 2622 1098 2665 quin
1124 2622 1172 2656 ita
1195 2622 1352 2657 lectionis
1377 2632 1506 2666 magna
1528 2632 1592 2656 va-

200 2675 306 2711 rietas
339 2679 434 2714 nullo
468 2681 572 2714 modo
605 2685 717 2725 potest
752 2682 946 2727 explicari,
979 2683 1183 2717 insolentius
1214 2683 1346 2727 aliquid
1371 2693 1392 2717 a
1424 2683 1592 2718 Sallustio

199 2738 366 2781 scriptum
391 2751 464 2774 esse
487 2745 644 2786 apparet.
694 2742 823 2777 Verum
848 2742 961 2788 igitur
985 2748 1148 2787 putamus
1171 2744 1265 2788 quod
1291 2743 1325 2777 in
1358 2743 1474 2777 Guell'.
1500 2743 1534 2777 7.
1559 2747 1592 2778 et
