1630 3034
81 175 135 214 1⁰
450 169 494 212 C.
526 167 856 211 SALLUSTI
886 167 1104 212 CRISPI

80 288 230 334 omnia
275 290 426 331 nostra
471 285 674 345 corporis
719 285 828 342 alia,
874 285 960 330 alia
994 285 1126 329 animi
1160 291 1364 329 naturam
1399 301 1471 332 se·-

48 389 294 444 2quuntur.
362 382 504 442 Igitur
552 383 789 441 praeclara
839 383 1000 438 facies,
1048 398 1241 442 magnae
1284 383 1472 440 divitiae,

78 482 138 525 ad
171 481 263 524 hoc
298 480 361 523 vis
399 479 600 538 corporis
631 484 675 523 et
704 479 790 522 alia
819 479 969 523 omnia
1004 478 1313 524 huiuscemodi
1347 479 1474 523 brevi

78 578 356 629 dilabuntur3
402 582 446 619 at
484 576 635 636 ingeni
680 576 866 636 egregia
910 576 1111 619 facinora
1155 576 1283 621 sicuti
1329 575 1474 619 anima

45 673 343 723 3immortalia
378 679 490 718 sunt.
559 673 796 716 Postremo
826 673 1028 732 corporis
1065 678 1109 717 et
1142 672 1349 717 fortunae
1384 672 1473 715 bo-

76 787 235 817 norum
269 776 319 815 ut
351 769 547 825 initium,
583 769 644 814 sic
679 770 777 813 finis
813 776 902 826 est,
940 771 1179 829 omniaque
1214 776 1312 815 orta
1347 769 1472 813 occi-

74 940 185 975 ctiore
206 950 310 974 sensu
332 937 376 972 de
398 936 535 981 potiore
556 939 694 971 tantum
717 936 771 971 sui
794 940 915 980 parte,
938 938 965 973 i.
988 949 1019 972 e.
1043 937 1086 970 de
1110 937 1226 971 animo
1249 934 1472 979 intelligitur,

76 1002 151 1045 (cf.
177 1001 255 1034 cat.
280 999 325 1040 Π,
348 997 415 1042 8.)
451 1009 562 1041 eoque
585 998 742 1038 factum,
774 1001 813 1032 ut
838 998 1042 1039 Sallustius,
1080 1010 1187 1040 quum
1211 997 1324 1041 primo
1348 996 1384 1030 in
1407 996 1474 1028 ho-

74 1062 210 1095 minum
241 1063 366 1093 natura
401 1058 606 1101 explicanda
639 1057 754 1102 magis
787 1059 944 1102 generali
977 1069 1065 1092 voce
1101 1060 1242 1091 animae
1265 1067 1348 1090 usus
1371 1058 1472 1096 esset,

74 1133 156 1156 mox
180 1122 216 1155 in
240 1121 315 1154 eius
337 1121 458 1154 locum
489 1119 720 1153 definitiorem
745 1119 854 1153 animi
876 1118 1110 1152 substitueret.
1142 1137 1189 1143 --
1225 1117 1351 1151 Omnia
1385 1116 1473 1149 Cor-

73 1183 143 1218 tius
173 1183 290 1226 inepte
320 1181 396 1215 cod.
428 1181 555 1214 Franc.
587 1179 795 1214 auctoritate
826 1180 948 1214 abesse
971 1180 1073 1220 vult,
1108 1178 1193 1223 quia
1215 1178 1285 1213 ista
1308 1176 1406 1213 notio
1429 1186 1472 1210 ex

73 1250 217 1279 cunctae
243 1254 330 1276 voce
352 1241 582 1286 intelligatur.

165 1307 198 1348 S.
221 1306 256 1339 2.
304 1308 339 1338 et
358 1304 432 1337 αΙία
451 1303 567 1337 omnia
588 1301 847 1345 huiuscemodi]
875 1301 942 1344 Et,
968 1301 1062 1345 quod
1086 1300 1225 1335 Cortius
1245 1298 1353 1333 Acad.
1374 1309 1473 1332 secu-

71 1370 128 1401 tus
145 1366 307 1407 eiecerat,
332 1363 542 1397 Gerlachius
563 1367 657 1397 recte
673 1362 759 1396 vidit
782 1366 924 1406 propter
941 1373 1182 1407 praegressum
1208 1362 1256 1394 ad
1280 1361 1353 1401 hoc,
1378 1358 1472 1402 quod

72 1428 190 1472 ipsum
214 1426 361 1469 copulae
383 1424 497 1458 vicem
522 1423 692 1458 sustinere
724 1424 877 1458 diximus
900 1424 943 1457 ad
968 1423 1073 1458 Catil.
1098 1423 1237 1464 XXXI,
1260 1420 1319 1463 8.,
1357 1419 1472 1454 omitti

71 1500 140 1523 non
165 1499 285 1532 possc;
309 1497 391 1521 nam
414 1485 475 1519 ubi
495 1485 530 1518 in
551 1484 807 1528 quadripartita
830 1483 1002 1517 divisione
1021 1484 1163 1518 tertium
1186 1483 1385 1517 membrum
1408 1493 1471 1514 co-

70 1551 193 1594 pulam
216 1549 342 1588 habet,
369 1550 534 1589 quartum
558 1556 626 1578 non
659 1549 772 1588 potest
797 1541 1004 1579 ἀσύνδετον
1036 1555 1122 1577 esse.
1161 1563 1207 1569 --
1237 1545 1320 1577 Alia
1354 1543 1471 1576 omnia

72 1610 306 1644 huiuscemodi
337 1607 493 1652 pictique
528 1609 644 1640 tenent
675 1605 794 1646 codd-3
837 1605 897 1638 sed
931 1607 1097 1648 quattuor
1132 1604 1242 1639 Cottii
1283 1609 1319 1639 et
1350 1615 1471 1638 ornnes

71 1671 189 1706 Leidd.
208 1673 352 1713 excepto
365 1669 418 1711 L.,
441 1667 674 1703 huiuscemodi
698 1665 938 1709 interponunt,
961 1676 1065 1709 quem
1088 1666 1277 1699 verborum
1299 1665 1469 1708 ordinem,

72 1744 95 1767 a
118 1733 237 1766 Cortio
272 1735 474 1773 receptum,
519 1727 728 1762 Gerlachiua
752 1730 935 1771 propterea
971 1726 1103 1767 reiicit,
1138 1726 1231 1770 quod
1251 1727 1329 1759 ulia
1352 1726 1470 1759 omnia

71 1794 226 1828 formula
249 1792 400 1826 solennis
423 1790 468 1825 sit
499 1790 592 1832 apud
616 1787 836 1822 Sallustium.
885 1786 956 1820 Sed
986 1798 1029 1821 ea
1051 1788 1094 1820 de
1117 1797 1240 1821 caussa
1264 1786 1379 1832 potius
1399 1787 1470 1820 hae

71 1866 176 1889 voces
198 1852 462 1897 coniungendae
484 1854 575 1891 sunt,
611 1849 704 1892 quod
727 1847 928 1891 Sallustius,
960 1860 1004 1882 ne
1028 1849 1131 1891 plura
1154 1851 1346 1889 enumeret,
1379 1846 1468 1880 reli-

70 1927 139 1949 cua
163 1914 445 1958 comprehendit3
486 1923 593 1957 quare
617 1921 727 1954 quum
758 1907 927 1952 primaria
951 1908 1047 1942 notio
1079 1908 1160 1942 insit
1191 1908 1227 1941 in
1250 1907 1368 1941 verbis
1393 1908 1468 1941 alia

69 1977 206 2018 omnia,
245 1978 514 2009 consentaneum
537 1976 589 2006 est
622 1983 665 2005 ea
687 1969 872 2014 coniungi,
913 1969 1025 2012 iisque
1047 1968 1244 2003 accuratius
1266 1968 1469 2002 definiendis

68 2049 259 2083 pronomen
291 2035 436 2076 subiici3
473 2045 554 2068 nam
587 2031 823 2068 huiuscemodi
845 2029 981 2074 plenius
1005 2033 1056 2063 est
1091 2041 1182 2074 quae
1204 2030 1340 2074 quidem
1365 2029 1467 2062 huius

68 2101 208 2145 generis
225 2103 318 2133 sunt.
366 2097 411 2131 cf.
437 2108 466 2129 c.
485 2096 544 2137 lv,
568 2094 604 2130 8.
628 2093 691 2128 ubi
715 2093 809 2128 idem
833 2091 1022 2126 verborum
1040 2090 1125 2124 ordo
1149 2089 1223 2124 sine
1246 2090 1318 2124 ulla
1336 2089 1466 2123 discre-

69 2161 186 2205 pantia
218 2157 377 2194 recurrit.

161 2223 194 2263 §-
215 2221 251 2254 8.
300 2225 339 2253 ut
362 2217 513 2257 initium,
536 2216 584 2250 sic
602 2215 685 2259 finis
709 2214 785 2257 est]
819 2213 876 2246 Sic
900 2223 1019 2246 omnes
1042 2211 1143 2246 codd.
1167 2213 1302 2250 tenent,
1327 2211 1466 2252 praeter

69 2281 189 2315 Guclf.
211 2281 246 2314 3.
279 2285 314 2314 et
335 2280 446 2314 Heus.
480 2289 567 2321 quoa
594 2275 732 2310 Curtius
764 2285 949 2318 perperam
982 2275 1124 2307 secutus
1157 2274 1222 2306 est.
1266 2270 1389 2313 Neque
1410 2271 1465 2303 ta-

67 2353 148 2376 men
172 2346 211 2375 ut
233 2358 279 2366 —
303 2341 351 2373 sic
375 2339 566 2384 particulae
589 2337 789 2381 significant
812 2335 896 2379 quia
919 2352 965 2359 -—
990 2334 1044 2367 ita
1068 2332 1194 2374 ctiam,
1227 2332 1320 2375 quod
1343 2329 1465 2364 Cottio

68 2406 253 2447 praeeunte
276 2401 416 2446 repetiit
449 2398 679 2439 Gcrlaclriu53
716 2397 799 2440 quin
823 2395 939 2439 potius
969 2395 1059 2428 haec
1082 2404 1204 2427 carum
1227 2395 1377 2436 potestas
1400 2394 1463 2431 est,

68 2469 108 2498 ut
131 2465 221 2497 duae
243 2474 310 2504 rea,
334 2473 423 2505 qnae
447 2460 604 2495 subiecto
625 2459 839 2498 tribuuntur,
861 2456 936 2490 sive
959 2455 1086 2489 ambae
1109 2453 1253 2495 aientes,
1277 2452 1352 2486 sive
1367 2451 1464 2485 aiena

68 2526 199 2566 altcra,
225 2524 337 2557 altera
359 2532 512 2565 negans,
543 2520 624 2564 pan·
647 2520 750 2563 plane
772 2519 808 2552 vi
832 2517 899 2551 sibi
922 2519 1134 2559 unquentum
1159 2513 1252 2557 qnod
1275 2523 1373 2546 aecus
1395 2515 1460 2555 est,

69 2585 130 2619 ubi
148 2589 184 2618 ut
201 2584 315 2618 nolum
336 2583 452 2615 locum
470 2581 589 2623 lntbct,
615 2580 743 2613 omissa
761 2579 796 2613 in
817 2580 927 2613 ultera
945 2581 1042 2619 parte
1061 2576 1108 2609 sic
1127 2575 1183 2608 vel
1205 2574 1258 2607 ita
1276 2571 1462 2617 particula.

68 2646 209 2691 Quippe
240 2648 315 2679 tum
346 2643 413 2676 ista
446 2642 570 2674 vocula
601 2641 821 2674 similitudini
854 2641 989 2672 tantum
1021 2634 1275 2678 comparandae
1305 2630 1461 2672 inservit,

69 2706 277 2752 primarium
300 2701 490 2738 sentcntiae
514 2702 630 2734 locum
655 2713 696 2734 co
721 2701 878 2733 membro
903 2697 1100 2738 oblim-nte,
1138 2695 1228 2738 quod
1252 2693 1326 2726 sine
1349 2690 1460 2736 parti-

69 2770 150 2803 cula
176 2758 239 2810 αι’,
263 2778 294 2799 v.
321 2778 350 2800 c.
373 2765 447 2800 Cic.
470 2764 514 2798 do
538 2762 610 2797 Oss'.
635 2762 661 2803 1,
686 2761 745 2803 ⁴12,
770 2761 802 2794 1).
828 2760 857 2794 si
880 2759 1114 2803 (mercatura)
1141 2755 1277 2791 satiata
1300 2756 1459 2797 quaestu,
