1630 3034
483 139 843 183 IUGURTHA.
903 138 1028 181 CAP.
1061 138 1166 180 LHI.
1445 145 1530 184 291

147 259 348 305 curritur.
420 255 643 301 Numidae
682 259 853 299 tantum
888 253 1025 298 modo
1060 256 1296 311 remorati,
1342 255 1449 299 dum
1482 258 1566 303 in3

148 353 395 415 elephantis
431 353 642 395 auxilium
677 356 859 411 putant,
903 356 1143 411 postquam
1186 366 1261 395 eos
1292 352 1532 411 impeditos

147 452 278 496 ramis
326 450 534 493 arborum
579 454 712 505 atque
758 447 819 489 ita
865 446 1072 490 disiectos
1122 447 1426 492 circumveniri
1465 451 1532 493 vi-

148 547 279 601 dent,
316 546 472 604 fugam
507 543 686 598 faciunt,
722 558 775 585 ac
809 543 1014 601 plerique
1051 542 1232 586 abiectis
1267 545 1399 589 armis
1436 547 1531 590 col-

146 644 197 687 lis
234 647 310 686 aut
343 640 506 695 noctis,
555 654 669 697 quae
705 639 791 681 iam
832 638 1013 692 aderat,
1060 640 1220 682 auxilio
1255 640 1416 701 integri
1448 643 1530 686 ab-

149 744 266 784 eunt.
337 736 580 796 Elephanti
612 741 820 792 quattuor
856 736 1002 794 capti,
1046 735 1197 778 relicui
1235 751 1411 792 omnes,
1447 740 1568 793 nu-4

146 849 273 880 mero
303 832 611 892 quadraginta,
645 830 877 874 interfecti.
944 831 1007 875 At
1034 831 1227 874 Romani
1259 839 1565 890 quamquam5

147 931 302 975 itinere
333 935 468 987 atque
503 942 642 987 opere
678 933 923 970 castrorum
968 934 1011 970 et
1045 928 1218 987 proelio
1260 928 1365 971 fessi
1406 930 1533 973 lassi-

149 1043 238 1086 que
274 1031 428 1081 erant‚
463 1030 638 1078 tamen,
681 1023 806 1081 quod
838 1024 1050 1067 Metellus
1091 1024 1278 1083 amplius
1323 1025 1534 1084 opinione

148 1123 438 1176 morabatur,
493 1119 693 1163 instructi
747 1119 991 1178 intentique
1037 1120 1215 1163 obw'am
1258 1121 1533 1179 procedunt;

149 1234 253 1264 nam
290 1218 418 1262 dolus
453 1216 747 1261 Numidarum
793 1215 901 1259 nihil
945 1215 1144 1275 languidi
1179 1232 1327 1273 neque
1362 1218 1567 1263 remissit}

151 1391 199 1425 ad
231 1401 266 1423 se
301 1399 436 1422 vorsum
459 1387 610 1433 fieri.
637 1387 736 1420 Alias
770 1391 885 1420 tamen
913 1390 1044 1431 fugam
1063 1389 1186 1430 facere
1223 1387 1408 1421 transitivo
1435 1400 1536 1423 sensu

150 1451 246 1484 valet
268 1450 305 1483 in
321 1451 454 1493 fugam
480 1448 646 1481 coniicere
670 1448 727 1480 vel
745 1449 899 1492 fugare3
934 1448 976 1481 de
1000 1454 1146 1491 utroque
1170 1459 1233 1480 usu
1258 1447 1425 1481 videndus
1447 1450 1536 1482 Dra-

150 1510 341 1544 kenborch.
363 1509 407 1543 ad
431 1509 507 1542 Liv.
542 1509 643 1548 XXI,
674 1508 717 1548 5,
749 1507 806 1540 16.
833 1527 875 1532 —
911 1509 964 1540 De
987 1507 1023 1540 vi
1047 1513 1108 1541 aut
1134 1507 1346 1550 particulae,
1382 1520 1446 1552 pro
1469 1520 1537 1552 qua

152 1571 230 1604 Vin.
255 1570 288 1604 2.
315 1574 350 1602 et
373 1569 491 1602 Guelf.
516 1568 572 1602 12.
608 1579 650 1601 ac
681 1568 833 1609 habent,
863 1569 949 1602 bene
987 1569 1148 1602 disseruit
1180 1568 1320 1603 Ferdin.
1354 1569 1471 1602 Hand.
1495 1570 1538 1603 de

151 1631 306 1667 Particc.
329 1631 418 1664 Latt.
445 1629 521 1663 vol.
547 1629 573 1662 1.
597 1640 631 1672 p.
655 1627 734 1662 511.
979 1625 983 1629 ’

243 1694 277 1734 §.
302 1689 437 1724 4-6.
494 1701 635 1722 numero
667 1689 930 1734 quadraginta]
973 1691 1024 1724 De
1058 1690 1230 1723 vocabulo
1263 1700 1425 1730 numen-0,
1469 1701 1537 1733 quo

152 1751 271 1787 addito
302 1761 456 1785 summae
487 1749 582 1783 notio
614 1750 734 1793 paullo
767 1749 918 1782 vividius
950 1754 984 1783 et
1015 1750 1129 1783 acrius
1159 1750 1336 1793 designari
1369 1750 1476 1791 solet,
1501 1761 1534 1784 v,

151 1811 350 1857 Kreyssigii
374 1812 604 1845 commentat.
640 1811 682 1843 de
707 1809 794 1843 Sall.
820 1809 953 1843 Histor.
986 1810 1048 1846 lib.
1074 1811 1134 1844 111.
1160 1812 1342 1854 Fragmm.
1366 1811 1406 1844 P.
1432 1811 1477 1844 11.
1502 1823 1536 1854 p.

153 1873 210 1908 ll.
238 1873 360 1906 Hertel
381 1872 426 1906 ad
451 1870 568 1904 Tacit.
587 1869 704 1914 Agric.
721 1882 749 1903 c.
769 1870 826 1905 32.
851 1883 886 1914 p.
907 1869 964 1904 58.
989 1871 1077 1905 Sall.
1101 1872 1179 1915 lug.
1206 1872 1329 1912 xcm,
1347 1870 1380 1904 8.
1404 1871 1540 1914 xcvn,

152 1932 187 1968 5.
213 1934 311 1967 Caes.
334 1933 377 1966 B.
403 1933 446 1966 G.
471 1931 515 1971 11,
539 1929 573 1970 4,
601 1929 634 1964 Β.
683 1930 840 1964 Plurima
875 1931 1020 1964 contulit
1053 1931 1277 1973 Oudendorp.
1303 1931 1346 1963 ad
1371 1931 1412 1963 Β.
1443 1932 1485 1964 G.
1511 1933 1539 1974 l,

153 1994 212 2036 49,
236 1993 268 2027 3.
293 2012 339 2018 —
365 1992 464 2025 Fessi
487 1992 692 2034 lassique
720 1991 958 2024 tantummodo
982 1995 1092 2023 exstat
1115 1990 1149 2023 in
1175 1991 1250 2023 vin.
1279 1991 1311 2023 2.
1338 1991 1478 2024 Yratisl.
1504 1992 1539 2026 2.

156 2054 273 2088 Guelf.
297 2052 332 2095 3.
354 2052 388 2086 4.
415 2051 518 2084 Misn.
544 2054 578 2084 et
601 2051 704 2082 Rem.
727 2051 759 2083 l.
807 2051 966 2094 Quorum
989 2060 1203 2093 quamquam
1229 2061 1295 2083 nnn
1319 2051 1471 2085 maxima
1491 2057 1542 2087 est

155 2113 365 2154 auctoritas,
392 2115 506 2145 tamen
531 2110 702 2144 sententia
725 2110 852 2143 evincit
875 2112 1022 2154 lassique
1046 2121 1168 2142 verum
1191 2121 1282 2148 esse,
1306 2110 1541 2154 ineptumque,

156 2173 250 2217 quod
273 2172 347 2205 eius
370 2172 445 2205 loco
469 2170 593 2204 relicui
616 2175 731 2203 tenent
752 2170 846 2212 libri,
872 2171 1032 2214 laetique.
1079 2171 1197 2213 Quum
1219 2170 1312 2203 enim
1335 2171 1495 2213 protasis,
1520 2183 1542 2206 a

156 2244 366 2279 quamquam
398 2231 571 2275 particula
603 2235 706 2274 apta,
736 2242 896 2265 caussam
928 2230 1102 2264 continere
1126 2229 1270 2272 debeat,
1307 2243 1369 2264 cur
1391 2233 1543 2267 Romani

158 2306 225 2328 non
245 2293 353 2337 facile
388 2291 545 2324 instructi
576 2291 766 2334 intentique
797 2302 871 2324 esse
905 2291 1103 2335 potuerint,
1137 2289 1296 2333 apodosis
1327 2295 1444 2324 autem
1468 2302 1542 2325 rem

158 2359 281 2389 contra
309 2352 417 2386 fuisse
450 2352 592 2392 doceat,
633 2356 672 2385 ut
706 2352 854 2386 ostendit
887 2357 1004 2386 tamen
1036 2351 1233 2394 particula,
1272 2351 1427 2395 sequitur
1459 2353 1545 2386 laeti

157 2415 255 2449 nullo
279 2418 383 2456 pacto
407 2411 491 2444 huic
514 2410 629 2444 sensui
652 2412 848 2447 convenire.
895 2412 997 2456 Quod
1022 2411 1162 2445 Cortius
1185 2415 1302 2445 autem
1331 2410 1414 2445 dicit
1431 2414 1545 2454 fessos

157 2473 267 2509 fuisse
298 2472 441 2512 itinere,
475 2483 579 2515 opere
603 2474 637 2506 et
664 2472 812 2515 proelio,
847 2473 956 2506 laetos
990 2483 1073 2506 vero
1094 2475 1247 2516 perfecto
1272 2472 1418 2513 itinere,
1443 2483 1546 2516 opere

159 2538 196 2569 et
218 2533 352 2578 proelio
389 2533 476 2566 bene
508 2538 688 2577 pugnato,
719 2532 873 2575 ineptum
905 2538 1139 2566 commentum
1164 2537 1215 2566 est
1238 2532 1452 2577 interpretis,
1476 2534 1547 2567 sin-

160 2595 247 2639 gula
268 2598 402 2628 tantum
427 2593 618 2634 vocabula,
649 2604 716 2626 non
736 2594 863 2626 ‘eorum
886 2605 1012 2626 nexum
1036 2597 1071 2626 et
1093 2593 1298 2626 sententiam
1322 2593 1548 2637 respicientis.

160 2655 252 2690 Nam
275 2654 339 2689 etsi
362 2666 424 2698 per
446 2665 483 2687 se
507 2653 576 2686 diei
599 2657 712 2696 potest
734 2655 864 2698 proelio
889 2655 1023 2696 laetus,
1054 2657 1171 2687 tamen
1195 2664 1306 2696 neque
1329 2660 1445 2688 cetera
1466 2664 1548 2686 con-

163 2715 326 2757 veniunt,
350 2718 386 2748 et
408 2717 526 2758 aperte
549 2714 665 2748 obstat
687 2714 889 2748 antecedens
907 2714 1019 2757 fessi,
1053 2713 1109 2747 cui
1136 2713 1306 2747 vocabulo
1329 2725 1437 2758 quum
1460 2714 1548 2747 alte-

1157 2784 1271 2828 19*
