1630 3034
443 172 804 218 IUGURTHA.
863 172 988 215 CAP.
1016 171 1140 215 XIV.
1430 178 1488 217 83

95 300 164 337 tus
204 297 297 350 est,
345 291 524 335 alterius
562 291 662 349 ipse
700 304 790 349 ego
830 303 985 332 manus
1029 287 1190 347 impias
1223 287 1294 332 vix
1327 288 1482 348 effugi.

97 389 222 445 Quid
254 388 423 448 agam?
467 392 542 430 aut
588 401 678 444 quo
715 386 1010 445 potissumum
1047 385 1199 428 infelix
1237 385 1483 430 accedam?
1501 390 1552 431 15

98 485 288 529 Generis
337 483 562 543 praesidia
597 483 744 525 omnia
782 482 993 525 exstincta
1037 487 1168 535 Sunt3
1213 489 1366 541 pater,
1424 484 1487 526 uti

96 596 278 626 necesse
315 587 430 636 erat,
480 586 662 623 naturae
695 578 934 634 concessit,
972 577 1119 633 fratri,
1171 593 1307 635 quem
1337 579 1486 622 minu-

96 693 170 721 me
201 677 374 731 decuit,
404 677 685 736 propinquus
715 690 801 734 per
837 675 979 719 scelus
1011 675 1147 717 vitam
1178 675 1367 734 eripuit,
1415 675 1486 718 af-

96 774 230 829 fines,
284 773 472 829 amicos,
515 773 795 833 propinquos
842 777 1014 815 ceteros
1057 771 1192 813 alium
1227 771 1311 814 alia
1338 771 1489 815 clades

97 869 356 929 oppressit3
404 869 525 928 capti
566 869 624 911 ab
663 867 885 928 Iugurtha
920 883 1026 927 pars
1067 868 1112 910 in
1157 883 1336 911 crucem
1380 869 1489 925 acti,

65 980 202 1026 „pars
238 965 387 1009 bestiis
435 964 599 1008 obiecti
640 970 775 1017 sunt3
820 964 953 1023 pauci
974 997 986 1019 ,
1035 963 1195 1020 quibus
1235 965 1390 1007 relicta
1423 971 1491 1008 est

100 1063 259 1117 anima,
297 1062 434 1105 clausi
462 1062 508 1105 in
538 1061 733 1105 tenebris
763 1076 865 1104 cum
887 1074 1094 1104 moerore
1123 1066 1168 1103 et
1193 1060 1317 1104 luctu
1341 1067 1491 1104 morte

105 1187 180 1216 tum
205 1181 251 1216 sit
275 1182 530 1215 declaravimus
553 1182 598 1215 ad
623 1181 728 1216 Catil.
752 1181 809 1223 LI,
833 1181 867 1215 7.
892 1193 929 1225 p.
953 1181 1034 1215 239.
1051 1199 1096 1206 —
1120 1181 1318 1226 Diligenter
1349 1181 1449 1215 abest
1472 1191 1495 1215 a

101 1243 242 1277 Fabric.
267 1243 302 1278 2.
334 1242 433 1275 Vrat.
459 1241 493 1275 2.
526 1242 604 1274 Vin.
628 1243 664 1278 2.
696 1243 816 1276 Guelf.
840 1243 874 1276 3.
908 1242 1003 1276 Leid.
1027 1241 1068 1275 L.
1101 1242 1193 1286 Teg.
1218 1241 1311 1274 Med.
1337 1240 1372 1275 7.
1397 1240 1431 1275 8.
1462 1246 1496 1274 et

102 1315 172 1338 uno
196 1303 348 1344 W‘assi13
375 1306 556 1346 praeterea
579 1303 675 1337 Vrat.
699 1305 734 1337 1.
771 1304 833 1338 col.
867 1303 939 1344 dil„
975 1302 1093 1335 Guelf.
1117 1300 1151 1336 4.
1176 1302 1359 1344 dilienter,
1385 1302 1420 1335 7.
1446 1302 1497 1334 li-

102 1365 271 1398 benter
304 1364 379 1405 col.,
414 1374 484 1405 quo
515 1367 691 1406 permotus
723 1363 861 1397 Cottius
883 1362 1094 1397 vocabulum
1118 1361 1258 1404 delevit,
1283 1366 1380 1395 ratus
1404 1362 1498 1406 glos-

101 1435 178 1458 sam
202 1435 296 1467 esse,
321 1423 365 1457 ad
389 1425 498 1457 colere
522 1424 668 1457 verbum
691 1423 936 1458 illustrandum
960 1422 1164 1466 ascriptam.
1211 1422 1279 1456 Sed
1299 1426 1394 1456 recte
1409 1423 1500 1456 Ger-

102 1484 240 1520 lachius
263 1483 400 1517 monuit
423 1483 460 1516 id
491 1483 561 1516 tale
584 1495 680 1528 esse,
710 1488 752 1517 ut
783 1484 869 1517 nulli
893 1483 1038 1517 librario
1063 1482 1294 1526 explicatione
1317 1493 1422 1526 egere
1446 1481 1501 1514 vi-

103 1545 178 1579 deri
203 1544 374 1589 potuerit3
409 1554 518 1586 quare
551 1544 587 1577 in
621 1544 767 1587 antiquo
799 1545 919 1588 aliquo
953 1546 1029 1580 ced.
1055 1555 1138 1578 casu
1161 1542 1296 1587 aliquid
1322 1543 1501 1576 turbatum

103 1609 209 1649 puto,
233 1605 323 1638 unde
348 1604 411 1637 alii
435 1605 553 1638 labem
576 1610 776 1647 traxerunt,
799 1610 839 1639 ut
863 1605 1035 1639 coniiccre
1058 1606 1141 1639 licet
1164 1616 1206 1638 ex
1229 1603 1400 1648 scriptura
1423 1603 1501 1636 cod.

104 1666 288 1706 Commel.‚
311 1664 372 1698 ubi
406 1664 521 1708 prima
544 1677 668 1700 manus
692 1666 850 1701 exaravit
884 1667 1074 1712 diligerent
1105 1667 1264 1699 colerent.
1311 1665 1359 1699 Ut
1393 1664 1503 1709 igitur

103 1725 340 1770 plurimorum
371 1726 545 1760 librorum
578 1738 764 1762 consensus
796 1738 920 1761 vocem
955 1730 1092 1767 tuetur,
1125 1725 1179 1759 ita
1202 1726 1310 1761 etiam
1333 1726 1504 1761 sententia

104 1797 184 1819 eam
207 1786 465 1830 quodammodo
488 1788 662 1830 postulat,
696 1788 869 1832 siquidem
893 1789 1021 1822 multus
1045 1788 1143 1822 labor
1166 1787 1323 1821 maxime
1346 1786 1505 1822 amicitia

104 1847 296 1892 diligenter
319 1847 466 1882 colenda
486 1848 685 1892 suscipitur.
704 1867 749 1874 —
778 1849 938 1883 Ceterum
961 1848 1088 1892 explic.
1114 1847 1158 1882 ad
1184 1859 1214 1883 c.
1240 1849 1285 1889 11,
1309 1846 1344 1881 4.

198 1909 231 1948 ἓ.
257 1906 302 1940 13
320 1927 364 1932 -
382 1905 440 1941 15.
489 1909 625 1943 adesset
647 1909 766 1953 vobis]
800 1908 939 1943 Cortius
971 1908 1109 1942 inverso
1144 1907 1266 1942 ordine
1289 1917 1506 1951 numeroque

104 1967 206 2001 verbi
236 1971 372 2002 mutato
404 1968 512 2003 edidit
543 1970 639 2003 vobis
670 1970 831 2002 adessent
841 1981 854 2009 ‚·
889 1969 949 2002 sed
979 1969 1129 2013 pluralis
1159 1979 1229 2001 uno
1260 1971 1396 2001 tantum
1426 1966 1503 1999 cod.

105 2028 247 2061 Fabric.
280 2027 380 2061 Rivii
413 2029 561 2070 nititur,
593 2041 704 2072 neque
737 2030 774 2062 in
810 2030 874 2063 tali
907 2041 1018 2070 nexu,
1049 2029 1111 2062 ubi
1142 2027 1299 2073 proxime
1329 2026 1505 2070 praecedit

102 2090 310 2133 praestitit,
346 2089 507 2122 ferendus
530 2093 598 2127 est3
630 2101 664 2122 v.
699 2089 838 2132 Zumpt.
872 2089 1032 2123 Gramm.
1063 2089 1141 2125 Lat.
1173 2091 1205 2130 §.
1229 2087 1288 2129 69,
1312 2087 1346 2120 2.
1370 2091 1444 2121 not.
1469 2087 1502 2122 1.

106 2159 144 2191 p.
167 2147 238 2181 295
260 2159 313 2191 sq.
339 2149 394 2181 ed.
421 2149 479 2183 lv,
528 2148 624 2183 Ordo
645 2153 764 2184 autem
788 2150 979 2183 verborum
1001 2147 1112 2181 invito
1135 2147 1253 2181 Cortio
1277 2151 1431 2181 mutatus
1448 2147 1504 2180 vi-

108 2207 231 2248 detur,
257 2219 364 2251 quum
389 2218 507 2242 omnes
531 2210 631 2244 codd.
665 2209 702 2243 in
733 2210 878 2254 vulgato
909 2209 1115 2252 conspirent.
1161 2208 1360 2242 Dictionem
1383 2208 1504 2242 adesse

109 2267 234 2308 alicui,
270 2267 363 2310 quod
394 2268 570 2313 significat
599 2271 778 2314 praesenti
811 2271 942 2304 auxilio
966 2270 1118 2314 aliquem
1141 2269 1284 2310 iuvare,
1309 2269 1397 2302 bene
1415 2268 1503 2302 inu-

107 2328 234 2362 sti-avit
256 2328 459 2373 Herzogius
481 2331 525 2364 ad
549 2331 648 2365 Caes.
673 2331 715 2364 Β.
743 2331 788 2366 G.
812 2331 887 2372 ΠΙ,
909 2330 967 2364 62.
994 2331 1040 2364 cf.
1065 2331 1332 2365 Drakenborch.
1357 2331 1401 2365 ad
1426 2330 1502 2364 Liv.

105 2387 166 2429 Vl,
190 2387 248 2430 38,
276 2387 310 2422 6.
331 2389 426 2431 ΧΧῙ,
451 2389 486 2432 6,
510 2391 543 2426 1.
563 2411 607 2417 —
625 2392 694 2425 Per
717 2391 857 2425 otium
880 2391 904 2426 i.
929 2402 959 2425 e.
983 2402 1098 2435 pace3
1121 2402 1157 2424 v.
1182 2391 1227 2424 ad
1244 2391 1317 2425 Cat.
1342 2392 1502 2432 xxxxi,

106 2447 144 2482 4.
170 2458 206 2491 p.
232 2447 315 2481 167.
340 2449 417 2494 lug.
442 2451 534 2493 xm,
557 2450 591 2485 4.
615 2452 739 2495 LXVI,
761 2452 795 2486 2.
830 2453 946 2486 Verba
968 2457 1069 2486 ratus
1093 2457 1145 2486 est
1170 2453 1384 2487 coniunctum
1407 2453 1505 2486 nobis

101 2511 180 2552 sore
205 2508 241 2542 in
265 2509 425 2552 plurimis
457 2510 620 2554 Gruter-i,
653 2512 766 2547 Cortii
797 2517 833 2547 ct
866 2512 1047 2546 Gerlachii
1079 2512 1177 2545 codd.
1202 2512 1271 2545 hoc
1302 2512 1423 2545 ordine
1454 2513 1507 2545 le-

107 2573 263 2615 guntur-3
286 2569 322 2603 in
346 2570 467 2605 Leidd.
489 2582 575 2606 vero
602 2577 636 2607 et
659 2573 832 2608 nonnullis
854 2573 933 2607 aliis
956 2577 1009 2607 est
1030 2578 1098 2606 rat.
1124 2578 1176 2607 est
1198 2573 1277 2605 nob.
1301 2573 1388 2607 coni.
1406 2575 1501 2615 sore,

106 2631 199 2674 quod
223 2630 340 2664 minus
373 2631 499 2675 placet.
546 2635 608 2668 Est
641 2646 709 2668 non
740 2638 918 2678 comparet
943 2633 980 2667 in
1010 2634 1082 2668 Inc.
1109 2633 1144 2667 1.
1169 2633 1291 2667 Guelf.
1315 2632 1349 2667 6.
1373 2637 1406 2667 et
1431 2633 1501 2676 12„

106 2701 257 2734 quorum
289 2692 358 2726 fide
390 2693 528 2727 eortius
561 2698 596 2728 et
626 2694 835 2729 Gerlachius
861 2695 897 2728 in
935 2695 988 2727 ed.
1014 2694 1150 2727 maiore
1173 2694 1385 2728 deleverunt.
1434 2693 1504 2726 Sed

107 2763 215 2795 quum
240 2753 420 2789 Adherbal
453 2753 609 2799 singulas
634 2755 788 2790 familiae
812 2766 896 2790 suae
920 2767 974 2790 res
997 2760 1268 2796 commemoret,
1301 2753 1415 2796 aptius
1439 2759 1502 2793 est,

1138 2826 1220 2869 6*
