1630 3034
472 177 836 222 IUGURTHA.
897 177 1026 222 GAP.
1056 179 1213 221 LXVI.
1441 184 1526 225 857

137 302 223 356 per‘
258 296 408 357 legem
454 294 726 352 Mamiliam,
773 308 913 339 novos
951 295 1203 340 extollebat.
1273 295 1339 340 lta
1373 296 1521 341 Mario

135 398 294 436 cuncta
327 391 593 453 procedere.

270 488 432 534 LXVI.
512 488 694 533 Interim
751 485 969 548 Iugurtha
988 522 1001 544 ,
1059 493 1301 548 postquam
1356 491 1519 535 omissa

133 585 356 630 deditione
402 584 573 629 bellum
614 584 794 645 incipit,
850 598 953 643 cum
993 599 1159 644 magna
1207 600 1314 630 cura
1356 601 1517 647 parare

131 683 304 738 omnia,
348 682 583 738 festinare,
629 695 799 742 cogere
843 680 1109 734 exercitum,
1159 681 1364 735 civitatis,
1400 699 1515 742 quae

130 779 190 823 ab
218 794 267 823 se
310 778 597 838 defecerant,
643 777 883 823 formidine
917 782 995 821 aut
1024 778 1288 823 ostentando
1315 782 1516 840 praemia

126 874 364 935 affectare,
411 876 686 920 communire
733 890 833 920 suos
879 875 1027 931 locOS,
1072 889 1218 932 arma,
1260 876 1371 934 tela,
1415 878 1513 933 alia,

126 987 244 1031 quae
285 988 369 1033 spe
407 972 531 1032 pacis
570 973 799 1028 amiserat,
850 972 1037 1016 reficere
1083 978 1159 1015 aut
1208 976 1512 1027 commercari,

122 1138 191 1162 non
214 1128 330 1162 solum
352 1126 428 1162 sine
464 1127 538 1162 ulla
569 1126 780 1172 largitione,
818 1126 972 1161 maxime
995 1125 1130 1169 invisa,
1163 1128 1296 1171 fiebat,
1321 1129 1379 1163 sed
1403 1130 1511 1165 ctiam

121 1188 166 1223 nd
189 1186 403 1232 reipublicae
425 1188 613 1222 utilitatem
638 1192 673 1223 et
694 1187 849 1233 gloriam
872 1191 1032 1231 spectare
1054 1187 1251 1224 videbatur.
1275 1208 1320 1214 —
1337 1191 1406 1224 Pro
1424 1194 1512 1235 susa

121 1247 257 1292 aliquot
278 1248 377 1282 codd.
400 1249 534 1284 habent
554 1250 725 1295 perculsa,
750 1248 841 1292 quod
863 1248 957 1282 haud
982 1248 1087 1282 dubie
1110 1261 1151 1283 ex
1175 1251 1294 1295 glossa
1317 1250 1352 1284 in
1375 1254 1511 1286 textum

119 1308 226 1343 venit.
273 1308 416 1344 Scilicet
452 1309 588 1343 scribae
624 1309 835 1354 ignorabant
873 1308 1108 1344 contentiones
1141 1309 1263 1345 civiles
1301 1310 1397 1344 haud
1427 1322 1510 1346 raro

118 1380 199 1403 cum
231 1369 364 1414 pugnis
395 1369 619 1414 comparari,
651 1370 812 1414 hancque
841 1369 1033 1415 imaginem
1070 1374 1249 1405 auctorem
1280 1371 1505 1415 expressisse:

117 1440 226 1474 quum
250 1429 416 1465 nobilitas
439 1430 476 1465 in
500 1430 717 1466 contentione
738 1430 803 1464 illa
826 1431 868 1464 de
892 1430 1046 1474 potentia
1068 1441 1110 1465 ac
1133 1431 1176 1465 de
1198 1431 1403 1475 honoribus,
1426 1444 1508 1468 cum

115 1491 219 1535 plebe
238 1493 312 1524 tam
334 1490 463 1526 acriter
485 1492 660 1534 exercita,
692 1491 792 1536 quasi
823 1491 860 1525 in
891 1502 1009 1536 pugna
1032 1491 1125 1527 victa
1149 1503 1191 1527 ac
1214 1493 1293 1527 fusa
1315 1494 1507 1539 fugataque

115 1555 229 1593 esset3
267 1551 314 1585 cf.
348 1562 454 1596 supra
484 1564 514 1586 c.
548 1553 633 1594 XL,
664 1551 698 1587 4.
749 1553 844 1587 Inter
877 1553 1050 1586 laetitiam
1079 1554 1190 1598 plebis
1214 1566 1255 1588 ac
1279 1566 1418 1589 suorum
1434 1558 1505 1600 su-

113 1623 226 1659 gam.
273 1613 328 1646 De
349 1612 429 1658 lege
457 1613 622 1647 Mamilia
647 1623 680 1648 v.
705 1624 796 1657 quae
820 1612 1010 1647 Sallustius
1034 1612 1108 1658 ipse
1130 1625 1236 1658 supra
1264 1627 1294 1649 c.
1321 1617 1395 1652 XL.
1422 1628 1504 1651 uar-

113 1673 223 1710 uavit.
249 1692 294 1698 --
319 1674 519 1709 Est-tollebat
543 1673 567 1708 i.
593 1685 624 1708 e.
651 1673 694 1709 ad
718 1684 872 1708 summos
895 1673 1046 1708 honores
1068 1676 1309 1718 promovebat.

213 1733 338 1768 LXVI.
374 1735 409 1780 §.
441 1734 475 1769 L
531 1735 678 1779 incipit]
719 1734 864 1778 Aliquot
901 1734 999 1769 codd.
1041 1735 1191 1780 inceptu
1235 1736 1296 1770 sed
1328 1747 1362 1773 v,
1394 1737 1438 1771 ad
1471 1750 1501 1774 c.

111 1795 312 1838 XXXVIII,
335 1795 369 1830 4.
400 1815 444 1821 --
481 1796 666 1831 Festinarc
697 1795 859 1830 absolute
888 1795 1039 1838 positum
1078 1808 1146 1831 nou
1189 1801 1262 1832 tam
1293 1798 1500 1840 celeritatis,

108 1867 216 1900 quam
248 1856 409 1891 acerrimi
442 1860 477 1892 et
511 1857 662 1891 maz-ime
694 1856 821 1890 intenti
850 1856 958 1890 studii
992 1857 1168 1891 notionem
1201 1858 1327 1901 habet3
1352 1860 1398 1892 of.
1423 1859 1499 1894 Cat.

108 1918 166 1959 Vl,
190 1916 225 1952 5.
273 1917 425 1951 Romani
448 1918 542 1952 domi
565 1917 780 1962 militiaeque
803 1917 929 1951 intenti
945 1918 1209 1960 festinare,
1231 1930 1382 1963 parare,
1407 1919 1500 1954 alius

108 1978 216 2012 alium
240 1977 388 2013 hortari.
410 1980 488 2024 lug.
511 1978 670 2020 LXXVI,
695 1977 730 2011 4.
780 1978 911 2011 Contra
934 1978 1020 2011 haec
1047 1979 1214 2022 oppidani
1237 1979 1496 2022 festinare,

105 2049 235 2083 parare
245 2049 260 2078 ‚-
288 2049 428 2083 prorsus
460 2040 504 2073 ab
535 2039 690 2082 utrisque
725 2037 813 2071 nihil
840 2038 1005 2072 relicuum
1035 2039 1127 2080 fieri.
1166 2039 1338 2080 XXXIX,
1366 2037 1399 2073 2.
1425 2040 1494 2081 LV,

105 2099 140 2136 ὃ.
164 2115 210 2124 -
240 2098 295 2132 De
327 2097 518 2132 indicativo
558 2109 640 2132 cum
672 2098 876 2142 pronomine
906 2098 1073 2132 reflexivo
1102 2099 1284 2133 coniuncto
1323 2111 1354 2133 ν.
1385 2100 1429 2134 ad
1461 2113 1492 2138 c.

105 2158 200 2199 CIII,
224 2157 258 2191 2.
282 2176 329 2183 --
360 2158 559 2192 Formidine
591 2157 616 2193 i.
648 2168 678 2192 e.
711 2159 815 2192 rebus
847 2170 936 2203 quae
966 2159 1188 2194 formidinem
1220 2160 1423 2204 iniicerent,
1456 2166 1494 2197 ut

102 2218 315 2254 ostendimus
337 2218 383 2253 ad
406 2231 436 2253 c.
461 2219 590 2263 XXIII,
615 2218 651 2252 l.
673 2230 708 2262 p.
732 2218 801 2253 14⁰
823 2230 873 2263 sq.
903 2239 939 2244 —
968 2221 1145 2264 Affectare
1168 2222 1323 2266 aliquam
1349 2233 1422 2256 rem
1439 2228 1492 2258 est

102 2279 254 2315 studiose
286 2290 365 2314 cam
400 2291 590 2324 quaerere,
631 2284 816 2323 appetere,
855 2291 955 2314 suam
990 2281 1107 2315 facere
1137 2281 1273 2325 sibique
1303 2282 1490 2318 conciliare

100 2342 249 2377 studere.
297 2339 523 2386 Comparavit
555 2339 696 2374 Cortius
732 2341 854 2374 Vellei.
890 2341 944 2383 II,
977 2341 1036 2383 39,
1070 2342 1100 2375 l.
1154 2343 1292 2376 Gallias
1317 2354 1422 2388 saepe
1454 2349 1488 2378 et

101 2402 444 2447 affectavimus
477 2406 512 2436 et
543 2400 732 2435 amisimus.
766 2401 880 2436 Tacit.
917 2401 1070 2436 Historr.
1106 2403 1172 2444 IV,
1198 2401 1257 2444 66,
1285 2403 1316 2437 l.
1367 2404 1486 2438 Civilis

97 2464 271 2509 proximas
292 2464 453 2498 civitates
476 2463 714 2506 affectare
737 2466 799 2496 aut
822 2462 1086 2497 adversantibus
1107 2463 1232 2497 bellum
1254 2463 1386 2507 inferre
1409 2470 1483 2499 sta—

99 2526 177 2559 tuit.
204 2542 251 2549 -—-
275 2524 385 2558 Suos
417 2524 507 2557 locos
540 2523 630 2566 expl.
654 2522 698 2556 ad
728 2534 758 2558 c.
783 2523 878 2564 LIV,
903 2522 937 2557 8.
963 2541 1007 2549 —
1042 2524 1144 2564 Alia,
1168 2535 1258 2568 quae
1281 2524 1483 2569 scripsimus

98 2583 306 2619 auctoritate
336 2583 436 2619 codd.
468 2583 616 2618 Eccard.
649 2584 768 2618 Guelf.
794 2584 828 2618 3.
861 2583 917 2618 10.
949 2584 1036 2618 Tur.
1071 2584 1103 2619 1.
1138 2584 1241 2619 Bern.
1273 2585 1307 2621 8.
1344 2587 1421 2620 Vat.
1446 2586 1479 2620 4.

98 2644 224 2679 Medic.
247 2644 281 2681 4.
303 2643 338 2680 8.
362 2648 397 2678 et
418 2643 530 2678 Paris.
554 2644 589 2677 b.
615 2655 646 2678 c.
669 2654 700 2678 z.
748 2643 911 2687 Plerique
933 2643 1025 2678 euim
1049 2644 1132 2678 libri
1155 2645 1285 2679 habent
1307 2647 1478 2690 aliaque,

98 2717 204 2750 qaae3
237 2705 298 2739 sed
328 2717 408 2748 eos,
441 2704 500 2749 qui
534 2705 695 2749 copulam
719 2716 785 2738 non
810 2704 1011 2747 ostendunt,
1035 2715 1156 2739 veram
1178 2705 1384 2750 scripturam
1404 2717 1477 2740 ser-

101 2775 200 2800 vasse
221 2764 432 2812 intelligitur
456 2775 497 2800 ex
520 2776 582 2807 co,
614 2765 707 2809 quod
730 2765 765 2800 in
789 2765 866 2810 ipsa
888 2765 1013 2809 copula
1036 2764 1217 2806 variatum
1240 2776 1320 2800 nam
1344 2765 1379 2800 in
1404 2766 1474 2801 Inc.
