1630 3034
405 178 762 223 IUGURTHA.
820 177 955 221 CAP.
985 177 1160 220 XXXI.
1394 183 1478 224 179

86 295 293 350 stituere3
329 296 541 358 quicquid
577 297 668 340 sine
703 296 917 356 sanguine
945 295 1108 339 civium
1136 294 1288 339 ulcisci
1315 298 1472 355 nequi-

85 399 179 450 tur,
215 394 310 437 iure
345 393 514 437 factum
549 394 615 440 sit.
687 392 1003 452 Superioribus
1039 392 1159 437 annis
1196 393 1315 437 taciti
1350 393 1503 438 indi—9

86 490 343 551 gnabamini
369 490 600 548 aerarium¹
618 488 815 548 expilari,
846 504 978 549 reges
1011 494 1055 532 et
1078 490 1275 549 populos
1304 490 1469 534 liberos

85 587 243 647 paucis
279 586 501 630 nobilibus
538 586 730 646 vectigal
765 585 992 645 pendere,
1030 567 1169 644 penes
1206 586 1391 630 eosdem
1427 593 1472 631 et

87 698 304 729 summam
347 683 537 743 gloriam
581 689 624 727 et
664 698 892 726 maxumas
938 682 1108 726 divitias
1155 698 1276 737 esse3
1320 690 1472 727 tamen

85 780 198 824 haec
220 780 324 824 talia
352 779 553 824 facinora
581 779 764 841 impune
793 780 1040 840 suscepisse
1068 795 1230 840 parum
1256 779 1470 836 habuere,

83 956 163 992 1⁰3.
187 958 242 993 ed.
266 957 437 1002 Heusing.
463 957 604 992 Veteres
636 957 672 991 in
705 958 775 991 hoc
807 958 916 991 verbo
941 956 1144 1002 analogiam
1168 956 1386 1000 passivorum
1408 967 1473 1001 po-

81 1022 192 1052 testur
228 1022 264 1053 et
289 1024 444 1062 coeptum
469 1023 519 1053 est
541 1022 676 1053 secutos
706 1029 796 1061 esse,
832 1029 980 1061 eamque
1001 1018 1139 1052 nonnisi
1162 1029 1242 1051 cum
1266 1017 1396 1062 passivi
1418 1018 1472 1051 in-

82 1075 219 1110 finitivo
242 1077 461 1112 coniunctam
485 1090 669 1122 usurpasse
692 1079 763 1113 VV.
787 1079 863 1113 Du.
896 1079 967 1113 iam
992 1081 1222 1120 monuerunt3
1246 1090 1355 1123 quare
1377 1081 1473 1122 patet

84 1136 202 1169 ulcisci
225 1137 263 1170 h.
286 1137 308 1172 1.
342 1145 462 1174 contra
487 1141 674 1184 vulgarem
698 1145 800 1173 usum
824 1140 1003 1183 passivum
1027 1151 1165 1174 sensum
1190 1140 1341 1180 habere,
1374 1138 1474 1172 cuius

84 1196 119 1230 in
143 1197 211 1230 hoc
238 1198 344 1232 verbo
367 1211 451 1234 rara
474 1202 637 1244 exempla
663 1203 751 1234 sunt.
801 1200 891 1235 Nam
919 1201 1011 1245 quod
1029 1200 1237 1235 Gerlachius
1260 1213 1281 1234 e
1296 1199 1472 1234 Schelleri

84 1257 342 1293 Lexicoaffert
365 1261 514 1295 Ennium
538 1262 631 1306 apud
655 1261 743 1294 Non.
760 1262 827 1303 IV,
852 1261 931 1296 155.
965 1262 1092 1296 dixisse
1126 1261 1206 1296 Nisi
1236 1266 1375 1306 patrem
1400 1262 1473 1295 ul-

84 1319 317 1362 cinerem,
349 1332 416 1355 non
440 1321 524 1355 satis
547 1326 681 1355 certum
703 1323 861 1365 videtur,
896 1335 1004 1367 quum
1027 1323 1064 1357 in
1089 1322 1299 1357 Gothofredi
1321 1321 1473 1355 editione

85 1388 118 1414 a.
143 1376 266 1421 1595„
291 1391 359 1423 qua
382 1386 486 1426 utor,
519 1383 700 1417 ulciscerer
723 1395 921 1428 expressum
944 1384 999 1418 sit.
1046 1383 1183 1417 Tamen
1207 1382 1384 1427 passivum
1406 1382 1473 1416 ha-

83 1439 187 1473 betur
209 1441 302 1484 apud
327 1441 400 1476 Liv.
429 1443 468 1484 V,
492 1441 552 1485 49,
576 1443 610 1478 3.
636 1445 792 1479 Dictator
813 1456 1019 1490 recuperare
1039 1445 1198 1489 patriam
1221 1444 1317 1478 iubet
1339 1443 1377 1476 in
1393 1453 1473 1476 con-

82 1506 200 1544 spectu
223 1501 388 1536 habentes
411 1504 548 1546 omnia,
583 1516 673 1549 quae
697 1505 839 1548 defendi
861 1506 1039 1550 repetique
1070 1510 1104 1539 et
1135 1504 1300 1538 ulcisci
1329 1506 1391 1547 fas
1414 1502 1472 1536 sit.

82 1562 134 1604 ΙΙ,
160 1561 224 1603 17,
247 1561 282 1595 7.
322 1563 370 1597 012
393 1564 466 1598 iras
486 1565 648 1610 graviter
670 1567 816 1608 ultas,
851 1570 886 1600 et
908 1567 1000 1610 apud
1026 1567 1142 1600 Flacc.
1160 1566 1291 1610 Argon.
1310 1564 1367 1607 lv,
1390 1562 1472 1597 75⁰.

83 1622 182 1667 Lege
199 1623 325 1658 occidit
351 1626 472 1660 ultus
495 1627 569 1670 ipse
592 1638 667 1661 sua.
691 1628 738 1662 cf.
764 1628 934 1662 Vechner.
961 1627 1133 1661 Hellenol.
1157 1638 1188 1671 p.
1215 1625 1295 1659 109.
1328 1628 1363 1659 et
1387 1624 1472 1657 Ger.

81 1683 135 1719 Io.
162 1684 258 1720 Voss.
290 1685 334 1718 de
358 1686 504 1731 Analog.
530 1687 600 1730 111,
624 1687 659 1721 6.
694 1699 727 1731 p.
742 1686 800 1722 34.
833 1688 887 1723 ed.
915 1688 960 1722 11.
993 1688 1150 1731 Uterque
1181 1692 1298 1721 tamen
1329 1683 1473 1728 erravit,

81 1746 173 1789 quod
196 1746 241 1780 ad
265 1746 442 1791 passivam
466 1747 565 1780 verbi
595 1751 804 1791 potestatem
832 1749 1136 1783 demonstrandam
1167 1749 1318 1783 formam
1350 1746 1474 1790 partic.

81 1807 146 1840 fut.
163 1806 291 1850 passivi
314 1807 543 1853 advocarunt,
568 1819 659 1852 quae
682 1807 719 1842 in
743 1808 905 1845 omuibus
928 1810 1177 1855 deponentibus
1201 1808 1379 1854 passivum
1396 1818 1473 1842 sen-

83 1879 160 1903 sum
187 1868 308 1902 habet.

174 1929 208 1973 ς.
227 1929 261 1963 9.
294 1929 418 1973 paucis
437 1929 620 1974 nobilibus]
644 1929 778 1963 Eadem
792 1930 880 1964 'fere
902 1930 1062 1975 queritur
1077 1929 1229 1965 Catilina
1255 1928 1291 1963 in
1315 1927 1472 1962 oratione

81 1989 125 2024 ad
150 1990 339 2034 populares
362 1989 611 2024 coniurationis
634 2002 662 2023 c.
687 1991 766 2031 XX,
792 1991 826 2024 7.
861 1991 919 2034 qui
944 1992 1041 2025 locus
1064 2002 1106 2024 eo
1130 2001 1267 2034 quoque
1288 1988 1472 2029 notandus,

81 2050 174 2093 quod
198 2049 339 2083 Cottius
372 2050 422 2082 ibi
452 2051 661 2083 vocabulum
695 2052 888 2094 potentium
923 2051 1054 2095 pariter
1085 2056 1124 2085 ut
1155 2055 1273 2085 nostro
1303 2048 1471 2081 nobilibus

82 2114 279 2153 suspectum
301 2109 447 2150 habuit,
472 2114 587 2143 rectae
611 2110 755 2144 rationis
777 2121 901 2154 pamm
924 2122 1046 2155 capax.
1063 2128 1109 2135 —
1135 2110 1241 2144 Talia
1265 2106 1471 2153 praegnanti

83 2179 184 2203 sensu
207 2173 260 2202 est
281 2169 494 2212 turpitudine
517 2169 689 2214 insignia,
714 2171 956 2214 detestabilia3
982 2183 1014 2204 v.
1040 2171 1084 2205 ad
1109 2183 1138 2205 c.
1151 2172 1192 2205 X.
1211 2169 1247 2204 8.
1270 2190 1316 2196 -—
1342 2168 1472 2201 Parum

83 2229 168 2262 satis
191 2233 313 2263 notum
336 2233 387 2262 est
410 2229 612 2273 significare
635 2243 705 2264 non
717 2232 816 2273 satis,
839 2233 953 2266 minus
973 2244 1077 2278 quam
1096 2244 1165 2277 par
1182 2235 1244 2272 est,
1267 2240 1299 2263 V.
1318 2229 1471 2272 Herzog,

83 2287 128 2321 ad
147 2287 426 2330 Caes.B.G.1u,
443 2290 499 2324 18.
523 2301 557 2334 p.
570 2289 648 2325 183.
673 2296 709 2325 et
731 2292 775 2326 ad
800 2291 887 2326 Sall.
905 2293 978 2327 Cat.
999 2293 1107 2334 xxu,
1133 2291 1169 2325 4.
1193 2291 1341 2326 Sensum
1362 2289 1472 2335 igitur

83 2347 222 2382 eortius
254 2353 348 2382 recte
377 2350 426 2384 sic
459 2351 668 2386 declaravit:
701 2363 770 2385 non
794 2351 933 2387 suffecit
964 2352 1059 2393 illis3
1094 2363 1162 2386 uon
1187 2351 1413 2386 substiterunt
1436 2350 1472 2383 in

82 2408 146 2450 iis,
183 2409 241 2442 sed
275 2409 411 2445 maiora
443 2412 519 2446 ausi
555 2416 645 2446 sunt.
694 2412 888 2456 Quominus
920 2418 1036 2448 tamen
1059 2424 1183 2458 parum
1209 2423 1272 2457 pro
1307 2410 1472 2445 adverbio

81 2469 275 2511 habeatur,
306 2482 414 2514 quam
436 2472 642 2506 sententiam
665 2476 700 2506 et
722 2473 906 2517 Zumptius
932 2473 1089 2518 sequitur
1110 2473 1146 2507 in
1171 2474 1368 2507 Grammat.
1393 2472 1472 2505 Lat.

82 2530 117 2581 ς.
140 2529 212 2573 73,
237 2529 270 2565 4.
305 2537 339 2565 et
375 2533 571 2578 nerzogius
603 2534 647 2568 ad
671 2533 779 2568 catu.
805 2535 828 2568 ι.
852 2535 876 2570 1.
907 2539 941 2569 et
975 2535 1018 2569 aa
1053 2532 1220 2578 Quinctii.
1249 2534 1300 2574 x,
1325 2532 1369 2574 1,
1391 2530 1470 2565 13⁰-

82 2595 151 2624 not.
176 2591 234 2624 60.
261 2604 293 2636 p.
323 2593 400 2628 138.
438 2595 565 2628 acriter
589 2599 728 2636 tuetur,
761 2598 834 2629 tum
860 2595 965 2629 huius
988 2594 1210 2637 aliorumque
1233 2593 1390 2627 locorum
1413 2602 1472 2625 ra-

82 2651 151 2693 tio,
177 2657 251 2686 tum
275 2653 354 2697 ipsa
377 2655 475 2689 vocis
500 2656 602 2700 origo
627 2656 767 2690 obstare
790 2656 941 2689 videtur.
990 2655 1133 2689 Certum
1157 2658 1209 2688 est
1233 2653 1325 2688 euim
1346 2662 1472 2696 partam

83 2711 171 2746 nihil
195 2713 291 2747 aliud
313 2725 406 2756 esse,
452 2728 557 2760 quain
581 2720 743 2750 neutrum
768 2716 930 2750 adiectivi
954 2727 1104 2760 parvus,
1136 2725 1244 2758 quam
1274 2712 1471 2747 breviorem

84 2771 233 2808 formam
256 2775 416 2818 loquendi
444 2789 526 2811 usus
548 2777 621 2812 iam
654 2782 793 2811 mature
816 2776 1070 2822 significatione
1091 2775 1246 2810 dic-tinxit
1270 2786 1291 2808 a
1315 2773 1470 2818 pleniore

1079 2847 1190 2890 12*
