1630 3034
403 184 765 228 IUGURTHA.
826 184 955 228 CAP.
985 185 1217 227 LXXXV.
1400 191 1483 229 4623

106 303 178 347 cul
225 308 384 348 errant.
463 300 666 346 Maiores
715 316 870 346 eorum
922 301 1096 357 omnia,
1144 315 1260 360 quae
1304 301 1482 356 licebat,

101 401 184 444 illis
230 400 451 459 reliquere
473 433 486 455 ‚
543 398 713 443 divitias
733 433 746 457 ,
799 399 1014 458 imagines
1038 433 1052 457 ‚
1110 399 1370 443 memoriam
1415 400 1480 443 sui

100 497 400 557 praeclaram3
435 496 642 540 virtutem
676 510 765 539 non
801 495 1036 554 reliquere,
1072 509 1217 554 neque
1251 501 1478 555 poterant3

99 609 151 637 ea
181 595 276 639 sola
314 607 460 651 neque
497 592 626 635 datur
666 591 814 650 dono,
844 608 990 651 neque
1017 592 1246 652 accipitur.
1319 591 1476 636 Sordi-
1492 600 1543 639 39

98 685 204 729 dum
239 701 312 730 me
351 696 396 733 et
424 688 595 732 incultis
630 689 829 733 moribus
864 689 1008 745 aiunt,
1039 690 1142 748 quia
1174 704 1336 749 parum
1372 688 1478 732 scite

97 782 345 826 convivium
381 800 574 842 exorno,
625 800 770 844 neque
819 785 1080 831 histrionem
1125 787 1292 842 ullum,
1328 800 1476 844 neque

184 946 215 988 §.
240 944 298 980 38.
341 949 460 991 procul
486 949 628 993 errant]
659 949 712 984 Ad
735 949 824 984 haec
850 950 956 984 verba
980 949 1188 985 Gerlachius
1210 949 1331 995 paullo
1354 949 1477 983 obscu-

91 1004 164 1039 rius
187 1011 355 1042 annotat:
388 1009 629 1052 „Adverbium
668 1010 851 1053 additum,
888 1010 971 1054 quia
1006 1012 1042 1045 h.
1074 1012 1100 1046 l.
1136 1011 1284 1045 verbum
1304 1009 1477 1055 primaria

88 1066 346 1112 significatione
367 1073 419 1104 est
439 1072 634 1114 positum.“
680 1071 847 1112 Rectius,
880 1072 1005 1116 opinor
1020 1098 1030 1114 ‚
1052 1072 1172 1117 procul
1196 1071 1294 1105 vocis
1317 1082 1397 1104 cum
1422 1082 1476 1104 er-
1528 1093 1532 1098 ι

87 1139 170 1162 rare
190 1130 467 1165 coniunctionem
490 1136 626 1176 repetes
651 1131 697 1165 ab
720 1131 810 1174 hac,
842 1143 932 1176 quae
955 1133 1099 1167 dictioni
1121 1132 1262 1175 subest,
1285 1130 1475 1166 sententia:

88 1199 207 1223 errore
236 1202 299 1225 suo
331 1195 366 1226 et
396 1204 562 1236 perversa
593 1191 756 1236 opinione
782 1193 905 1236 procul
937 1206 961 1228 a
991 1195 1141 1229 veritate
1174 1193 1406 1227 abducuntur.
1431 1210 1473 1217 —

88 1250 126 1284 In
150 1251 266 1286 verbis
289 1253 451 1288 virtutem
474 1265 542 1287 non
576 1253 745 1297 reliquere
768 1254 916 1288 observa
940 1254 1146 1288 Latinorum
1167 1253 1304 1288 dicendi
1328 1264 1475 1294 morem,

86 1314 143 1355 ut,
177 1312 238 1346 ubi
269 1313 305 1347 in
330 1313 517 1347 bimembri
540 1313 697 1347 oratione
728 1313 854 1358 prioris
877 1314 1029 1349 membri
1051 1315 1200 1348 verbnm
1225 1312 1323 1347 aiens
1352 1312 1387 1346 in
1410 1323 1474 1356 po-

83 1372 228 1407 steriore
258 1378 432 1419 negetur,
464 1374 501 1408 id
534 1385 602 1407 non
635 1374 710 1408 sola
740 1375 944 1420 negatione,
978 1380 1017 1409 ut
1044 1374 1081 1409 in
1103 1378 1223 1408 nostra
1246 1373 1390 1418 lingua,
1413 1373 1473 1406 sed

83 1433 230 1478 repetito
261 1435 374 1469 verbo
409 1435 495 1476 fiat;
530 1434 576 1468 cf.
608 1434 798 1469 Muellerus
832 1436 877 1470 ad
904 1435 976 1469 Cic.
1008 1438 1099 1471 orat.
1128 1445 1163 1478 Ρ.
1185 1433 1282 1468 Sext.
1315 1446 1344 1467 c.
1368 1433 1412 1476 3,
1436 1433 1470 1468 6.

84 1495 271 1530 Ademit
305 1496 430 1529 Albino
468 1495 576 1529 soceri
613 1506 736 1529 nomeu
778 1507 869 1530 mors
908 1497 1033 1540 filiae,
1075 1496 1135 1530 sed
1170 1494 1353 1528 caritatem
1385 1505 1471 1527 non

83 1554 264 1590 ademit.
289 1567 323 1600 p·
348 1557 483 1591 Milone
505 1568 536 1590 c.
559 1554 618 1597 35,
643 1554 702 1591 95.
751 1556 882 1602 Nega
898 1562 914 1592 t
946 1569 983 1591 se
1007 1557 1160 1602 ingratis
1182 1555 1311 1589 ciuibus
1329 1555 1470 1598 fecisse,

80 1628 172 1661 quae
187 1619 339 1661 secer-it‚·
370 1617 504 1653 timidis
527 1621 561 1650 et
583 1616 701 1649 omnia
724 1616 1070 1662 circumspicientibus
1091 1617 1249 1662 pericula
1283 1628 1370 1650 nun
1400 1627 1470 1649 ne-

80 1683 175 1723 gat.
205 1679 365 1713 Tusculi.
397 1679 434 1720 1,
458 1677 516 1720 49,
540 1677 621 1711 116.
672 1677 911 1713 Alcidamanti
943 1680 1098 1714 rationes
1122 1689 1205 1718 eae,
1236 1687 1329 1721 quae
1351 1677 1470 1722 exqui—

79 1738 180 1773 sitius
195 1751 218 1773 a
238 1740 450 1785 philosophis
474 1738 708 1783 colliguntur,
732 1737 1006 1782 defuerunt,
1031 1740 1171 1774 ubertas
1193 1739 1361 1773 orationis
1382 1750 1468 1772 nori

80 1799 242 1843 defuit.
274 1801 322 1836 ib.
347 1802 398 1843 11,
424 1800 490 1841 14,
513 1797 571 1833 34.
595 1817 641 1822 —
672 1799 726 1832 De
748 1798 921 1834 infinitivo
944 1801 1137 1845 relinquere
1160 1803 1194 1834 et
1216 1800 1261 1834 ad
1286 1800 1411 1834 licebat
1433 1804 1468 1833 et

79 1859 123 1893 ad
145 1865 309 1905 poterant
334 1872 378 1896 ex
403 1861 572 1906 reliquere
601 1859 793 1903 supplendo
827 1871 861 1894 v·
895 1861 939 1895 ud
970 1873 1000 1895 c.
1024 1862 1172 1904 LXXV,
1196 1860 1231 1894 7.
1281 1861 1468 1894 Praeterea

78 1923 163 1955 nota
201 1921 396 1956 orationem
424 1922 481 1956 bis
521 1918 751 1962 ‹iuv'veston
797 1920 927 1965 quippe
967 1921 1224 1956 adversativam
1254 1920 1466 1965 particulam

77 1985 224 2022 poscunt
252 1982 363 2016 verba
393 1983 474 2016 virt.
505 1993 574 2015 non
605 1981 680 2020 rel„
719 1980 965 2023 explieativam
994 1992 1085 2024 quae
1107 1980 1143 2014 in
1166 1980 1235 2014 fine
1255 1980 1466 2014 adiiciuntur

80 2050 123 2072 ea
146 2040 222 2073 sola
244 2052 354 2086 neque
377 2042 484 2075 datur
505 2044 570 2075 etc.
597 2041 652 2075 De
679 2039 742 2074 illo
766 2039 925 2085 asyndeti
950 2051 1078 2085 genero
1101 2052 1133 2074 v·
1150 2040 1195 2074 ad
1220 2041 1296 2075 Cat.
1321 2041 1465 2081 XXXV,

77 2098 125 2142 2.,
149 2100 192 2134 (le
206 2101 276 2136 hoc
301 2101 452 2136 diximus
477 2101 520 2136 ad
543 2101 619 2146 lug.
642 2100 801 2143 xxviii,
823 2100 857 2136 5.
885 2113 919 2146 p.
944 2100 1022 2135 163.

170 2162 203 2205 S.
228 2161 286 2198 39.
332 2174 443 2208 neque
474 2161 675 2197 histrionem
706 2161 814 2194 ullum
838 2163 936 2205 etc.]
969 2163 1025 2196 De
1052 2161 1229 2196 convivali
1253 2160 1392 2196 luxuria
1415 2162 1461 2195 ef.

78 2221 155 2257 mv.
189 2223 359 2267 XXXIX,
385 2223 428 2266 6,
451 2222 484 2258 8.
536 2224 632 2256 Tunc
667 2221 686 2265 (
695 2222 719 2255 i.
738 2232 767 2258 e.
793 2223 960 2257 Antiocho
983 2223 1098 2267 victo)
1128 2222 1300 2267 psaltriae
1324 2222 1462 2257 sambu-

78 2282 283 2329 cistriaeque
307 2289 341 2320 et
364 2284 559 2320 convivalia
582 2284 759 2318 ludionum
782 2285 1033 2319 oblectamenta
1057 2283 1185 2318 addita
1207 2283 1326 2328 epulis.
1363 2283 1459 2328 Epu-

79 2345 136 2378 lae
159 2356 291 2390 quoque
314 2345 413 2390 ipsae
444 2350 479 2380 et
502 2357 586 2380 cura
611 2351 645 2381 et
668 2351 806 2391 sumptu
830 2346 961 2381 maiore
992 2345 1163 2390 apparari
1183 2348 1327 2388 coeptae
1341 2355 1355 2384 ,-
1387 2348 1460 2379 tura

78 2415 223 2448 coquus,
255 2405 458 2440 vilissimum
489 2407 642 2452 antiquis
671 2407 882 2451 mancipium
899 2431 910 2449 ‚
945 2409 979 2440 ct
1012 2405 1254 2440 aestimatione
1277 2409 1312 2438 et
1335 2415 1400 2439 usu
1422 2405 1459 2437 in

76 2465 188 2508 pretio
211 2477 293 2501 esee.
341 2467 395 2500 De
425 2466 548 2501 eadem
578 2478 617 2500 re
657 2468 823 2513 legendus
854 2466 962 2501 etiam
996 2466 1201 2501 Macrobius
1233 2465 1374 2500 Satur-n.
1404 2465 1457 2506 11,

2 2566 5 2570 Ι
77 2523 134 2562 13.
158 2544 203 2551 -
229 2526 362 2571 coquus
383 2525 453 2561 vile
473 2527 635 2571 primitus
656 2528 726 2564 finit
748 2528 983 2573 mancipium3
1007 2527 1052 2561 cf.
1079 2527 1172 2564 Gell.
1194 2526 1256 2570 XI,
1272 2526 1308 2562 2.
1344 2526 1459 2570 Equos

78 2586 204 2630 carim,
229 2597 335 2631 quam
357 2597 478 2631 coquos
502 2588 670 2623 emebant.
718 2589 844 2623 Postea
866 2587 969 2631 coqui
992 2587 1083 2631 apud
1106 2587 1289 2621 helluones
1310 2585 1346 2620 in
1361 2596 1456 2619 sum-

79 2655 139 2680 mo
162 2646 276 2690 pretio
297 2646 435 2688 habiti,
458 2658 494 2681 v,
527 2647 666 2683 Petron.
698 2660 728 2683 c.
761 2648 952 2682 xxxvm.
987 2652 1022 2682 et
1045 2647 1117 2682 Cic.
1142 2660 1176 2692 p.
1203 2647 1308 2682 Rosc-
1334 2647 1455 2680 Amet.

79 2715 109 2739 c.
130 2704 188 2750 46,
215 2706 296 2743 134.
350 2707 464 2741 Villici
484 2706 596 2753 igitur
616 2707 798 2743 deterioris
829 2712 926 2742 erant
949 2707 1160 2743 condicionis
1181 2708 1272 2752 apud
1296 2706 1452 2741 luxurio·

78 2774 154 2806 ⁸⁰⁸3
187 2766 315 2811 quippe
336 2767 396 2811 qui
424 2767 523 2812 operi
554 2768 684 2803 rustico
716 2767 874 2803 faciendo
900 2771 1103 2812 precer-anu
1133 2768 1181 2803 cf.
1204 2768 1317 2802 Varro
1340 2767 1383 2800 de
1406 2767 1452 2800 R.
