1630 3034
372 196 719 241 CATILINA.
771 195 905 239 cAP.
937 195 1010 238 IX.
1328 200 1386 241 47

0 315 162 377 Iurgia,
195 314 434 374 discordia,
464 314 709 358 simultates
738 327 841 359 cum
870 312 1074 357 hostibus
1097 312 1384 365 exercebant3
1398 321 1426 361 2

0 408 129 454 cives·
150 416 254 453 cum
289 406 460 452 civibus
495 405 556 450 de
589 406 753 449 virtute
786 405 1041 456 certabant3
1075 404 1122 447 in
1156 405 1386 464 suppliciis

0 500 188 544 deorum
209 498 454 560 magnifici,
485 497 609 542 dorni
626 496 779 557 parci,
814 497 860 541 in
887 495 1041 541 amicis
1063 495 1220 541 fideles
1248 502 1386 541 erant.

0 646 114 687 mata,
149 643 242 688 apud
265 642 367 678 Ovid.
402 642 511 677 Trist.
540 642 581 684 V,
609 642 645 684 2,
671 641 730 676 36.
772 642 886 686 Saepe
909 651 970 675 suo
993 641 1102 676 victor
1125 641 1212 676 lenis
1231 641 1269 675 in
1292 641 1389 676 hoste

0 703 77 742 fuit.
133 701 233 746 Virg.
266 702 351 735 Aen.
381 701 425 743 Π,
450 699 536 735 540.
584 700 634 734 At
664 711 733 732 uon
771 699 853 741 ille,
896 705 1013 733 satum
1043 711 1110 744 quo
1144 705 1180 734 te
1216 701 1387 742 mentiris,

0 759 155 795 Achilles
169 759 252 792 talis
273 759 311 792 in
333 759 430 792 hoste
447 759 522 802 fuit
548 758 700 791 Priamo.
778 757 917 800 Quibus
941 757 1030 791 adde
1052 768 1094 790 ex
1119 756 1230 801 poetis
1254 758 1387 801 petita:

0 815 98 849 Ovid.
122 816 196 850 Art.
221 816 299 851 Am.
318 816 347 858 Ι,
365 816 447 850 731.
482 816 640 849 Pallidus
663 816 700 848 in
728 814 852 857 Lyrice
874 816 978 858 sylvis
1002 815 1145 849 errabat
1170 815 1286 856 Orion,
1309 816 1389 859 pal-

0 874 87 907 lidus
109 874 147 907 in
170 875 266 908 lenta
291 873 408 906 Naide
431 874 591 917 Daphnis
615 877 703 906 erat.
728 871 776 905 id.
801 872 940 906 Amorr.
965 872 1010 914 Π,
1031 872 1064 912 8,
1084 871 1117 906 9.
1153 872 1273 914 Quid?
1298 872 1390 916 qnod

0 932 34 965 in
55 932 186 964 ancilla
208 931 240 964 si
262 930 338 975 quis
362 931 561 975 delinquere
582 935 707 974 posset,
738 930 833 962 illum
860 940 926 973 ego
949 928 1109 962 contendi
1131 934 1245 963 mente
1270 939 1390 962 carere

0 989 117 1023 bona?
140 989 186 1023 io.
210 989 392 1022 Metamm.
416 988 537 1031 13442.
562 988 651 1022 hunc
675 987 759 1021 deus
783 987 977 1020 arcitenens
1000 991 1034 1020 et
1061 997 1238 1030 nunquam
1261 987 1390 1020 talibus

0 1047 105 1080 armis
128 1052 211 1080 ante
233 1047 304 1079 ‘nisi
325 1047 362 1079 in
382 1046 495 1079 damis
517 1046 720 1091 capreisque
739 1046 932 1090 fugacibus
954 1055 1036 1078 usus
1051 1044 1216 1088 perdidit.
1242 1043 1388 1084 Vn,22.

0 1103 82 1150 quid
112 1102 149 1138 ἰὴ
176 1104 330 1147 hospite,
355 1104 462 1148 regia
483 1103 609 1149 virgo,
641 1103 780 1137 ureris?
811 1101 978 1142 1'111,50.
1027 1102 1150 1135 merito
1185 1102 1269 1135 deus
1302 1102 1390 1134 arsit

0 1159 132 1196 in'tlla.
158 1161 384 1195 ”rein-Andr.
405 1161 430 1202 l,
447 1161 482 1203 4,
504 1160 538 1195 6.
582 1163 619 1195 di
646 1162 731 1195 date
764 1162 817 1194 illi
840 1161 877 1193 in
908 1160 988 1193 aliis
1008 1160 1124 1203 potius
1144 1160 1315 1203 peccandi
1339 1160 1390 1192 lo-

0 1227 86 1253 cum.
133 1217 204 1251 Sed
235 1228 299 1250 nec
321 1216 487 1261 pedestris
511 1218 683 1253 orationis
704 1217 892 1262 scriptores
923 1218 992 1251 hac
1013 1220 1189 1251 structura
1212 1216 1391 1250 abstinue-

0 1280 102 1318 nmt‚
128 1286 219 1318 quae
241 1275 335 1318 apud
359 1274 524 1309 Nostrum
548 1275 663 1319 ipsum
687 1275 852 1319 aliquotis
875 1276 1025 1321 legitur,
1059 1275 1157 1308 velut
1180 1274 1256 1308 Cat.
1274 1275 1333 1315 xl,
1355 1274 1390 1308 4·

0 1330 106 1377 foeda
129 1332 350 1376 crudeliaque
373 1333 409 1365 in
433 1333 563 1366 civibus
581 1333 746 1376 facinora
763 1336 892 1375 secere.
919 1333 977 1373 LI,
994 1332 1028 1365 6.
1053 1332 1136 1377 quid
1158 1332 1197 1364 in
1220 1333 1290 1365 illis
1314 1333 1390 1366 iure

0 1389 77 1433 fieri
96 1394 223 1434 posset.
259 1388 345 1423 ibid.
370 1392 403 1431 §.
424 1389 481 1423 26.
522 1391 606 1434 quid
627 1390 666 1423 in
697 1390 779 1422 aliis
808 1391 975 1424 statuatis
1006 1390 1233 1423 considerate.
1265 1390 1387 1432 L11,3.

0 1457 61 1481 res
79 1447 197 1481 'autem-
220 1449 334 1480 monet
358 1446 481 1480 cavere
505 1449 549 1480 ab
575 1448 662 1488 illis,
695 1459 802 1491 quam
826 1448 911 1491 quid
933 1448 971 1480 in
993 1448 1064 1480 illis
1086 1453 1285 1481 statuamus
1309 1460 1389 1481 con-

0 1505 141 1537 sultare.
165 1502 250 1536 ibid.
274 1506 306 1546 §.
326 1504 383 1538 12.
419 1505 488 1538 siut
509 1505 745 1538 misericordes
769 1505 805 1537 in
823 1506 965 1548 furibus
987 1505 1116 1538 aerari.
1152 1505 1225 1538 Cic.
1250 1506 1292 1539 de
1317 1506 1389 1540 Off.

0 1560 102 1602 1,·14‚
122 1560 158 1596 ³.
177 1561 357 1605 qui-aliis
379 1567 501 1596 nocent
524 1568 563 1596 ut
587 1564 624 1596 in
649 1563 729 1596 aliis
752 1563 912 1595 liberales
936 1563 1015 1596 sint.
1038 1562 1109 1605 (itu
1133 1564 1210 1597 cod.
1234 1564 1388 1606 Pithoei‚

0 1617 173 1653 etflioelf.
192 1619 244 1662 4.)
278 1619 326 1652 ib.
346 1619 392 1661 11,
414 1619 472 1661 18,
493 1618 527 1653 3.
561 1621 598 1653 in
615 1620 664 1652 iis
687 1623 806 1654 tamen
835 1621 894 1664 qui
916 1632 953 1654 sc
977 1621 1141 1653 adiuvari
1163 1622 1298 1662 volent,
1333 1633 1392 1656 ro-

0 1677 112 1710 stricti
134 1677 270 1709 omnino
289 1687 365 1710 ¹esse
387 1678 483 1710 nullo
506 1677 607 1711 modo
630 1677 804 1718 debemus,
829 1677 891 1710 ubi
915 1688 950 1710 V.
978 1676 1149 1721 Heusing.
1177 1678 1221 1710 cf.
1246 1678 1391 1712 Ouden-

0 1735 98 1777 ἀοιδῇ.
123 1734 167 1767 ad
191 1734 357 1768 cnessB.
384 1736 427 1769 G.
446 1735 564 1778 11‚32‚
585 1734 619 1768 2.
650 1746 687 1767 se
711 1735 749 1767 id
773 1734 862 1778 qnod
885 1734 924 1766 in
950 1734 1091 1767 Nerviis
1108 1736 1251 1778 fecisset
1268 1739 1391 1779 factu-

0 1802 86 1826 rum.
118 1801 166 1824 Ὗ.
198 1791 291 1825 idem
315 1792 359 1825 ad
384 1792 411 1834 Ι,
430 1793 463 1834 6,
486 1793 519 1826 3.
553 1797 588 1826 et
610 1792 773 1826 Bromius
796 1792 842 1825 ad
864 1791 949 1835 Nep.
975 1791 1078 1827 Dion.
1104 1793 1161 1834 vl,
1183 1793 1216 1826 2.
1259 1795 1296 1826 in
1310 1795 1392 1837 filio

0 1847 186 1882 saevitiassm
216 1847 317 1882 suam
351 1851 512 1884 crcrcuit.
554 1854 588 1883 et
618 1850 665 1883 ud
697 1849 808 1882 Phoc.
839 1850 898 1890 w,
927 1849 960 1883 3.
1004 1850 1040 1882 in
1063 1850 1125 1883 hoc
1149 1856 1284 1884 tantum
1315 1853 1391 1895 suit

0 1905 381 1940 odium‘smultitudinis.
423 1908 576 1943 Gronov.
608 1895 657 1942 ‘ad
690 1906 809 1941 lustin.
839 1909 869 1948 ιι,
897 1908 931 1950 7,
961 1908 1019 1942 ιο.
1063 1912 1100 1941 et
1134 1909 1309 1943 orni-enh.
1345 1909 1391 1943 ad

0 1965 76 1999 Liv.
97 1964 255 2006 xxvm,
279 1965 337 2007 43,
359 1964 413 2006 8.‚
449 1965 511 2008 qni
535 1966 656 1999 decem
678 1965 774 1999 Livii
803 1967 900 2000 locos
924 1965 1109 2009 congessit.
1129 1979 1131 1982 ⁴
1166 1966 1284 2009 Nuper
1307 1978 1391 2000 ean-

0 2020 80 2056 dem
109 2021 404 2056 constructionem
431 2023 548 2067 tetigit
572 2024 745 2057 Goerenz.
777 2023 811 2057 in
837 2023 954 2057 lahnii
986 2024 1124 2057 Annan.
1149 2024 1330 2067 Philolog.
1356 2028 1391 2057 et

0 2076 155 2124 Pafflag.
176 2078 255 2119 1,.-2.
286 2089 321 2124 p.
342 2079 425 2114 305.
461 2080 608 2115 laudans
642 2082 718 2116 Cic.
742 2083 837 2116 Lael.
867 2082 924 2123 12,
950 2081 1007 2116 41.
1042 2081 1199 2125 Philipp.
1219 2082 1275 2122 1⁴,
1301 2081 1335 2122 3,
1352 2082 1390 2116 9.

0 2137 283 2180 Haee¹exemp1a
304 2135 488 2170 cumulare
518 2150 560 2172 eo
584 2139 701 2184 magis
723 2140 958 2173 necessarium
981 2139 1188 2179 videbatur,
1224 2140 1391 2182 quoniam

2 2196 206 2238 interpretes
229 2194 272 2227 de
294 2194 364 2227 hac
386 2193 640 2230 constructione
663 2207 878 2242 magnopere
905 2196 1100 2241 ambigunt,
1119 2196 1276 2240 nihilque
1299 2199 1392 2240 quod

2 2252 147 2297 probari
169 2252 277 2296 possit
300 2253 531 2295 protulerunt.
587 2255 830 2300 Heusingerus
854 2254 947 2288 enim
979 2254 1074 2286 hunc
1097 2264 1199 2287 usum
1224 2256 1394 2298 exemplis

2 2310 159 2344 firmasse
183 2310 267 2344 satis
290 2310 441 2353 habens,
475 2310 548 2344 eius
581 2321 740 2346 caussam
771 2321 944 2356 exponere
975 2310 1103 2345 omisit.
1160 2312 1391 2346 Ruhnkenius

4 2367 48 2401 ad
71 2367 153 2401 T-er.
178 2368 267 2401 Eun.
290 2368 356 2409 ΠΙ,
385 2367 420 2411 5,
444 2368 498 2402 19.
522 2370 635 2412 poetis
658 2374 796 2404 tantum
819 2371 913 2404 hunc
935 2369 1071 2404 (licendi
1095 2369 1239 2403 modum
1272 2371 1322 2404 ait
1347 2371 1390 2404 li-

3 2435 105 2468 cere,
128 2424 159 2459 si
182 2426 224 2458 de
248 2436 364 2459 amore
387 2427 594 2470 loquantum
620 2428 781 2462 Bremius
805 2434 925 2463 contra
957 2429 1001 2463 ad
1024 2428 1109 2471 Nep.
1134 2428 1244 2462 Phoc.
1269 2429 1326 2470 lv,
1357 2429 1392 2464 3.

2 2482 126 2518 statuit
147 2483 274 2517 'verba
297 2484 393 2529 irae,
419 2486 636 2520 crudelitatis
669 2497 712 2520 ac
735 2485 866 2519 similia
889 2490 923 2520 et
954 2498 1034 2519 cum
1065 2485 1221 2520 ablativo
1252 2491 1286 2520 et
1310 2498 1392 2521 cum

3 2551 118 2575 accus.
155 2541 308 2575 construi
339 2554 450 2586 posse.
509 2544 650 2578 Cortius
681 2543 829 2587 denique
869 2544 907 2577 in
941 2543 1061 2576 amicis
1093 2543 1269 2586 explicans
1303 2556 1392 2590 erga

4 2598 132 2632 amicos
164 2598 254 2632 nihil
288 2599 474 2635 discrimen
506 2601 645 2635 videtur
684 2600 774 2635 inter
805 2606 994 2644 utrumque
1034 2610 1154 2634 casum
1189 2613 1390 2647 agnoscere.

2 2654 72 2689 Sed
96 2655 279 2688 tenendum
313 2662 385 2702 est,
428 2659 565 2692 nullum
599 2669 723 2692 casum
746 2659 924 2702 propriam
959 2658 1031 2692 vim
1056 2659 1245 2702 deponere,
1279 2672 1391 2703 neque

4 2712 90 2748 duos
121 2723 222 2748 casus
244 2715 439 2758 permutari
472 2727 590 2760 posse,
623 2716 706 2761 quin
731 2716 911 2762 cogitandi
943 2716 1035 2751 ratio
1066 2720 1234 2751 mutetur.
1292 2718 1391 2751 llaec
