1630 3034
404 151 767 215 memmi.
828 171 948 215 GAP.
981 174 1082 216 clv.
1337 181 1446 221 565.

42 291 113 335 chi
153 287 396 350 cognoscit.
488 287 671 348 Legatis
714 293 913 348 potestas
959 289 1094 333 eundi
1136 291 1330 336 Romam
1366 294 1450 340 fit2

39 383 96 427 ab
133 382 336 438 consule3
371 384 540 427 interea
567 374 769 429 induciae
798 380 1150 445 postulabantur.
1207 388 1274 432 Ea
1313 389 1418 449 Sul,-

36 517 209 558 aliorum,
242 515 380 550 Sullam
415 517 531 552 Cirtae
562 517 680 552 fuisse.
737 518 854 563 Quam
888 519 1009 553 urbem
1041 532 1148 564 quum
1179 521 1313 556 Marius
1343 522 1418 567 ipse

35 578 102 613 sibi
135 577 251 616 sedem
282 577 465 622 elegisset,
499 582 538 612 ut
568 579 678 612 elucet
709 584 827 613 nostro
853 579 930 614 loco
954 593 1033 615 cum
1059 595 1089 615 c.
1116 581 1190 625 011,
1216 583 1248 616 1.
1275 584 1415 625 collato,

33 639 134 673 Sulla
167 639 232 672 huc
264 639 382 673 venire
414 640 523 673 iussus
547 650 614 673 non
648 639 760 682 potuit
783 639 855 673 iam
879 639 929 673 ibi
954 651 1049 682 esse,
1079 653 1146 675 non
1171 643 1286 687 magis
1309 655 1414 688 quam

33 699 160 745 legati,
191 710 277 743 quos
308 712 339 734 c.
376 700 463 739 Clll,
495 700 529 733 7.
568 699 778 742 ostendimus
812 701 904 743 apud
936 701 1073 736 Sullam
1107 703 1286 738 mansisse.
1344 704 1414 748 Qui

30 773 138 806 quum
161 760 318 795 hibernis
340 760 539 804 praefectus
563 764 662 802 esset,
687 772 720 794 v.
747 761 842 803 0111,
872 761 918 802 4„
942 773 1032 806 quae
1055 762 1091 796 in
1115 765 1253 805 urbibus
1276 767 1414 800 mariti-

31 823 96 856 mis
120 822 333 867 agebantur,
360 833 395 856 v,
419 822 464 863 C,
489 822 522 855 1.
549 822 646 863 CIII,
671 822 726 863 1.‚
759 833 843 854 num
868 812 1043 856 dubitabis
1066 824 1200 867 adhuc,
1224 826 1306 869 quin
1330 837 1414 861 vera

29 883 201 926 scriptura
239 881 284 916 sit
316 883 459 927 illosque
492 887 525 917 et
559 883 693 916 Sullam
722 883 777 916 ab
817 883 954 917 Utica
986 884 1103 918 venire
1146 885 1274 919 iussit?
1314 886 1414 929 Quae

28 944 203 988 quomodo
235 943 415 977 obscurari
446 943 614 987 potuerit,
646 954 714 977 non
749 943 894 977 difficile
928 948 980 979 est
1010 945 1054 979 ad
1077 945 1275 979 videndum.
1322 946 1413 980 Nam

28 1017 136 1049 quum
159 1004 195 1038 in
219 1005 394 1038 nonnullis
418 1004 514 1038 codd.
541 1007 621 1047 post
641 1009 836 1048 praetorem
859 1005 1116 1049 perspicuitatis
1137 1018 1259 1041 caussa
1279 1007 1314 1040 in
1338 1011 1412 1041 tex-

29 1072 103 1101 tum
125 1066 263 1099 illatum
288 1069 377 1099 esset
405 1066 525 1108 Utica,
558 1065 593 1098 in
617 1065 712 1101 Vrat.
736 1065 769 1098 1.
793 1066 868 1099 Pal.
891 1066 925 1101 7.
958 1067 1096 1110 Uticae,
1120 1066 1156 1101 in
1179 1068 1255 1103 Pal.
1283 1067 1316 1101 8.
1340 1069 1409 1102 Inc.

27 1128 63 1163 L
80 1128 114 1162 2.
129 1127 254 1160 Franc.
272 1127 314 1160 ab
337 1127 448 1166 Utica,
470 1126 504 1159 in
523 1126 609 1161 Tur.
630 1125 662 1159 1.
680 1125 721 1158 de
741 1126 854 1167 Utica,
879 1138 920 1160 eo
937 1127 1070 1161 factum
1098 1132 1159 1169 est,
1185 1132 1222 1162 ut
1248 1129 1284 1162 in
1309 1140 1411 1163 versu

28 1188 251 1224 antecedente
275 1188 318 1221 ab
349 1188 449 1220 Utica
473 1185 663 1228 excideret,
699 1197 912 1230 quamquam
936 1187 971 1220 in
999 1189 1172 1222 nonnullis
1203 1189 1301 1222 codd.
1326 1201 1412 1224 vera

26 1250 198 1294 scriptura
220 1252 255 1282 et
276 1247 499 1291 interpolatio
524 1246 629 1280 simul
653 1252 842 1290 comparet.
871 1248 996 1282 Glossa
1020 1252 1133 1283 tamen
1159 1254 1276 1284 carent
1297 1251 1411 1285 Palat.

26 1311 60 1346 3.
84 1310 118 1346 5.
142 1310 189 1354 6.,
213 1309 370 1343 nonnulli
395 1308 503 1342 Cortii
528 1307 621 1348 libri,
646 1308 765 1343 Berol.
790 1308 824 1342 1.
850 1309 884 1345 2.
911 1310 1014 1343 Misn.
1041 1311 1157 1345 Goerl.
1181 1322 1271 1354 quae
1294 1310 1412 1345 omnia

25 1373 162 1407 abunde
184 1373 335 1416 probant
357 1371 540 1415 vulgatam
563 1368 658 1402 nullo
683 1373 784 1413 pacto
810 1374 902 1404 stare
928 1382 1040 1414 posse.
1089 1371 1127 1404 Si
1151 1372 1227 1416 quis
1249 1383 1333 1406 vero
1358 1372 1411 1406 di-

17 1437 83 1482 'cat
108 1444 229 1467 vocem
261 1432 361 1466 Utica
385 1437 463 1476 post
484 1435 679 1474 praetorem
705 1429 810 1463 etiam
835 1431 878 1463 ad
901 1431 1084 1475 superiora
1107 1432 1249 1478 illosque
1274 1438 1307 1467 et
1331 1433 1411 1466 Sul-

27 1497 99 1529 lam
130 1493 255 1527 referri
287 1504 397 1536 posse,
430 1492 459 1526 is
491 1495 626 1536 reputet
658 1490 742 1524 huic
776 1491 902 1525 rationi
936 1493 1122 1527 verborum
1145 1490 1409 1526 collocationem

23 1567 67 1590 ac
99 1558 207 1589 totam
240 1552 490 1587 enunciationis
521 1551 834 1592 conformationem
864 1563 1007 1598 prorsus
1031 1554 1180 1587 obstare.
1204 1572 1249 1578 —
1288 1553 1343 1586 De
1365 1552 1408 1585 ab

22 1613 276 1661 praepositione
299 1614 379 1647 vide
403 1617 567 1647 annotata
590 1613 633 1646 ad
659 1625 689 1646 c.
715 1613 806 1654 LXI,
831 1613 863 1646 1.
885 1633 931 1639 --
965 1615 1052 1647 Item
1077 1611 1284 1648 auctoritate
1305 1611 1410 1654 longe

21 1675 258 1721 plurimorum
281 1675 380 1707 codd.
403 1673 602 1717 scripsimus
626 1685 690 1717 pro
715 1674 886 1718 itemque,
922 1675 1012 1718 qnod
1037 1674 1169 1718 aliquot
1193 1671 1302 1706 Cortii
1327 1670 1408 1704 libri

21 1738 199 1782 praebent.
223 1735 299 1770 Non
324 1736 450 1769 salsam
475 1739 590 1768 tamen
614 1745 689 1767 esse
712 1735 876 1778 copulam
900 1734 1099 1768 monuimus
1121 1734 1164 1768 ad
1190 1735 1266 1767 Cat.
1286 1731 1407 1771 XLVI,
1475 1745 1477 1747 ·

21 1800 55 1833 3.
80 1798 224 1837 xm‘u,
249 1796 284 1831 3.
310 1796 405 1838 Lm,
429 1795 463 1829 1.
487 1797 563 1840 lug.
587 1796 657 1837 IX,
681 1795 718 1830 3.
751 1815 796 1821 -
835 1797 887 1829 De
919 1794 1054 1828 ratione
1083 1794 1219 1829 consilii
1245 1790 1409 1827 militar-Is

21 1858 174 1894 habendi
197 1869 232 1894 v.
254 1857 300 1891 ad
325 1869 352 1890 c.
378 1857 507 1898 XXIX,
531 1855 563 1889 5.
588 1861 622 1890 et
648 1856 823 1900 imprimis
846 1856 889 1890 ad
915 1867 943 1888 c.
974 1855 1080 1895 LXII,
1104 1854 1138 1888 2.

114 1923 145 1963 ς.
171 1919 204 1952 2.
253 1919 402 1962 Legatis
423 1922 579 1961 potestas
608 1918 713 1951 eundi
737 1918 882 1950 Romam
899 1918 945 1959 fit
970 1915 1013 1948 ab
1041 1914 1196 1958 consule]
1236 1914 1290 1947 lta
1311 1913 1406 1945 hunc

20 1983 137 2016 locum
171 1979 366 2012 Glareanus
396 1977 596 2011 coniectura
625 1982 718 2011 recte
751 1976 960 2017 emendavit,
995 1986 1099 2019 quam
1122 1979 1241 2018 postea
1265 1972 1404 2007 Fabric.

20 2043 54 2076 1.
80 2040 224 2086 egregie
247 2038 446 2073 confirmari
471 2038 558 2071 vidit
583 2039 731 2073 Cortius.
773 2037 885 2072 Ceteri
911 2036 1009 2070 codd.
1033 2035 1264 2079 corruptelam
1289 2037 1405 2067 traxe-

19 2106 101 2151 runt
124 2112 262 2140 omnes3
287 2100 443 2144 plerique
466 2099 559 2132 enim
583 2100 712 2133 hahent
737 2100 783 2133 ἰπ
808 2098 969 2144 quibus
994 2097 1121 2141 legatis
1145 2101 1227 2138 etc.‚
1263 2093 1343 2127 Sen.
1370 2092 1402 2125 1.

20 2163 127 2196 Fabr.
152 2161 186 2195 2.
213 2161 329 2196 Guelf.
353 2160 387 2195 3.
414 2159 446 2193 6.
473 2159 586 2194 Paris.
607 2172 635 2192 c.
663 2165 697 2207 et
720 2158 876 2193 nonnulli
900 2158 990 2192 ltall.
1015 2158 1059 2190 in
1084 2156 1187 2201 quis
1213 2155 1304 2199 leg.‚
1330 2153 1402 2188 Erl.

21 2236 44 2257 a
67 2223 166 2268 quis
191 2223 278 2267 leg„
304 2221 422 2255 Guelf.
446 2220 479 2254 9.
505 2221 549 2254 in
573 2221 675 2264 quis
700 2220 791 2264 leg.‚
815 2219 921 2253 Acnd.
947 2219 1108 2262 quibus
1130 2220 1302 2260 potestas,
1328 2215 1399 2248 Pa-

19 2284 77 2319 ris.
102 2285 136 2317 b.
160 2278 324 2328 quibus
347 2282 575 2315 mandatis
599 2281 748 2325 legatis,
780 2279 1070 2323 quemadmodum
1093 2276 1244 2311 lVeisius
1274 2274 1399 2315 edidit3

19 2346 80 2380 sed
102 2344 192 2378 nihil
216 2356 259 2377 ex
282 2343 340 2377 his
364 2342 535 2387 proficias,
561 2340 628 2374 nisi
651 2341 721 2373 hoc
736 2365 745 2383 ‚
771 2339 903 2374 scribas
934 2340 1104 2373 interdum
1129 2347 1233 2378 supra
1256 2326 1400 2369 niodum

19 2405 207 2450 ineptiisse.
253 2406 373 2449 Quare
402 2403 543 2448 ingenio
571 2403 700 2436 abusus
733 2403 784 2434 est
818 2399 1008 2444 Sellingius
1039 2399 1075 2433 in
1107 2399 1215 2433 Lectt.
1247 2395 1335 2431 Sall.
1363 2407 1396 2439 p.

19 2467 64 2501 34
88 2479 138 2512 sq.
164 2466 346 2510 vulgatam
370 2464 574 2505 defendens,
599 2464 666 2496 hac
690 2460 970 2505 interpretatione
992 2459 1187 2503 proposita:
1216 2459 1253 2492 in
1277 2457 1398 2502 quibus

22 2527 226 2571 (mandatis
257 2537 279 2558 a
313 2525 445 2558 Boccho
475 2523 742 2568 postulabatur)
776 2522 902 2567 legatis
932 2525 1086 2564 potestas
1121 2520 1226 2554 eundi
1250 2518 1397 2552 Romam

21 2589 82 2623 sit
110 2587 184 2632 (ita
207 2586 312 2620 scribi
336 2586 412 2619 vult
435 2585 624 2629 Sellingius
647 2594 711 2629 pro
729 2585 800 2627 fit,
835 2581 1090 2615 coniunctivum
1123 2581 1168 2614 ab
1198 2584 1237 2614 ut
1260 2578 1398 2613 'omisso

20 2647 195 2692 repetens)
220 2653 260 2682 et
283 2647 326 2680 ab
351 2647 486 2679 consule
507 2646 639 2679 imma
665 2644 826 2677 induciae
848 2642 1124 2687 postulabantur.
1173 2641 1212 2675 In
1235 2650 1305 2684 qua
1329 2650 1394 2673 ex-

20 2707 207 2752 plicatione
228 2718 336 2752 quum
359 2707 514 2750 plurima
536 2707 626 2741 falsa
647 2705 716 2739 sint
739 2715 780 2737 ac
805 2714 979 2747 perversa,
1002 2701 1150 2738 lectores
1171 2700 1317 2746 singulis
1341 2710 1395 2732 re-

21 2768 179 2803 fellendis
206 2779 274 2803 non
304 2767 530 2804 morabimur.
588 2767 667 2800 Hoc
700 2768 815 2799 tamen
848 2763 1036 2804 addemus,
1057 2762 1190 2796 malam
1214 2761 1395 2805 vulgatam
