1630 3034
363 170 720 214 1UGURTHA.
779 171 904 214 CAP.
932 171 1184 214 LXXXIX.
1372 145 1454 216 m

76 289 267 346 cideret,
315 304 370 332 an
413 288 658 333 mobilitate
700 287 848 347 ingeni
899 302 1063 347 pacem
1108 294 1242 347 atque
1284 289 1451 333 bellum

73 394 246 432 mutare
281 387 454 441 solitus,
483 400 642 446 parum
678 384 954 444 exploratum
991 391 1069 428 est.

209 483 461 528 LXXXIX.
533 481 627 526 Sed
673 481 854 536 consul,
899 481 961 524 uti
1004 487 1237 538 statuerat,
1282 479 1452 540 oppida

74 642 218 683 cedere3
251 653 285 676 v.
309 642 353 676 ad
378 653 407 675 c.
432 641 534 683 CVII,
558 641 590 675 6.
637 639 693 674 Ita
717 639 789 673 tela
818 639 1016 674 vehementi
1047 639 1140 674 iactu
1165 640 1270 674 missa
1293 639 1454 674 dicuntur

73 704 253 746 accidere,
287 704 331 737 cf.
356 704 509 747 Herzog.
534 702 578 736 ad
602 701 701 735 Caes.
723 701 766 733 Β.
794 700 840 735 G.
868 700 932 744 111,
956 700 1012 734 14.
1057 702 1171 761 {lissa
1199 713 1221 734 a
1247 702 1359 734 Gallis
1380 701 1452 734 tela

73 765 269 809 gravius
301 765 513 798 accidebant.
571 761 743 796 Similiter
776 771 838 801 ea,
871 772 960 803 quae
991 772 1092 794 aures
1121 772 1200 795 cum
1238 760 1454 794 vehementia

74 825 223 865 feriunt,
258 825 417 859 dicuutur
441 824 618 865 accidere,
651 823 747 856 velut
771 823 920 862 clamor,
944 822 1125 865 strepitus,
1147 833 1271 862 sonus;
1295 822 1339 855 cf.
1364 823 1451 855 Dra—

72 885 260 919 kenborch.
292 885 335 920 ad
366 885 442 921 Liv.
467 885 554 926 XL,
578 884 637 926 32,
665 883 698 916 2.
747 882 864 916 Etiam
889 884 994 925 sama
1017 881 1069 914 rei
1092 882 1212 926 gravis
1235 886 1372 926 praeter
1394 893 1452 914 ex-

72 947 318 990 spectationem
342 947 451 980 allata
478 950 514 979 et
537 945 671 978 animos
693 944 898 987 perturbans
923 943 1078 976 accidere
1101 942 1227 977 dicitur
1241 969 1251 985 ,
1276 947 1314 977 ut
1336 943 1455 976 docuit

75 1006 273 1041 Gronovius
297 1008 342 1041 ad
365 1007 441 1040 Liv.
467 1006 563 1043 XXI.
588 1005 644 1047 lo,
669 1006 727 1040 12.
773 1006 813 1039 In
836 1009 908 1038 tam
940 1004 1044 1037 obvio
1068 1004 1167 1037 verbi
1191 1016 1255 1038 usu
1279 1003 1369 1037 nihil
1392 1013 1454 1036 va-

74 1068 123 1102 let
145 1067 254 1102 Fabri
275 1067 440 1102 sententia
475 1067 630 1101 accidere
653 1071 836 1111 propterea
860 1065 1075 1107 damnantis,
1105 1065 1197 1108 quod
1219 1075 1287 1097 non
1311 1064 1353 1097 de
1373 1074 1456 1107 per-

73 1129 163 1162 sonis
194 1129 338 1163 dicatur.
398 1129 507 1172 Quasi
539 1139 626 1161 vero
663 1128 827 1172 scriptori
865 1126 1024 1174 ἐνεργείᾳ
1063 1125 1211 1160 studenti
1249 1136 1318 1158 non
1349 1123 1454 1157 liceat

73 1189 182 1223 verba
206 1190 248 1222 de
271 1190 374 1223 rebus
396 1192 561 1232 usurpata
585 1187 646 1222 ubi
670 1187 892 1222 commodum
925 1192 977 1221 est
1000 1188 1043 1221 ad
1066 1196 1232 1231 personas
1255 1184 1454 1223 transferre,

73 1254 109 1284 et
131 1249 276 1284 contra?
300 1269 344 1275 -
376 1250 554 1284 Vocabulo
588 1248 708 1282 solitus
740 1248 776 1281 in
809 1247 942 1291 aliquot
974 1248 1073 1282 codd.
1106 1247 1244 1281 additur
1277 1250 1382 1287 esset,
1412 1255 1455 1277 ex

73 1310 190 1355 inepta
222 1310 498 1355 interpolatione.
546 1310 624 1352 Quo
658 1313 832 1343 structura
863 1313 1012 1348 constet,
1054 1306 1229 1352 supplebis
1260 1307 1323 1348 sit,
1362 1305 1454 1349 quod

73 1370 246 1406 interdum
277 1371 313 1405 in
347 1371 503 1405 oratione
540 1369 683 1412 obliqua
711 1369 825 1402 omitti
858 1369 1056 1404 observavit
1078 1369 1223 1402 Beierus
1245 1368 1290 1401 ad
1314 1367 1384 1400 Cic.
1410 1367 1454 1398 de

74 1431 145 1466 Off.
168 1432 197 1474 l,
219 1431 276 1473 17,
301 1431 358 1466 58.
408 1432 447 1466 Si
470 1430 683 1474 comparatio
697 1431 789 1473 fiat,
811 1430 930 1473 quibus
952 1430 1136 1473 plurimum
1161 1428 1378 1463 tribuendum
1401 1429 1456 1470 os-

65 1494 131 1538 sici
146 1518 156 1535 ,
180 1505 228 1527 sc.
252 1494 309 1527 sit.
336 1493 379 1526 cf.
404 1492 452 1526 ib.
477 1492 505 1533 1,
530 1491 588 1532 43,
613 1489 693 1524 152.
743 1489 859 1523 Potest
882 1491 1033 1524 incidere
1056 1490 1279 1534 comparatio,
1304 1489 1347 1522 de
1371 1489 1452 1521 duo-

74 1555 136 1588 bus
159 1559 274 1588 utrum
298 1553 481 1587 honestius.
509 1551 595 1585 Sall.
621 1551 697 1594 lug.
723 1549 847 1592 CXIII,
873 1549 906 1582 1.
955 1551 1060 1591 Dolo,
1093 1562 1139 1583 an
1163 1561 1242 1583 vere
1276 1553 1403 1583 cunct
1415 1559 1453 1581 α-

73 1620 170 1657 tus,
199 1626 324 1659 parurn
361 1614 596 1658 comperimus.
644 1611 763 1654 Quam
796 1611 910 1643 Faber
941 1610 1135 1654 explicandi
1169 1609 1341 1644 rationem
1370 1609 1454 1642 iniri

72 1687 173 1719 posse
203 1675 356 1719 putavit,
388 1678 427 1709 ut
459 1674 503 1709 ad
538 1683 661 1707 vocem
695 1672 833 1712 solitus,
866 1670 1045 1716 participii
1077 1670 1113 1704 vi
1146 1671 1380 1713 intellectam,
1414 1682 1456 1704 ex

72 1747 277 1781 praegresso
299 1736 516 1770 simulaverit
540 1734 741 1779 suppleatur
758 1734 908 1778 fecerit,
939 1733 1018 1766 coll.
1044 1732 1273 1766 Ramshornii
1299 1732 1455 1766 Gramm.

74 1795 150 1830 Lat.
175 1799 208 1839 §.
230 1795 310 1831 205.
334 1796 369 1837 3,
393 1797 428 1831 b.
460 1808 496 1840 p.
524 1795 604 1831 684.
628 1795 680 1829 ed.
710 1796 749 1838 1.‚
781 1805 860 1828 eam
889 1794 986 1827 nullo
1018 1794 1123 1827 modo
1157 1793 1240 1827 ferri
1264 1804 1362 1836 posse
1386 1803 1455 1825 non

73 1861 126 1891 est
158 1859 251 1902 quod
281 1858 470 1894 ostendam.
492 1876 539 1882 —
571 1857 637 1891 Est
666 1860 744 1900 post
777 1856 1010 1900 exploratum,
1046 1855 1138 1898 quod
1161 1854 1197 1888 in
1222 1853 1332 1888 tribus
1356 1853 1454 1886 codd.

74 1916 308 1959 desideratur,
333 1929 356 1952 a
380 1918 501 1952 Cortio
522 1918 683 1951 deletum.

166 1978 354 2011 LXXXIX.
387 1980 421 2023 ξ.
452 1979 484 2011 1.
530 1979 660 2022 partim
692 1977 752 2020 vi]
790 1977 843 2009 De
872 1976 1004 2020 partim
1035 1974 1234 2019 particula,
1270 1973 1328 2007 cui
1364 1973 1456 2007 alius

75 2037 280 2080 respondet,
305 2048 338 2073 V.
363 2039 408 2072 ad
432 2051 463 2074 c.
487 2037 679 2078 xxxvia,
703 2036 738 2072 3.
761 2055 805 2060 —-
842 2036 975 2071 Metam
999 2041 1173 2070 ostentare
1204 2033 1378 2077 quomodo
1401 2033 1455 2066 in-

76 2097 301 2143 telligendum
325 2102 463 2142 putem,
487 2098 558 2133 dixi
583 2099 627 2132 ad
652 2108 681 2130 c.
708 2097 836 2137 xxm,
860 2096 893 2130 1.
917 2116 961 2123 —
990 2097 1181 2130 Mediocria
1203 2095 1350 2140 gerebat
1373 2093 1397 2127 i.
1423 2105 1454 2126 e.

75 2169 131 2192 res
161 2158 373 2200 mediocres,
405 2170 515 2203 neque
544 2157 666 2202 magni
699 2157 865 2191 momenti
899 2158 1141 2200 perpetrabat3
1174 2155 1264 2199 qnod
1288 2155 1347 2189 vix
1371 2166 1456 2199 opus

76 2222 152 2253 erat
177 2229 343 2260 monere,
376 2219 442 2254 nisi
481 2218 676 2254 Gronovius
709 2219 754 2252 ael
785 2218 860 2252 Liv.
887 2219 938 2259 11,
959 2216 1017 2258 46,
1040 2217 1074 2251 3.
1103 2217 1250 2262 gerebat
1272 2215 1455 2250 delendum

77 2289 119 2313 ac
141 2280 327 2313 mediocria
360 2281 403 2314 de
428 2280 565 2325 oppidis
591 2280 808 2324 castellisque
837 2278 1100 2322 intelligendum
1125 2277 1322 2311 censuisset.
1346 2296 1392 2301 —
1414 2275 1456 2310 In

77 2339 195 2373 verbis
217 2341 265 2373 ob
288 2352 366 2374 suos
389 2342 550 2375 tutandos
573 2341 785 2385 praepositio
813 2340 948 2375 consilii
970 2350 1012 2372 ac
1035 2337 1112 2372 finis
1136 2338 1310 2373 notionem
1334 2337 1455 2377 habet,

77 2411 147 2442 qua
178 2405 347 2444 potestate
369 2401 466 2436 vocis
497 2401 587 2445 apud
613 2401 776 2435 Tacitum
801 2402 888 2436 Anu.
912 2401 939 2441 1,
962 2398 1019 2442 79,
1044 2398 1077 2432 1.
1110 2409 1179 2432 non
1202 2398 1378 2433 intellecta
1400 2397 1455 2431 in—

77 2463 243 2504 terpretes
275 2461 405 2495 Wolfio
438 2465 582 2505 excepto
617 2463 711 2496 male
747 2463 796 2496 nd
827 2459 988 2496 substitui
1022 2459 1225 2501 voluerunt,
1259 2470 1301 2493 ac
1333 2469 1456 2492 revera

78 2518 196 2554 invitis
219 2521 317 2555 codd.
343 2522 591 2556 substituerunt
616 2523 708 2567 apud
731 2523 871 2557 Livium
894 2519 1080 2561 xxxva,
1104 2518 1160 2561 27,
1184 2518 1218 2556 5.
1242 2520 1287 2554 cf.
1311 2519 1405 2554 infra
1424 2530 1454 2552 c.

78 2581 158 2623 cn,
179 2581 234 2615 12.
269 2583 368 2616 Iahn.
399 2582 443 2616 ad
474 2582 561 2615 Hor.
593 2581 666 2615 Sat.
688 2581 726 2624 1,
752 2580 792 2623 4,
824 2580 882 2615 26.
917 2581 1008 2624 Aug.
1039 2579 1209 2615 Matthias
1244 2581 1289 2615 ad
1324 2579 1395 2614 Cic.
1421 2591 1455 2623 p.

78 2639 171 2674 Mur.
198 2653 229 2675 c.
251 2641 285 2683 1,
308 2641 341 2675 1.
366 2641 581 2676 Boetticher.
612 2641 694 2675 Lex.
725 2641 838 2676 Tacit.
870 2641 908 2674 h.
937 2652 971 2675 v.
1008 2652 1042 2684 p.
1067 2639 1147 2675 324.
1172 2640 1243 2676 Cic.
1261 2641 1367 2674 Tusc.
1390 2639 1453 2680 111,

80 2699 138 2741 13,
161 2701 219 2736 28.
242 2701 278 2735 in
300 2702 398 2737 Verr.
421 2702 466 2744 Π,
489 2701 546 2745 32,
571 2701 629 2737 78.
653 2722 697 2726 —
733 2702 773 2735 In
803 2712 926 2736 manus
949 2702 1066 2734 venire
1090 2704 1141 2735 est
1163 2701 1351 2746 congredi,
1379 2710 1455 2733 ma·

82 2770 165 2794 num
196 2773 394 2804 conserere3
423 2763 469 2799 cf.
495 2763 559 2805 01,
582 2761 615 2796 4.
640 2762 795 2798 Gronov.
819 2766 854 2797 et
877 2761 1138 2796 Drakenborch.
1160 2761 1203 2797 ad
1227 2760 1304 2795 Liv.
1328 2760 1371 2802 11,
1396 2758 1455 2799 46,
