1630 3034
460 168 817 212 IUGURTHA.
882 169 1008 214 CAP.
1038 171 1174 213 LXV.
1425 174 1511 215 355

128 285 275 331 cunda
310 285 508 330 oratione
544 287 738 331 extollit:
781 285 906 330 illum
950 302 1130 347 regem,
1173 286 1404 347 ingentem
1441 287 1510 331 vi-

566 345 581 404 l

128 486 204 523 aut
230 478 399 523 occisus
435 480 565 536 foret,
600 480 834 540 imperium
865 480 1104 524 Numidiae
1140 481 1231 524 sine
1267 496 1393 525 mora
1427 481 1512 525 ha-

126 398 253 439 rum,
298 382 561 427 Masinissae
605 389 815 443 nepotem
851 399 970 437 esse3
1015 384 1049 427 si
1090 383 1308 443 Iugurtha
1355 391 1512 455 cantus

127 624 184 658 lv.
208 624 300 658 infra
324 635 353 656 e.
379 623 468 665 CIII,
492 622 526 658 5.
574 624 725 657 Barbari
748 626 920 667 famam
943 624 1247 658 Romanorum
1272 625 1514 660 avaritiae

120 686 257 728 salsam
281 685 363 718 rati.

219 756 295 778 cum
319 755 380 777 suo
404 744 555 788 auxilio]
581 745 675 778 Cave
697 745 765 777 hot·-
792 743 937 776 eandem
961 742 1033 776 vim
1056 743 1187 777 habere
1211 750 1308 787 putes
1331 750 1436 790 atque
1456 759 1512 782 so-

125 806 199 839 lum
223 805 417 839 ablativum
440 815 501 837 suo
535 815 624 846 aux„
656 815 867 848 quamquam
896 808 1021 837 auctor
1052 803 1101 837 ita
1132 816 1270 848 quoque
1301 807 1418 841 dicere
1451 820 1516 852 po-

125 865 260 900 tuisset.
306 866 385 898 Hoc
407 869 523 898 autem
555 865 697 900 interest
730 867 819 900 inter
856 865 1060 899 sententiam
1095 866 1276 910 utriusque
1307 872 1515 910 structurae,

127 926 221 970 quod
243 925 377 959 Marius
410 925 440 958 si
465 925 595 960 diceret
617 938 676 960 suo
702 928 851 969 auxilio,
885 925 1099 970 significaret
1131 926 1314 969 Gaudam,
1352 928 1419 962 nisi
1453 939 1516 963 suo

127 985 258 1021 auxilio
282 990 386 1029 atque
409 997 518 1029 opera
545 991 709 1029 uteretur,
736 999 863 1031 poenas
887 991 1003 1031 petere
1025 997 1092 1019 non
1111 997 1220 1029 posse.
1269 988 1371 1030 Quod
1396 993 1515 1022 autem

127 1047 213 1081 dicit
237 1058 332 1080 cum
364 1058 423 1080 suo
457 1059 549 1088 ama,
579 1048 615 1081 id
648 1048 699 1082 ita
725 1052 965 1092 comparatum
999 1051 1069 1085 est,
1107 1051 1143 1079 ut
1167 1047 1303 1090 aliquas
1327 1050 1516 1084 ulciscendi

127 1112 245 1150 partes
268 1106 335 1150 ipsi
360 1107 506 1141 Gaudae
530 1108 678 1152 tribuat,
704 1121 741 1142 se
764 1107 1004 1142 tantummodo
1027 1108 1154 1140 socium
1178 1107 1252 1141 eius
1276 1110 1409 1154 negotii
1434 1122 1515 1155 pro—

126 1167 275 1202 fiteatur.
323 1166 473 1201 Omnino
509 1170 602 1202 enim
635 1181 711 1203 cum
744 1169 780 1203 in
813 1170 874 1203 tali
897 1179 986 1202 nexu
1009 1167 1165 1200 ablativo
1199 1169 1353 1202 additum
1377 1181 1445 1204 non
1468 1170 1516 1205 si-

128 1227 273 1273 gnificat
294 1227 426 1271 aliquid
445 1241 511 1273 per
533 1230 690 1274 aliquam
714 1242 788 1264 rem
813 1230 899 1272 fieri,
923 1229 982 1262 sed
1005 1229 1227 1262 coniunctum
1251 1240 1326 1262 esse
1348 1242 1426 1263 cum
1454 1231 1517 1265 illa

128 1300 186 1328 re,
210 1288 292 1320 dum
317 1288 400 1329 fiat,
426 1290 484 1322 vel
507 1302 574 1323 non
598 1292 672 1324 sine
699 1302 741 1324 ea
765 1291 864 1329 fieri3
889 1290 932 1322 cf.
958 1290 1002 1322 ad
1027 1301 1056 1322 c.
1082 1290 1171 1329 LIII,
1197 1289 1231 1322 7.
1259 1290 1406 1336 Grysar.
1438 1293 1514 1325 Art.

127 1347 251 1383 Latine
277 1348 448 1381 scribendi
472 1361 506 1392 p.
532 1348 612 1383 421.
639 1350 721 1384 Otto
746 1351 787 1385 ad
814 1351 884 1385 cic.
912 1350 954 1383 de
978 1350 1080 1383 Finn.
1108 1351 1140 1388 1,
1164 1348 1199 1392 3,
1224 1350 1257 1384 9.
1309 1352 1417 1393 Quem
1441 1353 1516 1397 qui-

128 1408 206 1442 dem
231 1410 342 1442 locum
366 1421 460 1442 cum
494 1412 604 1445 multa
637 1417 818 1445 venustate
852 1417 884 1445 et
919 1411 1010 1443 omni
1042 1412 1115 1444 sale
1149 1411 1240 1444 idem
1276 1412 1446 1453 Lucilius,
1469 1424 1516 1446 sc.

127 1469 302 1503 tractavit.
351 1469 477 1504 Noster
509 1471 603 1506 infra
635 1484 664 1505 c.
690 1473 848 1506 Lxxxx*
862 1496 872 1511 ,
896 1471 929 1505 3.
983 1471 1100 1515 Neque
1125 1483 1178 1504 me
1196 1473 1316 1514 fallit,
1349 1477 1516 1516 quantum

128 1543 220 1565 cum
253 1532 403 1565 maximo
436 1533 595 1575 beneficio
623 1538 736 1566 vostro
766 1533 887 1576 negoti
918 1533 1127 1574 sustineam,
1162 1532 1185 1565 i.
1210 1544 1241 1568 e.
1265 1539 1432 1575 quantum
1456 1544 1516 1566 ne-

128 1591 227 1637 goti,
260 1593 352 1635 quod
383 1591 487 1626 simul
510 1605 590 1627 cum
622 1598 740 1626 vostro
768 1592 937 1626 beneficio
971 1592 1192 1626 coniunctum
1216 1596 1290 1634 est,
1315 1594 1515 1628 sustineam.

128 1664 166 1686 v.
191 1654 280 1698 Aug.
306 1653 495 1687 Matthiam
529 1655 572 1688 ad
600 1654 672 1688 Cic.
708 1665 759 1687 or.
785 1665 819 1696 p.
848 1654 940 1685 Mur.
966 1653 985 1685 1
1001 1678 1010 1695 ,
1036 1653 1069 1686 2.
1127 1653 1172 1686 L't
1197 1654 1346 1687 eiusdem
1371 1655 1517 1688 hominis

127 1725 209 1748 voce
233 1719 266 1748 et
290 1714 489 1748 declaratus
513 1716 628 1748 consul
660 1719 693 1748 et
725 1714 889 1756 defensus
921 1714 1120 1757 beneficium
1141 1714 1263 1758 populi
1300 1714 1397 1747 Rom.
1422 1726 1516 1748 cum

128 1779 248 1809 vestra
272 1779 376 1818 atque
403 1776 554 1809 onmium
588 1776 713 1809 civium
745 1775 856 1808 salute
884 1779 1041 1816 tueatur,
1074 1774 1097 1808 i.
1124 1785 1154 1807 e.
1181 1774 1232 1808 ita
1256 1778 1293 1808 ut
1320 1779 1435 1808 vestra
1460 1787 1518 1809 sa—

128 1834 184 1868 lus
209 1846 290 1868 cum
325 1846 366 1868 eo
388 1835 574 1870 coniuncta
596 1836 651 1869 sit.
683 1834 755 1870 Cic.
783 1834 817 1867 in
853 1835 948 1868 Ver-r.
977 1837 1009 1875 I,
1033 1835 1098 1876 24,
1122 1835 1179 1868 63.
1233 1836 1278 1869 Ut
1311 1835 1370 1868 illo
1394 1836 1518 1869 itinere

128 1896 262 1930 veniret
286 1895 517 1940 Lampsacum
549 1908 637 1930 cum
667 1907 803 1940 magna
836 1896 1039 1930 calamitate
1071 1900 1105 1929 et
1126 1906 1232 1938 prope
1255 1896 1408 1939 pernicie
1433 1897 1517 1930 civi-

129 1957 223 1991 tatis.
270 1957 431 1990 Plurima
453 1957 557 1990 huius
580 1955 718 2001 generis
741 1967 775 1988 v.
800 1956 893 1998 apud
917 1957 998 1989 Car.
1022 1955 1187 1988 Beierum
1210 1955 1254 1988 ad
1279 1955 1353 1989 Cic.
1377 1956 1421 1988 de
1445 1955 1518 1992 Off.

130 2016 160 2059 l,
185 2016 241 2056 13,
264 2015 323 2050 4⁰.
358 2029 392 2060 p.
418 2017 497 2050 102.
522 2036 566 2041 —-
601 2017 726 2049 Parum
760 2016 785 2048 i.
818 2027 847 2049 e.
873 2016 988 2049 minus
1017 2027 1122 2059 quam
1148 2026 1212 2059 par
1239 2021 1312 2055 θείς
1347 2027 1382 2047 v.
1417 2016 1461 2049 ad
1487 2027 1517 2050 c.

130 2076 262 2117 XXXI,
285 2075 320 2110 9.
345 2077 404 2117 xl,
429 2077 463 2113 5,
512 2077 693 2120 Micipsam
717 2087 875 2120 parum
909 2077 1024 2109 animo
1048 2076 1209 2108 valuisse.
1236 2094 1279 2101 —
1303 2077 1517 2110 Secunda

132 2137 288 2171 oratione
311 2136 334 2171 i.
360 2149 389 2170 e.
413 2121 501 2180 quae
526 2136 618 2169 illius
641 2137 831 2170 sententiae
855 2149 921 2170 non
949 2138 1212 2175 adversaretur,
1245 2136 1304 2168 sed
1328 2138 1516 2171 secundum

132 2209 211 2232 eam
235 2202 343 2238 esset,
368 2198 470 2241 eique
493 2198 697 2231 adularetur
719 2209 760 2230 ac
788 2197 1022 2237 blandiretur-3
1059 2196 1180 2229 eodem
1203 2207 1304 2229 sensu
1328 2196 1448 2230 Livius
1471 2198 1516 2240 11,

132 2257 191 2300 38,
216 2258 248 2293 1.
271 2258 360 2292 dixit
392 2270 439 2292 se
454 2259 605 2291 cunda
639 2258 714 2290 irae
751 2258 916 2297 verba,
955 2257 999 2290 ad
1023 2268 1126 2300 quein
1150 2257 1265 2289 locum
1293 2257 1517 2292 Drakenbor-

132 2318 233 2352 chius
257 2318 403 2352 contulit
425 2319 523 2353 ovid.
550 2321 622 2352 Art.
647 2329 716 2352 am.
742 2318 768 2358 1,
792 2317 872 2351 584.
924 2318 1002 2350 Neu
1036 2318 1169 2351 dubites
1197 2317 1249 2349 illi
1278 2319 1417 2350 verba
1451 2330 1517 2353 se·-

135 2380 290 2413 cunda
313 2381 415 2424 loqui.
463 2380 544 2413 Alia
569 2380 646 2412 vide
671 2379 707 2412 in
733 2377 903 2411 Schelleri
927 2379 1008 2412 Lex.
1035 2378 1142 2421 ampl.
1176 2377 1212 2411 h.
1237 2388 1272 2410 v.
1296 2390 1328 2420 p.
1351 2377 1453 2412 9933.
1473 2398 1515 2404 -—

134 2441 237 2474 Illum
263 2452 294 2473 v.
318 2441 364 2474 nd
400 2452 428 2474 c.
454 2441 548 2482 LVI,
574 2440 607 2473 4.
633 2458 678 2464 -
714 2439 816 2473 Foret
849 2443 926 2482 post
959 2439 1086 2472 occisus
1120 2437 1257 2471 Cortius
1289 2438 1362 2471 sine
1394 2438 1518 2473 idonea

135 2511 278 2543 caussa,
312 2499 583 2545 repugnantibus
606 2498 706 2532 libris
730 2503 763 2532 et
787 2498 921 2532 dicendi
948 2511 1032 2540 usu,
1066 2498 1194 2532 omisit.
1217 2517 1259 2524 ·-
1285 2500 1328 2532 Id
1351 2500 1437 2533 adeo
1462 2512 1516 2534 ex-

134 2561 345 2605 plicavimus
369 2562 413 2595 ad
438 2562 512 2595 Cat.
537 2561 722 2601 xxxvn,
744 2559 777 2593 2.
811 2571 844 2603 p.
870 2559 948 2593 170.
984 2560 1030 2594 cf.
1055 2560 1170 2592 Hand.
1198 2559 1240 2592 de
1270 2560 1416 2594 Partico.
1442 2561 1519 2595 Vol.

135 2622 162 2657 I.
188 2634 221 2666 p.
248 2621 327 2656 145.
354 2641 397 2647 —
422 2623 475 2655 De
498 2622 570 2665 ipse
594 2621 798 2664 pronomine
829 2631 897 2653 non
930 2618 1054 2652 inutile
1085 2619 1191 2653 fuerit
1222 2619 1282 2653 hic
1306 2631 1519 2654 commemo-

137 2693 238 2724 rare,
272 2684 365 2726 quod
390 2684 533 2727 Grysar.
559 2682 594 2715 in
612 2683 684 2716 Art.
709 2682 786 2715 Lat.
809 2679 981 2714 scribendi
1006 2690 1039 2722 p.
1065 2677 1111 2712 51
1138 2690 1210 2722 sqq.
1236 2685 1432 2723 persecutus
1456 2684 1518 2721 est,

138 2754 216 2783 eam
240 2744 313 2779 eius
336 2755 410 2780 esse
433 2743 530 2784 vim,
565 2746 604 2777 ut
635 2741 806 2777 audientis
830 2740 1022 2785 legentisve
1050 2738 1206 2773 animum
1231 2740 1276 2774 ad
1299 2751 1378 2775 eam
1402 2751 1520 2784 perso-

1126 2812 1239 2854 23*
