1630 3034
411 168 783 212 IUGURTHA.
844 168 971 211 GAP.
1000 168 1136 212 XCII.
1374 173 1459 213 493

77 301 176 331 rum
206 287 331 342 satis,
369 300 532 346 magna
568 286 631 330 vis
666 286 873 330 frumenti
909 290 952 328 et
987 284 1085 328 fons
1123 301 1278 343 aquae,
1314 302 1460 347 agge-

76 384 198 427 ribus
231 383 516 441 turribusque
564 391 607 427 et
652 382 746 426 aliis
781 381 1180 426 machinationibus
1215 384 1340 427 locus
1374 384 1460 427 im-

80 486 326 540 portunus,
382 479 465 523 iter
519 480 858 524 castellanorum
909 484 1146 538 angustum
1201 479 1493 534 admodum,-

75 577 297 635 utrimque
342 576 609 635 praecisum.
680 575 848 619 Vineae
894 591 996 619 cum
1042 575 1211 635 ingenti
1255 577 1496 635 periculo&

75 673 238 717 frustra
285 673 566 732 agebantur;
612 688 714 715 nam
762 688 899 730 quum
931 687 1010 716 eae
1045 673 1247 731 paullum
1274 688 1459 732 proces—

77 776 249 826 serant,
294 770 388 829 igni
437 776 512 813 aut
558 769 782 829 lapidibus
829 769 1256 829 corrumpebantur3
1300 771 1493 827 milites9

77 956 159 979 cum
191 949 324 978 natura
356 944 594 990 coniungeret.
618 964 662 970 —
697 946 806 990 Opere
841 944 865 979 i.
900 956 930 978 e.
955 943 1147 979 munitione
1181 947 1256 978 arte
1288 944 1404 984 facta3
1428 955 1462 976 v,

76 1005 120 1040 ad
145 1016 175 1038 c.
199 1004 302 1046 1511,
328 1004 361 1038 1.

169 1069 200 1109 §.
225 1065 249 1100 6
271 1084 313 1092 —
331 1064 366 1101 S.
412 1076 546 1100 summa
569 1067 634 1108 vi]
667 1068 766 1102 Haec
799 1067 910 1101 verba
941 1077 1008 1099 non
1038 1065 1197 1100 videntur
1220 1076 1300 1099 cum
1329 1076 1465 1108 capere,

77 1128 138 1163 sed
179 1139 259 1160 cum
304 1127 483 1162 intendere
523 1129 764 1174 coniungenda
806 1140 906 1169 esse3
939 1137 1023 1160 nam
1055 1125 1161 1160 studii
1199 1131 1234 1160 et
1265 1125 1466 1170 cupiditatis

76 1187 283 1233 magnitudo
316 1188 433 1233 magis
466 1188 502 1222 iu
535 1189 769 1233 persequendo
802 1187 960 1231 incepto,
993 1198 1098 1230 quam
1124 1187 1159 1220 in
1186 1187 1262 1230 ipsa
1287 1197 1463 1231 expugna—

75 1250 168 1284 tione
202 1249 420 1289 cernebatur.
444 1269 490 1275 —
534 1252 713 1291 Virorum,
748 1260 781 1282 v.
815 1249 860 1282 ad
890 1260 920 1282 c.
952 1247 1191 1289 Lxxxxnl,
1214 1247 1247 1281 4.
1270 1267 1316 1272 —-
1347 1249 1387 1282 ln
1410 1259 1463 1281 se·

76 1309 263 1354 quentibus
298 1309 455 1343 cortium
491 1322 670 1345 censemus
703 1320 863 1350 comma,
897 1309 990 1352 quod
1031 1309 1140 1354 vulgo
1182 1313 1261 1353 post
1293 1309 1346 1355 vis
1377 1313 1464 1349 erat,

76 1374 168 1404 recte
190 1370 379 1403 collocasse
401 1375 478 1414 post
503 1373 613 1414 satis,
649 1383 690 1407 ac
715 1377 808 1405 recte
831 1370 937 1404 simul
961 1375 998 1403 at
1021 1374 1101 1404 ante
1119 1371 1290 1413 frumenti
1313 1368 1464 1402 auctori-

77 1435 149 1466 tate
185 1431 304 1466 Guell'.
331 1430 366 1465 3.
401 1431 579 1466 abiecisse.
630 1434 853 1476 Quamquam
882 1435 998 1465 autem
1030 1430 1132 1464 unius
1169 1430 1244 1464 cod.
1276 1430 1464 1463 auctoritas

76 1503 138 1536 per
161 1503 198 1525 se
232 1491 362 1536 exigua
385 1492 454 1534 sit,
491 1498 607 1527 tamen
640 1493 785 1538 vulgata
819 1496 915 1526 tanta
945 1491 1214 1525 inconcinnitate
1237 1491 1394 1533 laborat,
1427 1493 1464 1524 ut

75 1551 162 1586 ferri
195 1563 263 1585 non
298 1563 397 1596 posse
429 1553 611 1596 videatur3
644 1554 705 1588 sed
737 1553 847 1587 Cottii
880 1552 1121 1586 emendatione
1152 1551 1264 1585 oratio
1296 1552 1397 1595 plane
1425 1552 1464 1585 fit

77 1613 308 1649 Sallustiana.
332 1632 378 1637 —-
415 1614 615 1649 Praecisum
648 1615 887 1650 tantummodo
919 1616 1054 1647 exstare
1082 1612 1221 1646 videtur
1244 1611 1279 1645 in
1303 1612 1464 1646 Arondel.

76 1675 121 1709 B.
144 1675 246 1709 Publ.
270 1674 380 1708 Laud.
405 1674 437 1708 1.
471 1679 506 1709 et
540 1676 653 1711 Paris.
679 1678 712 1710 b.
762 1675 877 1710 Ceteri
901 1684 1042 1716 omnes3
1065 1678 1158 1708 certe
1181 1673 1310 1714 Cottii,
1337 1673 1464 1708 Gerla-

4 1740 10 1746 ’
76 1735 148 1769 chii
178 1746 220 1769 ac
253 1735 344 1778 mei,
378 1735 511 1770 habent
538 1738 668 1780 precise
700 1737 724 1771 i.
758 1749 789 1771 e.
822 1736 1022 1780 praecisae,
1048 1746 1116 1778 quo
1139 1733 1244 1769 totius
1268 1734 1336 1768 loci
1359 1733 1464 1768 nimis

75 1796 194 1840 inepta
217 1796 257 1830 fit
284 1796 463 1830 sententia.
513 1798 585 1831 Iter
614 1797 878 1842 praecisum
900 1796 993 1830 idem
1025 1800 1078 1829 est
1100 1799 1204 1838 atque
1224 1799 1464 1839 praeruptum,

75 1868 145 1902 quo
167 1857 344 1891 vocabulo
367 1857 453 1891 Sall.
478 1869 508 1891 c.
540 1858 730 1899 XXXVIL
750 1851 789 1891 4,
812 1869 894 1891 usus
918 1860 980 1891 est.
1029 1855 1200 1890 Similiter
1222 1855 1319 1889 Mela
1342 1855 1404 1896 111,
1427 1854 1464 1889 9.

79 1917 205 1951 Omnia
229 1918 339 1951 vastis
360 1919 582 1962 praecisa
605 1920 794 1959 montibus,
824 1918 923 1961 ripae
943 1917 1060 1961 potius
1083 1921 1181 1958 sunt,
1206 1927 1310 1960 quam
1334 1915 1463 1950 littora.

170 1977 269 2020 §..8.
318 1989 421 2022 quum
455 1990 517 2012 eae
547 1980 705 2022 paullum
738 1977 1000 2023 processerant]
1033 1977 1133 2010 Haec
1166 1977 1295 2018 verba,
1326 1975 1464 2010 nonnisi

78 2037 148 2071 levi
182 2037 378 2081 scripturae
409 2038 642 2083 discrepantia
670 2040 708 2073 in
739 2039 837 2074 codd.
873 2037 1034 2072 omnibus
1065 2031 1222 2070 exhibita
1251 2037 1352 2081 (uam
1376 2048 1464 2071 unus

78 2089 185 2132 modo
208 2099 367 2142 alterque
390 2099 466 2133 cod.
489 2111 554 2144 pro
580 2112 641 2134 eae
664 2101 773 2134 habet
806 2111 849 2133 ea
864 2125 872 2141 ‚
905 2099 962 2132 vel
1000 2109 1058 2139 co,
1094 2098 1150 2130 vel
1173 2097 1279 2139 haec,
1304 2097 1359 2130 vel
1384 2099 1464 2138 hae,

77 2169 141 2202 pro
171 2159 329 2203 paullum
361 2164 478 2194 autem
510 2161 546 2194 in
581 2160 700 2205 paucis
731 2158 896 2203 scriptum
930 2163 982 2193 est
1005 2158 1166 2203 paullo),
1192 2157 1403 2191 Gerlachius
1427 2157 1465 2190 in

77 2219 132 2253 ed.
167 2219 302 2253 minore
331 2219 479 2255 mirifice
513 2222 690 2266 corrupit,
724 2226 860 2265 turpem
894 2219 1049 2264 glossam
1081 2229 1143 2262 pro
1171 2218 1330 2253 Sallustii
1357 2229 1462 2252 manu

77 2280 234 2322 habens,
266 2292 387 2315 veram
420 2286 536 2316 autem
572 2282 781 2326 scripturam
814 2281 966 2315 eiiciens.
1013 2279 1103 2314 Nam
1137 2289 1244 2323 quum
1278 2279 1312 2313 in
1337 2280 1463 2313 Franc.

80 2341 196 2375 Guelf.
231 2341 265 2375 3.
301 2341 357 2376 10.
393 2342 489 2377 Leid.
525 2344 565 2377 F.
600 2347 633 2378 et
664 2344 813 2388 Erlang.
846 2343 985 2387 legatur
1016 2352 1120 2386 quum
1144 2351 1207 2374 cae
1240 2352 1288 2374 ex
1317 2342 1463 2385 plano

77 2402 234 2445 paullum
256 2413 364 2446 proc„
395 2404 606 2438 Gerlachius
630 2417 671 2439 ex
692 2405 821 2449 plano,
854 2402 952 2436 cuius
984 2400 1124 2446 generis
1146 2401 1284 2446 glossae
1306 2399 1463 2434 innume-

80 2455 209 2495 rabiles
233 2461 268 2494 in
294 2461 381 2499 Sall.
406 2465 648 2507 reperiuntur,
674 2466 708 2499 in
732 2469 867 2499 textum
890 2462 1040 2506 recepit,
1065 2473 1128 2496 eae
1152 2462 1310 2506 paullum
1333 2460 1463 2495 omisit.

79 2521 179 2565 Quae
202 2522 291 2556 ratio
317 2528 353 2557 ut
376 2524 582 2559 auctoritate
603 2537 742 2569 prorsus
766 2528 882 2567 caret,
911 2523 960 2558 ita
983 2522 1189 2557 sententiam
1212 2521 1464 2556 alienissimam

78 2583 232 2626 praebet.
280 2583 371 2618 Nam
407 2596 477 2628 quo
509 2585 656 2620 consilio
692 2585 828 2620 Marius
862 2595 902 2618 er
931 2586 1036 2630 plano
1066 2583 1178 2628 potuit
1210 2579 1397 2627 procedere
1419 2583 1465 2616 ad

79 2644 283 2688 castellum,
317 2644 353 2679 in
386 2649 503 2679 monte
534 2639 639 2680 situm
670 2647 706 2680 in
742 2647 942 2680 immensum
974 2647 1088 2687 edito,
1121 2650 1156 2680 et
1182 2645 1228 2680 ad
1260 2645 1353 2689 quod
1377 2655 1465 2678 nnuc

80 2710 315 2750 perangustus
350 2705 490 2747 aditus,
522 2706 683 2750 utrinque
713 2708 890 2751 praecisus
913 2705 1070 2750 pateret?
1108 2705 1233 2741 vineas
1256 2710 1373 2740 autem
1396 2716 1464 2737 non

81 2771 123 2796 δι’
143 2765 273 2808 plano,
302 2766 362 2800 sed
391 2767 450 2801 illo
474 2767 547 2811 ipso
576 2767 700 2802 itinere
725 2772 876 2813 angusto
900 2772 934 2802 et
953 2772 1143 2813 praerupto
1167 2777 1244 2802 esse
1267 2769 1364 2801 actas
1386 2763 1464 2807 qui-
