1630 3034
0 0 43 148 ἔ
430 85 601 125 RERUM
630 85 693 124 At:
724 84 994 127 VERBomlu
1346 83 1395 124 15

0 181 275 240 ζ’-ΑηαουΙιιιΙιοι-ιιηι
310 197 444 229 formae.
479 197 502 230 l.
538 197 620 230 »4.6.
671 196 725 230 66.
742 196 775 230 2.
824 196 928 233 85,,2.
980 195 1084 229 sat.
1135 195 1189 229 90.
1214 196 1239 227 Ι.

0 253 241 294 gAnacquthum
273 263 335 284 non
363 263 434 285 cum
460 253 571 296 ellipsi
594 252 868 291 confundendum.
901 252 925 285 Ι.
963 252 1038 285 11⁶2.
1057 252 1087 283 3.

0 296 187 349 {Amphora
213 309 279 340 vim
304 310 443 341 orationi
470 310 636 348 conciliat,
671 309 707 342 C.
732 309 788 347 20.
808 309 839 341 4.
889 308 943 342 51.
964 308 1015 340 16.
1066 307 1088 340 Ι.
1125 307 1181 344 871,
1201 308 1253 339 30.

0 362 212 405 ·'.-1nastrophe
235 365 418 402 particulae
447 376 509 397 non
528 370 648 397 temere
667 365 881 397 admittenda.
917 364 952 397 G.
977 364 1004 398 1.
1028 363 1054 396 l.

6 408 210 461 'Anasernphe
235 421 419 462 particulae
435 421 490 453 ubi
509 422 607 454 iusta.
633 421 659 454 Ι.
682 421 757 456 113.
775 421 808 452 ⁸2.

25 477 210 516 Anastrophe
232 477 484 519 praepositionis
509 477 564 509 ubi
591 478 696 509 licita.
731 476 754 508 Ι.
778 476 851 509 101.
870 476 902 508 8.

25 532 209 573 Anastrophe
232 533 484 575 praepositionis
505 533 561 564 ubi
588 534 721 566 vitiosa.
758 531 791 564 C.
812 532 867 565 35.
889 532 917 564 1.

2 588 140 629 jAnceps
156 588 337 632 periculum
356 589 489 631 explic..
520 589 544 620 l.
573 589 627 621 38.
649 590 679 621 5.

24 644 128 675 Anima
147 645 281 676 diversa
305 644 345 676 ab
373 646 485 678 animo.
518 644 542 676 Ι.
562 644 595 679 2.
615 645 645 677 1.

24 701 145 732 Animus
169 710 253 733 voce
282 701 565 733 circumscribitur
590 701 784 734 subiectum.
814 701 913 734 1.39.
932 702 964 732 5.
1013 701 1068 735 81.
1097 702 1125 733 1.
1180 701 1253 735 110.
1274 704 1303 734 su.

25 757 159 788 Animum
196 758 349 789 advertere
376 757 514 799 aliquid.
547 756 573 788 Ι.
602 756 657 790 35,
683 757 713 788 8.
765 757 818 796 69.
848 757 876 789 1.

21 813 118 844 Animi
143 814 311 854 genitivus
335 813 584 857 perspicuitatis
611 822 731 845 caussa
756 813 900 847 additur.
943 813 978 845 C.
1008 813 1061 845 58.
1088 813 1120 847 2.
1171 813 1195 845 l.
1226 815 1257 845 4.
1278 815 1309 845 4.
1362 825 1390 844 m

113 870 205 900 animi
229 870 287 901 mei
309 871 453 901 ssntentia
479 868 619 901 formula
636 869 794 902 solennis.
827 868 851 900 l.
871 869 926 903 85.
948 868 1003 900 27.

22 926 122 956 Armiti
152 926 286 968 explic..
318 926 354 959 C.
392 926 444 958 19.
482 925 510 957 1.

22 982 94 1012 Ante
121 982 224 1013 verbo
249 991 320 1013 cum
345 992 419 1023 prae
436 982 610 1013 coniuncto
627 980 835 1013 abundanter
851 981 1008 1016 additum.
1048 980 1084 1012 C.
1116 980 1167 1013 18.
1199 980 1230 1011 t».
1281 981 1336 1013 32.
1367 981 1393 1012 l.

0 1038 94 1076 ‚Ante
118 1039 246 1077 aliquem
278 1048 342 1069 esse
367 1038 500 1080 explic..
528 1036 563 1069 C.
584 1037 639 1071 53,
663 1036 694 1069 3.
743 1036 769 1069 Ι.
798 1036 850 1070 10.
870 1036 901 1070 7.
953 1037 1005 1070 15.
1027 1036 1054 1068 l.

23 1093 96 1125 Ante
121 1094 208 1125 labor
234 1104 294 1125 non
321 1094 582 1134 coniungendum
610 1104 669 1136 per
695 1093 838 1135 hyphen.
872 1092 896 1124 l.
925 1092 979 1125 76.
1006 1093 1036 1124 5.

22 1149 95 1180 Ante
120 1149 312 1181 adverbium
338 1161 401 1181 non
427 1150 631 1182 intellectum
657 1149 942 1192 interpolationem
968 1150 1094 1189 genuit.
1125 1149 1148 1181 l.
1180 1148 1253 1181 106.
1272 1150 1303 1180 ἴ).

21 1206 94 1236 Ante
115 1206 190 1237 diem
278 1207 479 1238 Kalendarum
506 1206 570 1238 dici
596 1205 721 1247 nequit,
758 1204 794 1236 C.
821 1204 875 1243 30,
897 1205 925 1237 1.

0 1262 94 1292 -Ante
119 1266 152 1294 et
178 1266 277 1301 antea.
303 1262 327 1295 l.
359 1262 410 1296 11.
429 1262 460 1294 3.
514 1262 587 1294 108,
608 1261 638 1293 1.

23 1318 204 1358 Anteeapere
229 1320 303 1359 aliq.
330 1329 390 1349 rem
418 1319 616 1350 insolentius
640 1322 845 1361 usurpatum.
881 1318 916 1349 C.
939 1316 991 1350 13.
1014 1317 1046 1348 3.
1095 1316 1119 1348 l.
1146 1316 1201 1348 21.
1221 1317 1253 1349 3.

23 1374 172 1414 Anteserre
196 1375 292 1415 aliqd.
321 1376 425 1415 aliqua
451 1385 481 1405 re
505 1385 568 1405 non
594 1374 714 1406 falsum
735 1379 798 1406 cst.
828 1373 852 1405 l.
880 1373 933 1406 16.
960 1373 992 1405 3.

22 1431 185 1471 Antequam
219 1429 351 1463 diverso
374 1440 475 1463 sensu
493 1440 564 1462 cum
591 1430 771 1462 indicativo
788 1433 910 1462 etcum
939 1430 1148 1461 coniunctivo
1179 1430 1395 1461 construitur.

113 1486 149 1519 C.
177 1487 209 1520 4.
228 1488 258 1519 5.

23 1543 167 1584 Antiqnas
194 1543 350 1585 quomodo
377 1543 509 1576 diflerat
532 1553 552 1575 a
579 1547 673 1577 vetus.
703 1543 726 1575 l.
754 1541 808 1575 75.
825 1542 856 1574 8.

23 1599 167 1631 Antonius
190 1597 262 1642 (s.)
287 1600 427 1638 Hibricta,
454 1598 489 1631 C.
521 1599 576 1634 21.
595 1599 625 1631 3.

22 1655 135 1687 Anxius
158 1656 250 1687 vocis
275 1660 434 1698 potestas,
460 1655 485 1688 Ι.
514 1654 569 1694 65,
590 1654 621 1688 3.

21 1711 133 1742 Anxius
160 1721 223 1753 quo
249 1711 381 1744 differat
404 1711 444 1743 ab
472 1713 565 1742 animi
589 1721 709 1749 antius,
734 1710 758 1743 Ι.
787 1711 842 1745 55.
860 1711 891 1743 4.

27 1768 150 1808 Aperire
176 1768 198 1800 i.
223 1777 253 1809 q.
281 1767 431 1811 prodere,
463 1767 499 1799 C.
517 1767 573 1807 40,
588 1767 619 1799 6.
668 1767 692 1799 Ι.
726 1766 781 1800 33.
801 1766 832 1799 3.

23 1819 257 1865 Ἀποβάλλειν
275 1824 296 1856 i.
325 1833 355 1866 q.
382 1824 547 1862 amittere,
578 1823 604 1856 Ι.
632 1823 687 1862 31.
717 1821 770 1855 17.

22 1880 168 1921 Apollinis
194 1881 227 1913 in
251 1880 372 1923 templo
397 1884 534 1912 senatus
561 1879 702 1911 dabatur
727 1878 864 1910 ducibus
890 1878 931 1909 ad
956 1877 1080 1915 urbem.
1116 1877 1150 1909 C.
1187 1877 1242 1911 30.
1261 1879 1291 1910 4.

18 1927 174 1980 ἱἈπνορίιιι
197 1936 296 1968 animi
322 1945 476 1976 oxymoro
502 1935 683 1973 declarata.
715 1933 750 1966 C.
780 1933 833 1972 15,
854 1934 884 1966 4.

22 1993 179 2033 Appetlere
208 1992 363 2034 aliquem,
401 1991 424 2022 i.
464 1999 494 2032 q.
530 1990 682 2031 precibus
717 1990 821 2028 adire,
855 1989 878 2022 l.
910 1989 962 2024 14.
993 1989 1044 2022 17.
1096 1989 1150 2021 vel
1183 1989 1319 2030 alloqui.
1369 1989 1391 2020 Ι.

115 2047 192 2086 106,
211 2046 242 2080 1.

23 2104 167 2145 Appetere
192 2114 256 2136 non
281 2103 403 2136 dicitur
428 2103 468 2135 de
494 2099 634 2145 petendo
662 2102 795 2135 honore.
826 2101 851 2133 Ι.
879 2101 938 2140 63,
957 2101 988 2134 6.

24 2160 227 2202 appositionis
252 2161 339 2192 ratio
366 2161 398 2191 in
425 2159 562 2191 vocibus
586 2160 689 2199 pedes.
716 2168 818 2198 (φερε.
845 2156 880 2190 C.
909 2157 964 2198 59,
985 2157 1016 2190 1.

24 2216 228 2257 Appositionis
248 2216 335 2248 ratio
361 2216 393 2247 in
420 2208 564 2247 dictione
587 2215 696 2245 mutter
729 2215 841 2245 ancilla
867 2218 902 2246 et
924 2214 1101 2249 similibus,
1128 2213 1151 2246 l.
1177 2213 1231 2246 12.
1250 2215 1280 2244 5.

25 2272 179 2313 Appositio
204 2273 237 2304 in
262 2272 400 2304 vocibus
420 2282 493 2312 pars
511 2288 558 2294 —
573 2271 639 2309 alii,
670 2269 694 2302 Ι.
724 2269 777 2309 19,
798 2270 827 2302 1.
879 2269 955 2310 104,
974 2270 1005 2302 3.

24 2327 232 2369 Appositiones
256 2328 418 2360 interdum
445 2330 506 2358 non
536 2326 740 2360 intellectae,
774 2324 808 2358 C.
828 2325 911 2364 4,1.
960 2325 984 2358 Ι.
1017 2326 1071 2358 65.
1090 2326 1120 2358 4.

23 2383 226 2425 Appositionis
251 2383 386 2415 liberior
411 2383 524 2420 sonna,
557 2382 581 2415 Ι.
610 2381 686 2420 103.
706 2381 734 2414 1.

24 2439 252 2481 Apprehemtere
272 2443 306 2470 et
331 2438 577 2481 deprehendere
602 2436 750 2470 confusa.
779 2436 815 2469 C.
842 2437 896 2470 52.
916 2437 971 2469 25.

24 2495 114 2536 Aptus
140 2504 212 2526 cum
238 2494 399 2526 infinitivo
425 2495 582 2530 iunctum,
611 2493 634 2526 Ι.
660 2493 715 2531 46,
734 2494 763 2525 5.

24 2551 111 2592 Apud
138 2551 267 2591 aliquem
292 2561 339 2581 res
365 2554 419 2589 est,
446 2551 467 2582 i.
495 2559 525 2592 q.
553 2550 584 2582 in
605 2549 728 2591 aliquo.
761 2548 786 2581 l.
815 2548 890 2587 106,
917 2549 948 2580 6.

0 2607 134 2659 :Aquila
157 2605 265 2640 Marii.
303 2605 338 2638 C.
367 2605 420 2641 59.
439 2605 470 2637 3.
