1630 3034
168 189 252 230 196
550 184 597 226 C.
627 183 969 226 SALLUSTI
999 183 1224 227 CRISPI

134 302 388 346 2tefierent.
458 300 580 345 Dum
614 301 730 359 haec
765 301 941 345 Romae
976 306 1215 360 geruntur,
1263 300 1340 359 qui
1375 300 1419 345 in
1454 301 1554 346 Nu-

166 396 302 442 midia
347 396 488 440 relicti
545 412 573 442 a
626 398 783 443 Bestia
838 397 1035 441 exercitu
1091 403 1378 457 praeerant-,··
1416 398 1557 442 secuti

165 509 338 538 morem
377 494 670 554 ,imperatoris
723 495 812 552 sui,
868 495 1062 555 plurima
1110 499 1156 538 et
1199 494 1571 554 flagitiosissuma.

135 591 373 636 3facinora
400 590 564 636 fecere,
635 591 807 646 Fuere,
844 591 920 649 qui
955 605 1073 635 auro·
1100 591 1314 651 corrupti·
1334 591 1555 651 elephan-

134 691 240 733 4tos
274 687 522 749 Iugurthae
558 688 809 743 traderent3
847 688 918 732 alii
951 687 1169 749 perfugas
1205 688 1415 746 vendere,
1451 704 1555 749 pars

167 855 249 878 nam
272 854 446 878 arcessere
477 843 514 877 in
548 842 610 882 tali
644 855 683 877 re
707 843 916 877 vocabulum
939 844 1079 877 solenne
1101 845 1164 880 est.
1211 843 1309 877 Idem
1332 843 1404 877 iam
1428 846 1557 878 statne-

167 908 248 939 runt
270 908 404 938 veteres
429 903 675 945 Grammaiici,
700 903 838 940 charis.
861 905 888 938 1.
913 915 946 947 p.
965 904 1044 938 227.
1070 908 1104 938 et
1127 902 1287 937 Diomed.
1312 904 1338 937 1.
1373 916 1404 948 p.
1429 903 1510 937 3¹15.

259 967 292 1008 ἓ.
316 965 350 999 2.
398 963 566 1006 exercitu]
591 965 764 999 lta'solus
788 965 896 999 Acad.
921 976 943 998 a
966 976 1013 999 m.
1039 973 1113 1009 pn}
1138 964 1261 998 relicui
1286 965 1429 1010 vulgari
1447 964 1557 998 'modo

167 1027 332 1062 exercitui
353 1030 480 1060 tenent.
506 1025 593 1059 Vide
615 1026 661 1060 ad
684 1038 714 1059 c.
739 1025 808 1068 vl,
834 1025 868 1062 1.
893 1045 936 1051 —
957 1026 1024 1060 'Sui
1047 1030 1126 1071 post
1149 1027 1380 1071 imperatorie,
1405 1025 1497 1069 quod
1522 1025 1557 1058 in

165 1088 286 1132 paucis
308 1088 406 1121 codd.
430 1087 550 1120 locum
575 1089 700 1128 mutat,
725 1097 747 1121 a
767 1080 892 1120 Coi-tio>
909 1086 1062 1120 eiectum
1086 1091 1147 1122 est.
1169 1087 1316 1121 Retinet
1335 1086 1556 1128 Gerlaehius,

167 1151 227 1184 sed
251 1160 342 1193 quae
365 1147 439 1181 eius
463 1147 516 1181 vis
540 1148 585 1182 sit
608 1147 726 1181 'verbis
750 1147 919 1191 explicari
943 1158 1041 1191 posse
1063 1143 1181 1193 negat.
1227 1147 1336 1182 Nobis
1357 1146 1559 1191 pronomine

166 1211 306 1245 videtur
325 1208 444 1252 aliqua
467 1220 589 1243 eorum
613 1208 673 1252 qui
698 1207 914 1251 deliquerant
937 1209 1114 1243 excusatio
1137 1207 1326 1248 eontineri3
1350 1208 1476 1251 quippe
1501 1209 1558 1242 tu-

167 1277 219 1307 tos
251 1283 289 1305 se
319 1271 489 1315 putabant
520 1281 586 1303 non
621 1274 694 1303 tam
725 1281 788 1310 eo,
826 1269 916 1312 quod
941 1270 1083 1303 omnino
1109 1269 1236 1313 aliquis
1259 1269 1450 1313 imperator
1473 1267 1559 1303 talia

165 1333 326 1374 fecisset,
362 1342 468 1376 quam
500 1331 592 1373 quod
626 1330 676 1372 is,
709 1329 764 1364 cui
790 1340 913 1374 parere
937 1329 1131 1374 debebant,
1164 1329 1331 1374 cuiusque
1360 1329 1556 1374 exemplum

167 1393 251 1438 ipsis
282 1397 447 1435 tanquam
478 1401 603 1425 norma
635 1391 845 1426 imitandum
879 1391 1080 1433 videbatur,
1121 1391 1214 1435 quod
1254 1391 1446 1435 imperator
1477 1398 1557 1425 suus

166 1455 288 1489 eadem
311 1450 552 1486 commisisset.
580 1472 627 1477 ——
660 1453 707 1487 Et
738 1456 819 1487 ante
846 1452 1139 1497 flagitiosissuma
1174 1451 1225 1486 ita
1256 1453 1406 1496 positum
1437 1456 1490 1486 est
1521 1456 1560 1485 ut

167 1521 407 1560 antegressum
431 1517 623 1558 exaggeret
645 1518 680 1547 et
705 1525 785 1547 cum
810 1512 847 1546 vi
877 1513 1088 1557 amplificet,
1122 1513 1215 1546 idem
1250 1513 1324 1546 fere
1357 1506 1558 1556 significans

167 1581 272 1620 atque
294 1580 327 1609 et
352 1574 502 1619 quidem,
527 1574 570 1607 (le
592 1585 661 1617 quo
684 1586 747 1608 usu
771 1574 843 1607 iam
869 1573 1018 1607 diximus
1047 1574 1090 1607 ad
1115 1585 1147 1606 c.
1164 1573 1254 1614 xlv,
1272 1571 1329 1607 25.
1354 1568 1482 1614 xxxi,
1500 1571 1556 1606 18.

167 1649 200 1671 v.
226 1637 333 1671 etiam
358 1639 478 1668 notata
500 1634 544 1668 ad
569 1646 598 1667 c.
624 1634 796 1675 LXXXV,
820 1634 854 1667 3.
879 1638 913 1668 et
937 1634 980 1668 ad
1005 1633 1079 1674 cll,
1105 1632 1161 1667 10.
1187 1633 1269 1666 coll.
1294 1634 1490 1667 Goerenzio
1512 1634 1556 1667 ad

167 1699 240 1733 Cic.
267 1697 398 1732 Acadd.
427 1696 482 1738 ll,
507 1696 577 1738 33,
603 1695 681 1729 105.
721 1698 755 1727 et
778 1694 968 1727 Kuehnero
993 1694 1035 1727 ad
1059 1694 1185 1727 Tusce.
1211 1693 1280 1734 ΙΙΙ,
1306 1693 1374 1736 2⁰,
1398 1692 1456 1727 48.
1483 1693 1556 1727 biv.

169 1760 308 1801 xxm,
333 1758 401 1800 43,
426 1756 482 1791 12.
516 1775 560 1780 —
597 1754 902 1801 Flagitiosissuma
930 1755 1097 1797 facinora
1128 1754 1378 1798 explicavimus
1411 1755 1455 1788 ad
1480 1755 1556 1789 Cat.

167 1820 246 1855 xlv
261 1847 269 1863 ‚
295 1820 329 1853 1.

258 1882 291 1923 5.
316 1879 350 1914 3.
375 1883 410 1913 et
433 1877 465 1913 4.
499 1878 562 1910 alii
582 1879 755 1923 perfugas
772 1877 934 1921 vendere]
962 1876 1060 1911 Libri
1085 1877 1157 1910 fere
1179 1887 1298 1910 omnes
1323 1877 1452 1910 habent
1474 1888 1557 1910 ven-

168 1943 315 1982 derent5
351 1952 441 1974 unus
466 1939 596 1973 Wassii
623 1939 732 1973 Laud.
757 1939 791 1972 2.
815 1939 982 1979 vendere,
1014 1943 1053 1972 ut
1077 1938 1215 1972 Cortius
1240 1950 1282 1971 ex
1307 1937 1450 1971 Gruteri
1475 1948 1556 1970 con-

167 2003 301 2036 iectura
336 2006 429 2034 recte
462 2000 498 2034 in
528 2005 660 2034 textum
694 1999 845 2043 recepit3
883 2010 963 2033 nam
988 2005 1129 2043 propter
1153 2000 1216 2033 alii
1241 2017 1284 2024 —
1307 2010 1388 2042 pars
1412 1998 1556 2031 coniun-

170 2064 283 2099 ctivus
306 2063 401 2096 nullo
427 2066 528 2105 pacto
552 2061 637 2094 ferri
669 2066 791 2105 potest.
838 2061 908 2095 Pro
943 2062 1101 2105 agebant
1133 2066 1248 2094 autem
1283 2060 1358 2092 cod.
1387 2059 1556 2104 Bongare.

168 2125 277 2159 Acad.
315 2125 440 2157 Heuss.
476 2123 557 2158 Sen.
581 2123 616 2156 2.
650 2124 752 2156 Rem.
788 2122 820 2155 1.
854 2121 948 2155 [aeid.
977 2122 1036 2163 L.‚
1070 2121 1209 2155 Fabric.
1235 2121 1267 2154 l.
1301 2120 1485 2154 Einsiedel.
1516 2130 1557 2154 ac

170 2186 288 2220 Guelf,
312 2185 346 2218 2.
383 2195 430 2217 m.
456 2195 508 2227 pr.
541 2184 722 2217 ostendunt
745 2189 914 2228 agerent,
950 2182 1078 2216 Wassii
1104 2183 1212 2216 Laud.
1236 2182 1270 2215 2.
1305 2193 1433 2227 agere,
1467 2192 1558 2225 qaue

170 2245 289 2280 omnia
324 2245 403 2279 inde
436 2247 517 2278 nata
550 2250 648 2286 sunt,
684 2244 775 2288 quod
809 2244 944 2278 scribae
969 2242 1140 2277 variatam
1164 2242 1358 2276 orationem
1383 2243 1427 2277 ad
1451 2253 1556 2276 unam

169 2309 365 2340 structurae
389 2305 558 2339 rationem
583 2316 749 2340 revocure
771 2305 987 2338 studuerunt.
1037 2303 1105 2337 Sed
1137 2303 1227 2337 nihil
1261 2304 1474 2348 frequentius
1507 2309 1558 2338 est

169 2367 261 2411 apud
292 2367 522 2409 Sallustium,
556 2377 661 2410 quam
697 2366 733 2400 iu
766 2366 889 2400 eadem
921 2364 1161 2399 enunciatioue
1192 2357 1405 2399 infinitivum
1432 2364 1556 2399 histor.

170 2438 250 2460 cum
276 2427 482 2470 imperfecto
507 2428 651 2468 sociari3
677 2428 723 2460 cf.
748 2428 792 2460 ad
817 2427 921 2461 Catil.
938 2428 1028 2468 xvi,
1051 2427 1085 2460 2.
1112 2427 1185 2467 Lx,
1210 2427 1244 2460 4.
1271 2427 1314 2460 ad
1338 2427 1415 2471 lug.
1430 2425 1505 2467 XV,
1520 2424 1554 2458 2.

170 2487 288 2530 Quare
320 2499 387 2521 non
421 2488 573 2522 dubitari
603 2492 717 2532 potest
740 2488 824 2532 quin
847 2487 986 2522 Cottius
1016 2482 1147 2521 verum*
1163 2498 1305 2522 manum
1330 2484 1481 2521 auctoris
1500 2495 1555 2518 re-

172 2548 330 2582 stituerit.
358 2550 472 2583 Multo
492 2550 666 2584 infelicius
681 2549 831 2584 editores
854 2549 953 2592 Bipp.
976 2549 1135 2590 candere,
1160 2554 1200 2582 et
1224 2559 1308 2592 pars
1322 2552 1387 2581 etc.
1407 2545 1554 2588 scripse-

171 2614 271 2649 runt,
310 2609 442 2644 scilicet
476 2616 634 2654 putantes
668 2611 855 2645 venderent
887 2620 954 2643 non
978 2621 1020 2643 ex
1045 2609 1309 2654 interpolatione
1331 2612 1447 2641 ortum
1468 2617 1555 2647 esse,

173 2675 210 2704 ut
238 2682 290 2703 res
313 2670 441 2714 habet,
465 2673 522 2705 sed
548 2683 630 2706 casu
654 2684 695 2705 ex
721 2672 869 2705 vendere
893 2676 927 2705 ct
953 2670 987 2704 in
1011 2682 1118 2705 unum
1143 2682 1217 2704 esse
1238 2669 1438 2708 conflatum,
1463 2668 1554 2711 quod

172 2732 303 2765 abusu
329 2733 393 2765 alii
418 2752 455 2756 —
477 2744 560 2776 pars
593 2744 718 2766 vocum
754 2733 855 2776 plane
889 2732 1065 2765 abhorret.
1114 2731 1212 2771 Alia,
1249 2729 1307 2762 sod
1343 2739 1410 2762 non
1442 2729 1556 2772 inagis

172 2794 262 2827 bonu
292 2793 490 2828 coniectura
522 2793 636 2828 locum
667 2793 813 2829 tentavit
837 2793 1016 2835 Ιίωιᾱίιιε,
1048 2793 1083 2826 in
1108 2791 1199 2826 libro
1220 2791 1262 2824 do
1287 2790 1433 2825 l’articc.
1465 2790 1554 2823 hau.
