1630 3034
443 137 800 200 IUGURTHA.
862 151 1191 201 GA·1‘.XX1V.
1435 138 1517 204 '145

136 262 265 320 simul
312 269 778 318 amicitiam'v‘o‘stram
822 272 867 317 e't
907 251 1097 334 reginum
1133 258 1283 318 meum
1321 255 1518 334 sperare.

131 371 296 416 Utrum
332 369 510 431 gravius
543 362 774 413 e'idstumet
806 371 970 413 nemini
1006 356 1230 414 occultum
1268 356 1522 417 ests'Nam

130 499 248 539 ctione
266 505 368 559 pleno
400 506 503 539 modo
515 492 710 550 loquuntur
734 496 943 546 scriptores,
968 488 1064 537 velut
1084 505 1167 538 Ter.
1188 506 1331 539 Phorm.
1349 490 1389 547 V,
1407 507 1442 548 7,
1462 507 1520 558 60,

131 562 170 599 C.
203 578 267 610 quo
293 571 396 610 pacto
427 571 489 600 aut
510 565 599 598 unde
624 563 706 597 haec
731 564 785 597 kin
806 563 964 597 rescivit?
991 566 1031 597 D
1062 566 1241 605 nescio5
1266 568 1332 600 m'si
1364 580 1425 600 me
1449 569 1521 602 di-

129 627 252 668 :risse
280 627 433 668 nemini,
460 627 496 659 id
520 631 611 659 certo
634 623 751 663 scio,
778 624 867 666 quod
896 628 1029 666 poterat
1051 637 1150 657 sensu
1173 637 1238 658 non
1261 631 1393 659 mutato
1413 628 1520 661 etiam

127 682 178 719 it'a
204 685 350 719 efferre:
377 688 471 720 nisi
501 676 637 720 nemini'
661 684 769 718 disi.
795 684 866 717 Cic.
899 696 931 727 p.
948 684 1054 719 Rosc.
1083 685 1160 718 Am.
1194 697 1223 718 c.
1245 686 1306 729 35,
1332 686 1387 720 99.
1430 688 1521 730 Quid

129 751 226 787 erat,
262 747 354 790 quod
384 746 584 790 Capitonem
610 746 759 788 primum
791 747 876 778 scire
903 744 1081 779 voluerit?
1118 745 1206 779 Nes
1220 748 1308 787 cio;
1334 749 1420 782 nisi
1451 749 1514 782 hoc

126 807 280 847 video,
309 807 508 851 Capitonem
526 807 561 839 in
579 806 632 838 his
659 807 752 839 bonis
772 818 867 840 csse
892 807 1079 846 socium,
1104 817 1166 849 pro
1199 817 1267 848 quo
1294 806 1433 841 brevius
1466 808 1520 842 di-

92 872 95 885 *
127 877 207 900 cere
239 867 387 901 licebat:
410 868 502 900 nisi
530 865 654 909 Capito
683 872 749 900 est
774 868 953 907 socius5
978 867 1081 909 plane
1105 872 1143 899 ut
1174 866 1258 900 San.
1279 867 1354 911 Ing.
1378 868 1518 912 Lxxu,

125 925 160 961 3.
187 926 292 960 dixit:
313 947 356 951 -—
383 939 510 971 parum
538 927 786 969 comperimus3
814 929 905 961 nisi
941 927 1171 970 improbus
1203 928 1408 962 videtur.
1443 929 1515 962 Cic.

94 979 212 1030 Ἐῐιμ
234 987 275 1020 ad
300 988 439 1021 Famm.
470 988 576 1027 xm,
603 985 666 1027 73,
699 987 733 1020 2.
768 990 953 1031 Antipatro
980 993 1013 1021 te
1043 988 1259 1020 vehementer
1287 991 1516 1023 succensuisse

126 1048 266 1088 audivi,
304 1053 337 1081 et
369 1049 508 1081 moleste
536 1047 610 1080 tuti.
659 1047 710 1081 De
737 1060 773 1082 re
797 1049 885 1081 nihil
917 1045 1053 1090 possur'n
1088 1048 1269 1089 iudicare,
1301 1049 1392 1081 nisi
1429 1051 1516 1088 illud

126 1108 212 1140 mihi
240 1113 330 1140 certe
354 1108 633 1151 persuadeo,
657 1111 700 1141 te
736 1109 860 1141 nihil
896 1113 1070 1142 temere
1100 1109 1299 1150 secisse,
1334 1109 1424 1151 quod
1455 1121 1516 1152 per

126 1168 371 1201 attractionem
389 1173 422 1201 et
442 1166 578 1209 ellipsin
595 1166 724 1199 elatum
746 1166 816 1199 tale
835 1166 942 1199 foret:
965 1167 1052 1200 mihi
1079 1173 1115 1200 tu
1146 1173 1238 1202 certe
1265 1169 1354 1202 nihil
1387 1175 1514 1205 temere

122 1228 253 1270 fecisti.
304 1227 371 1261 Sed
392 1233 430 1261 ut
447 1227 517 1260 iam
539 1227 582 1260 ad
610 1231 766 1259 nostrum
797 1231 1012 1259 rerertamur
1045 1228 1186 1269 locum,
1211 1230 1279 1262 nisi
1304 1234 1421 1262 tamen
1444 1242 1514 1264 nou

125 1292 277 1330 spectat,
303 1293 341 1322 ut
372 1288 443 1321 iam
468 1287 686 1327 monuimus,
711 1287 753 1319 ad
785 1287 941 1329 proxime
959 1299 1165 1332 praegressa
1190 1294 1225 1323 et
1245 1290 1315 1323 iam
1345 1296 1450 1324 autea
1466 1309 1513 1316 —-

126 1349 259 1381 miseris
278 1359 372 1389 esse,
396 1348 525 1391 quippe
545 1358 636 1390 quae
663 1347 905 1390 explicationis
924 1358 1045 1382 caussa
1065 1349 1183 1383 addita
1209 1350 1452 1383 secundarium
1476 1350 1513 1384 iu

126 1409 294 1442 sententia
315 1409 430 1442 locum
456 1409 631 1448 habeant,
657 1408 717 1440 sed
737 1408 780 1440 ad
804 1408 909 1440 verba
923 1410 1026 1451 plura
1049 1411 1194 1443 scribere
1215 1410 1419 1443 dehortatur
1446 1423 1512 1452 me,

126 1469 216 1502 unde
241 1469 454 1514 cogitatione
482 1467 727 1501 assumendum
758 1471 809 1500 est
836 1469 904 1500 nisi
928 1473 1046 1502 tamen
1073 1471 1150 1503 hoc
1178 1470 1296 1503 scrib
1309 1481 1382 1503 ere
1408 1472 1513 1514 pla-

126 1535 215 1571 cet,
249 1542 303 1564 me
335 1530 532 1572 intelligere
563 1532 626 1560 etc.
664 1527 790 1560 Sensus
813 1533 864 1561 est
890 1528 1016 1571 igitur:
1051 1531 1092 1563 de
1120 1531 1198 1575 lug.
1221 1531 1327 1574 plura
1360 1531 1512 1564 scribere

122 1591 200 1623 nolo
230 1592 324 1632 (nam
355 1588 491 1623 miseris
519 1589 615 1621 nulla
645 1588 770 1631 fides);
806 1588 866 1620 hoc
886 1600 989 1622 unum
1016 1591 1145 1624 addere
1162 1593 1296 1635 placet,
1325 1591 1413 1623 mihi
1435 1603 1512 1634 per-

122 1661 261 1683 suasum
283 1662 368 1691 esse,
397 1649 497 1682 illum
522 1653 587 1682 ete.
615 1649 748 1686 Tamen
781 1649 938 1682 additum
962 1659 1036 1680 rem
1062 1659 1128 1680 non
1152 1654 1288 1690 mutat3
1313 1661 1379 1683 non
1404 1651 1512 1684 aliam

123 1710 215 1743 enim
251 1711 322 1743 vim
353 1711 481 1752 habet,
504 1720 609 1753 quam
633 1712 671 1742 ut
695 1709 742 1751 id,
777 1710 868 1752 quod
894 1709 961 1742 nisi
986 1708 1162 1751 particula
1187 1716 1368 1752 exceptum
1395 1715 1446 1745 est
1470 1722 1513 1745 ex

122 1775 202 1805 ante
226 1771 347 1814 dictis,
371 1771 518 1816 gravius
542 1770 676 1803 efferat.
726 1770 846 1812 Quare
869 1768 1064 1810 omittitur,
1099 1768 1158 1802 ubi
1184 1770 1357 1814 oppositio
1399 1772 1512 1806 levior

121 1834 184 1864 est.
232 1831 393 1865 Ceterum
428 1830 628 1864 Manutium
644 1854 653 1871 ‚
689 1829 757 1862 nisi
780 1828 814 1862 in
839 1829 905 1862 tali
928 1840 1018 1863 nexu
1043 1829 1248 1872 simpliciter
1272 1842 1335 1873 pro
1358 1832 1418 1864 sed
1442 1843 1510 1875 po-

121 1891 228 1925 situm
251 1903 326 1925 esse
357 1896 589 1931 statuentem,
623 1901 739 1933 presse
761 1879 952 1932 sequuntur
977 1891 1143 1923 vffl-hner.
1175 1891 1391 1924 Hellenolex.
1413 1892 1454 1924 ll.
1479 1904 1514 1936 c,¹

121 1940 163 1984 3]
182 1963 226 1994 p.-
242 1951 321 1986 425.
345 1953 399 1986 ed.
425 1943 533 1985 Hesio.
560 1951 744 1985 Ruhnken.
773 1949 819 1982 ad
843 1949 926 1982 Ter.
952 1951 1056 1983 Andr.
1080 1951 1148 1991 lv,
1171 1951 1214 1992 l,
1251 1949 1307 1983 40.
1336 1951 1510 1984 Drakenb.

121 2010 165 2043 ad
191 2010 266 2043 Liv.
293 2012 406 2044 XXIV
421 2037 430 2053 ‚
455 2012 521 2053 20,
548 2011 603 2044 10.
631 2009 833 2052 Enipticam
858 2008 961 2041 huius
984 2009 1118 2042 dicendi
1142 2009 1280 2053 generis
1304 2021 1379 2043 esse
1401 2009 1527 2053 ratio-¹

122 2079 202 2102 nem
226 2070 319 2103 solus
342 2071 488 2114 agnovit
512 2071 629 2104 Faber
659 2069 703 2103 ad
734 2069 770 2102 11.
796 2069 819 2102 Ι.
852 2073 886 2101 et
910 2069 955 2101 G.
995 2069 1127 2103 Ludov.
1162 2069 1299 2103 W'alch.
1323 2070 1367 2104 ad
1395 2070 1510 2121 Tacit.

123 2128 242 2173 Agr-ic.
268 2140 297 2164 c.
326 2131 380 2164 Vl.
404 2142 438 2174 p.
464 2130 544 2164 154.
570 2131 677 2163 Plura
704 2129 860 2162 dicemus
884 2128 927 2161 ad
948 2128 1024 2172 lug.
1050 2140 1082 2161 c.
1107 2128 1158 2169 C,
1183 2127 1218 2163 5.

215 2245 322 2279 supra
351 2247 454 2279 quam
484 2248 552 2281 ego
581 2248 655 2270 sum
673 2234 807 2280 petere]
833 2235 932 2268 Haec
955 2233 1037 2278 quid
1061 2233 1256 2279 significent
1278 2247 1348 2269 non
1372 2239 1422 2270 est
1444 2236 1510 2269 ob·

122 2306 283 2336 scurum3
317 2300 407 2330 tecte
439 2296 532 2330 enim
564 2296 713 2330 ostendit
742 2295 921 2329 Adherbal
954 2295 1183 2338 Iugurtham,
1227 2295 1303 2339 ipso
1345 2305 1511 2338 oppresso

123 2366 191 2389 non
225 2360 445 2399 contentum,
482 2357 569 2392 adeo
602 2355 773 2391 Romanis
810 2355 941 2389 bellum
966 2366 1090 2399 parare
1113 2366 1302 2399 eorumque
1324 2354 1510 2398 imperium

122 2420 364 2458 contemnere,
388 2416 424 2450 id
448 2417 539 2461 quod
562 2417 784 2461 sequentibus
807 2415 1002 2449 accuratius
1027 2416 1191 2451 declarat.
1239 2415 1307 2448 Sed
1331 2425 1509 2458 gramma-

122 2475 226 2510 ticam
250 2487 357 2520 3upra
382 2475 476 2510 vocis
499 2476 670 2511 rationem
694 2476 815 2520 intprr.
840 2487 907 2509 non
928 2477 1012 2510 satis
1035 2476 1183 2511 assecuti
1207 2480 1296 2509 sunt.
1323 2474 1376 2507 Ad
1404 2485 1510 2507 unum

122 2547 242 2570 omnes
277 2536 370 2569 enim
407 2543 594 2581 praeeunte
627 2537 745 2571 Cottio
777 2537 813 2570 in
838 2538 996 2570 Excursu
1019 2537 1080 2571 111.
1103 2549 1138 2581 p.
1167 2535 1248 2571 925.
1272 2546 1378 2578 supra
1403 2533 1512 2577 expli-

122 2600 203 2630 cant
232 2597 420 2641 aliquid
454 2598 570 2642 quod
601 2609 708 2642 supra
738 2609 792 2632 me
819 2603 908 2639 est,
940 2597 1161 2631 alienissimis
1184 2593 1352 2638 exemplis
1376 2593 1452 2633 usi,
1475 2596 1513 2627 ut

124 2657 360 2691 demonstrent
383 2668 492 2702 supra
516 2658 680 2692 adiecti-i
702 2659 779 2692 loco
803 2658 954 2702 positum
979 2670 1061 2691 esse.
1087 2658 1154 2692 Sed
1178 2667 1284 2700 supra
1309 2653 1512 2688 adverbium

123 2721 196 2759 cst,
229 2721 268 2752 ut
302 2718 513 2753 ostendimus
545 2719 588 2752 ad
611 2730 642 2751 c.
671 2718 720 2759 V,
742 2718 800 2759 3.;
826 2717 934 2762 igitur
958 2729 1037 2751 cum
1067 2723 1187 2762 petere
1218 2715 1438 2750 coniunctum
1467 2713 1513 2746 si—

197 2788 250 2831 11.
1181 2789 1246 2831 10
