1630 3034
456 208 824 252 IUGURTHA.
883 209 1006 252 CAP.
1028 209 1190 252 LXXI.
1419 214 1504 255 379

121 325 354 370 suetudine
388 331 509 370 ratus
544 341 684 386 opera
714 331 788 369 aut
821 326 1000 386 ingenio
1035 342 1115 371 suo
1151 342 1265 386 opus
1302 342 1422 383 esse,
1457 327 1502 371 in

119 422 454 467 tabernaculum
493 422 679 479 introiit,
723 422 970 466 dormiente
1015 423 1090 467 illo
1134 424 1389 483 epistolam,
1425 440 1503 468 su-

119 534 204 579 per
239 526 374 579 caput
407 520 451 563 in
485 519 667 579 pulvino
702 523 869 562 temere
898 520 1101 578 positam,
1136 521 1268 564 sumit
1303 537 1356 565 ac
1391 537 1498 582 per—

120 616 244 675 legit,
280 616 382 660 dein
414 631 633 675 propere,
668 615 856 674 cognitis
896 615 1074 672 insidiis,
1111 616 1169 659 ad
1200 632 1358 677 regem
1390 634 1499 678 per-

118 712 196 771 git.
268 713 495 756 Nabdalsa
533 717 638 770 post
680 711 835 770 paullo
879 719 1195 772 experrectus,
1240 715 1317 757 ubi
1351 721 1534 773 neque5

120 809 352 868 epistolam
400 809 588 868 reperit,
639 814 684 852 et
727 823 823 852 rem
877 823 1078 865 omnem,
1134 810 1197 853 uti
1234 816 1334 854 acta
1385 819 1500 868 erat,

119 905 362 964 cognovit,
413 907 561 966 primo
613 904 808 948 indicem
854 905 1067 964 persequi
1119 913 1327 962 conatus,
1372 915 1501 968 post-

211 1038 244 1080 §.
267 1037 383 1073 2—4.
430 1049 578 1083 aegrum
611 1037 788 1082 animum]
821 1037 844 1071 i.
871 1049 901 1071 e.
931 1037 1024 1071 euris
1059 1040 1224 1072 vexatum
1247 1041 1281 1072 et
1305 1039 1500 1084 agitatum3

118 1096 164 1131 cf.
195 1097 392 1132 Doederlin.
425 1098 620 1144 Synonym.
655 1098 744 1134 Latt.
769 1098 846 1131 Vol.
877 1098 935 1131 IV.
968 1109 1001 1141 p.
1025 1097 1105 1131 172.
1129 1119 1175 1124 —
1207 1098 1259 1132 Ad
1283 1101 1374 1144 cepit
1395 1101 1503 1136 facile

115 1157 292 1202 supplebis
314 1171 389 1193 eum
402 1171 415 1200 ,·
437 1170 472 1194 v,
497 1159 540 1193 ad
561 1170 591 1195 c.
617 1159 738 1199 xm‘l,
761 1157 805 1198 83
830 1169 940 1202 neque
962 1162 1078 1192 tamen
1105 1170 1294 1201 pronomen
1318 1171 1361 1193 ex
1384 1162 1503 1196 verbis

117 1230 265 1264 aegrum
292 1221 445 1254 animum
479 1220 621 1261 elicias,
656 1223 695 1253 ut
728 1218 882 1264 Langius
914 1220 1010 1262 vult,
1043 1219 1102 1253 sed
1127 1231 1170 1252 ex
1193 1220 1399 1264 quiescebat.
1447 1223 1502 1256 Ad

118 1280 230 1314 verba
248 1292 396 1326 aegrum
422 1282 576 1316 animum
599 1291 683 1315 vero
715 1290 756 1313 ex
787 1279 944 1323 sequenti
967 1280 1058 1324 cepit
1081 1280 1200 1314 trahes
1224 1292 1370 1325 capere‚·
1401 1283 1446 1318 cf.
1471 1295 1501 1317 c.

120 1341 252 1384 xmx,
276 1341 310 1375 2.
342 1343 486 1387 Fragm.
524 1341 675 1375 Historr.
700 1340 771 1373 Ine.
801 1340 868 1382 1⁴1,
899 1339 932 1372 4.
983 1340 1051 1381 Qui
1083 1340 1231 1384 lingua,
1269 1343 1329 1387 qui
1359 1345 1501 1378 consilio

117 1413 214 1444 meo,
241 1404 300 1447 qui
320 1404 467 1447 pecunia
491 1403 595 1435 volu
610 1413 703 1443 ere,
736 1401 809 1434 usi
832 1406 931 1442 sunt,
965 1400 1026 1434 ubi
1051 1400 1093 1433 ad
1118 1401 1256 1436 voluere
1280 1415 1320 1437 ex
1345 1405 1500 1448 sequenti

118 1463 227 1496 verbo
261 1463 458 1497 addendum
491 1467 543 1496 est
573 1463 636 1496 uti.
662 1480 707 1486 —
742 1461 965 1494 Consiliorum
1005 1462 1272 1506 particepS,
1307 1464 1353 1497 cf.
1399 1465 1501 1499 Catil.

120 1523 227 1564 ΧΠΙ,
251 1522 285 1556 5.
313 1524 431 1558 lustin.
455 1525 483 1566 Ι,
507 1523 540 1566 4,
564 1523 599 1558 6.
634 1522 777 1556 sueton.
813 1522 943 1557 Othou.
978 1533 1009 1555 e.
1032 1522 1100 1563 111,
1125 1521 1172 1555 in.
1203 1522 1294 1555 Plin.
1318 1523 1365 1556 Η.
1390 1524 1433 1558 Ν.
1456 1525 1500 1566 11,

119 1582 176 1616 12.
199 1583 310 1616 cnm.
334 1603 380 1608 —
405 1584 488 1618 Post
512 1584 648 1618 audiuit
670 1583 764 1615 haud
789 1581 891 1626 pauci
916 1582 1014 1615 codd.
1042 1587 1076 1616 et
1098 1581 1272 1624 inserunt,
1308 1595 1377 1627 quo
1401 1585 1502 1619 miri-

119 1643 185 1677 fiee
220 1645 363 1689 languet
387 1642 516 1683 oratio,
549 1642 790 1676 enunciatione
812 1642 1034 1684 secundaria,
1068 1654 1138 1686 qua
1161 1654 1284 1677 caussa
1307 1645 1503 1680 continetur

118 1703 192 1737 eius
224 1703 296 1744 rei,
325 1715 414 1747 quae
443 1703 479 1737 in
512 1703 654 1746 apodosi
685 1703 850 1745 affertur,
890 1703 933 1737 ad
967 1702 1121 1747 protasin
1154 1703 1327 1738 adiuncta.
1384 1707 1504 1750 Quare

118 1775 199 1797 cum
223 1764 342 1798 Cortio
366 1763 528 1797 meliores
553 1764 659 1797 libros
683 1764 789 1797 secuti
814 1775 955 1807 snmus,
987 1763 1047 1808 qui
1079 1765 1244 1808 copulam
1267 1776 1335 1799 non
1357 1766 1501 1812 habent,

118 1824 169 1859 ita
200 1829 238 1859 ut
269 1830 368 1859 ratus
399 1823 622 1868 participium
656 1824 712 1859 sit.
757 1824 965 1858 Gerlachius
988 1836 1073 1859 vero
1107 1830 1140 1859 et
1164 1825 1200 1858 in
1223 1830 1318 1860 textu
1338 1828 1392 1862 ed.
1416 1829 1500 1862 mai.

119 1897 317 1929 expressum
351 1885 386 1919 in
411 1885 618 1918 Commentt.
651 1897 685 1929 p.
709 1884 789 1919 309.
811 1885 1009 1929 improbat,
1042 1897 1084 1919 ac
1115 1897 1253 1927 rursus,
1285 1899 1350 1930 pro
1382 1888 1502 1922 incon-

119 1946 247 1980 stantia
271 1957 352 1988 sua,
377 1946 412 1979 in
438 1946 492 1980 ed.
514 1946 648 1980 minore
670 1945 705 1979 in
730 1945 882 1979 auctoris
905 1945 1014 1978 verba
1038 1944 1165 1978 intulit.
1181 1962 1227 1970 —
1247 1946 1392 1991 Ingenio
1417 1948 1441 1982 i.
1466 1961 1498 1984 e.

120 2006 290 2047 consili03
320 2007 389 2040 hoc
415 2006 525 2051 igitur
556 2006 600 2039 de
630 2007 734 2040 rebus
766 2005 1000 2040 consultandis
1024 2031 1033 2044 ‚
1066 2016 1172 2049 opera
1203 2005 1246 2039 de
1279 2008 1503 2052 exsequendis

120 2069 155 2099 et
185 2066 345 2110 gerendis
377 2066 640 2112 intelligendum
667 2070 730 2100 est.
754 2086 800 2092 —
828 2067 965 2100 Introiit
997 2065 1205 2099 Gerlachius
1236 2071 1331 2100 recte
1353 2069 1502 2113 scripsit,

122 2126 262 2169 optimis
285 2127 382 2160 codd.
409 2128 489 2161 Bas.
515 2127 547 2161 1.
572 2127 677 2160 Fabr.
704 2126 739 2160 1.
767 2127 863 2160 Leid.
881 2127 920 2162 L.
944 2125 1054 2160 Paris.
1079 2138 1109 2159 c.
1134 2137 1166 2159 x.
1191 2137 1233 2166 2„
1258 2137 1299 2159 ac
1323 2133 1504 2171 praeterea

123 2188 239 2221 Guelf.
262 2186 296 2221 9.
315 2188 419 2220 Bern.
446 2187 475 2221 1.
503 2187 535 2221 3.
571 2187 690 2220 Berol.
716 2186 750 2219 1.
784 2191 816 2220 et
840 2187 986 2220 Goerlit.
1022 2186 1072 2220 ita
1094 2186 1328 2222 suadentibus.
1377 2189 1415 2222 In
1445 2202 1503 2224 ce-

122 2248 203 2283 teris
238 2252 298 2281 aut
329 2248 483 2281 introivit
510 2250 580 2288 est,
613 2247 906 2289 quemadmodum
932 2247 1069 2281 Curtius
1093 2247 1252 2291 scripsit,
1285 2251 1346 2282 aut
1368 2250 1502 2291 introit,

122 2314 161 2343 ut
183 2308 285 2352 Bipp.
309 2308 443 2341 dedere.
469 2325 511 2333 —
540 2308 682 2341 Temere
705 2307 728 2341 i.
754 2319 784 2341 e.
810 2307 970 2348 incante,
994 2307 1249 2352 imprudenter,
1274 2310 1502 2356 negligenter.

215 2371 245 2412 §.
270 2368 304 2405 5.
349 2373 427 2413 post
449 2368 590 2412 paullo]
617 2369 693 2401 Hoc
717 2368 837 2402 ordine
860 2369 948 2402 haec
972 2369 1080 2401 verba
1105 2370 1345 2403 tantummodo
1369 2375 1504 2406 exstant

121 2433 157 2466 in
181 2430 320 2464 Fabric.
345 2429 443 2463 Rivii
476 2433 509 2463 et
542 2428 653 2462 Paris.
678 2441 710 2462 x.
737 2440 768 2463 z.
814 2429 953 2462 Relicui
985 2429 1116 2462 habent
1138 2430 1257 2473 paullo
1287 2437 1387 2475 post,
1411 2432 1503 2476 quod

122 2503 185 2525 cur
214 2502 281 2525 non
315 2489 546 2532 receperimus
580 2492 675 2532 patet
709 2501 751 2523 ex
784 2489 957 2524 annotatis
981 2491 1025 2523 ad
1051 2502 1081 2525 c.
1105 2491 1191 2531 LVI,
1215 2490 1249 2524 3.
1293 2491 1504 2526 Gerlachius

122 2552 157 2586 in
182 2552 235 2585 ed.
262 2550 344 2584 mai.
378 2550 487 2591 illud,
519 2550 555 2583 in
583 2550 636 2584 cd.
667 2550 751 2585 min.
783 2550 851 2584 hoc
874 2549 1043 2593 probavit.
1069 2568 1111 2574 —
1141 2551 1226 2584 Erat
1250 2555 1328 2594 post
1352 2557 1432 2586 acta
1455 2552 1501 2586 ab

123 2613 198 2647 solo
225 2613 293 2646 lnc.
313 2612 348 2646 2.
383 2612 502 2653 abest,
531 2622 634 2653 quem
665 2609 800 2644 Cortins
831 2610 998 2653 sequitur.
1023 2627 1068 2634 —
1097 2610 1185 2644 Ante
1208 2613 1371 2655 cognovit
1395 2623 1502 2655 paene

121 2685 241 2706 omnes
263 2673 361 2706 codd.
387 2673 518 2706 habent
541 2684 581 2706 ex
602 2671 781 2717 perfugis,
807 2671 899 2714 quod
922 2671 1023 2713 plane
1044 2670 1232 2705 absurdum
1254 2683 1329 2706 esse
1347 2684 1403 2706 res
1425 2672 1501 2717 ipsu

125 2734 243 2774 docet,
264 2733 397 2766 scilicet
421 2732 495 2765 sine
517 2731 657 2765 arbitris
680 2735 828 2775 patrata.
876 2731 977 2774 Quae
1000 2729 1083 2773 quid
1107 2731 1150 2764 ad
1174 2732 1367 2777 perfugas?
1397 2733 1500 2777 Quod

125 2793 305 2828 sentientes
328 2793 462 2827 scribae
487 2792 522 2826 in
545 2792 679 2836 aliquot
712 2791 811 2826 codd.
845 2804 886 2825 ex
911 2790 1050 2836 ingenio
1079 2790 1189 2826 aliam
1221 2803 1340 2827 vocem
1372 2791 1501 2827 substi-
