1630 3034
508 209 865 260 IUGURTHA‚
900 217 1027 260 cAP.
1059 217 1198 259 Lxx.
1432 220 1517 261 επ

138 348 263 390 sare,
299 334 450 378 testari
480 333 613 391 deos,
658 349 742 394 per
777 348 889 391 quos
930 333 1183 390 iuravisset,
1220 347 1424 392 monere,
1460 349 1517 378 ne

137 430 337 490 praemia
378 429 553 474 Metelli
600 431 645 474 in
692 436 867 489 pestem
921 413 1227 483 convorteret3
1272 428 1517 489 Iugurthae

138 527 315 570 exitium
377 527 556 581 adesse3
611 533 808 570 ceterum
853 541 986 570 suane
1040 542 1094 570 an
1138 526 1313 570 Metelli
1360 527 1518 571 virtute

137 624 318 683 periret,
351 623 398 667 id
427 623 564 667 modo
600 623 778 684 agitari3
813 622 1004 681 proinde
1038 628 1267 682 reputaret
1295 639 1395 667 cum
1422 625 1518 668 ani-

137 735 213 764 mo
255 736 360 780 suo,
394 721 594 780 praemia
629 736 686 763 an
714 719 954 762 cruciatum
989 720 1150 767 mallet.

138 858 232 892 denti
254 859 399 893 consilio
421 859 604 893 destitutus
626 858 837 904 designatur.
862 871 892 892 c.
915 858 1036 900 LVIII,
1055 858 1087 893 2.
1110 859 1187 904 lug.
1212 859 1291 901 XX,
1310 859 1344 896 1.
1367 860 1471 901 LVII,
1484 860 1519 895 6.

138 919 191 952 Ad
215 930 315 952 usum
350 919 446 954 vocis
470 925 581 955 metus
611 920 885 965 cognoscendum
919 920 1141 953 conferantur
1163 920 1202 953 hi
1225 920 1309 953 loci:
1335 920 1437 955 Catil.
1463 922 1519 963 vl,

138 977 173 1012 4.
198 979 347 1013 XXXIX
363 1005 373 1022 ,
403 981 437 1014 2.
470 981 556 1023 LII,
580 981 637 1015 16.
669 981 748 1025 lug.
770 980 866 1020 XLI,
891 979 924 1013 2.
949 980 1096 1021 LXVII,
1121 980 1153 1013 1.
1179 981 1354 1024 LXXXV,
1381 981 1438 1016 33.
1463 982 1521 1017 4⁷.

138 1040 228 1080 XCI,
251 1040 286 1076 7.
310 1041 429 1083 cvm,
448 1042 483 1076 3.
507 1043 627 1083 CXIV,
652 1042 686 1075 1.
709 1042 852 1085 Fragm.
877 1041 1026 1074 Historr.
1051 1041 1079 1083 1,
1104 1040 1138 1074 9.
1164 1041 1189 1083 1,
1216 1041 1271 1074 11.
1295 1042 1321 1075 1.
1343 1041 1399 1076 19.
1423 1042 1524 1085 Quae

138 1102 298 1146 exempla
321 1102 440 1136 omnia.
463 1103 645 1136 osttndunt
667 1102 889 1135 vernaculam
913 1112 1034 1134 vocem
1059 1102 1189 1135 Fui-chr.
1207 1113 1318 1146 neque
1341 1104 1447 1137 metui
1463 1096 1523 1137 ne-v

139 1173 207 1205 que
229 1163 346 1197 timori
369 1163 470 1206 plane
493 1163 720 1207 rcspondere3
752 1162 812 1196 sed
834 1161 896 1195 ubi
930 1161 1023 1194 idem
1047 1161 1220 1205 significet
1241 1167 1345 1206 atque
1368 1164 1523 1209 Besorg-

139 1223 228 1263 nisa,
261 1223 382 1257 Latine
406 1235 481 1258 esse
505 1229 652 1266 metum,
683 1222 743 1257 ubi
777 1234 861 1257 vero
886 1223 1004 1258 valeat
1027 1223 1213 1268 Feiglzeit,
1245 1224 1386 1259 Latinos
1409 1224 1524 1259 dicere

137 1285 304 1319 timorem.
633 1281 641 1289 '

231 1347 269 1381 in
292 1347 391 1392 quis]
427 1345 526 1379 Haec
561 1344 688 1387 verba,
722 1355 814 1388 quae
846 1343 1001 1378 oratione
1032 1344 1151 1388 paullo
1180 1344 1283 1378 aliter
1306 1346 1525 1380 conformata

140 1407 263 1440 abesse
286 1407 435 1451 possint,
462 1406 625 1448 Curtius,
658 1405 805 1439 nimium
831 1405 984 1439 tribuens
1008 1405 1210 1439 auctoritati
1234 1406 1308 1439 cod.
1335 1406 1450 1440 Guelf.
1476 1406 1522 1447 3.,

141 1467 280 1501 delevit.
302 1487 349 1492 —-
380 1467 453 1500 Viri
477 1466 605 1510 pariter
632 1470 670 1499 ut
701 1477 732 1500 c.
755 1467 825 1508 IX,
849 1465 882 1500 3.
916 1466 989 1499 vim
1019 1467 1164 1501 sustinet
1195 1467 1267 1500 eius
1290 1467 1524 1510 pronominis3

143 1529 191 1562 cf.
223 1528 326 1562 Catil.
361 1539 391 1562 c.
427 1528 489 1570 LI,
514 1527 569 1561 16.
618 1527 687 1560 Eos
721 1537 854 1567 mores,
896 1538 974 1560 eam
1007 1528 1207 1562 modestiam
1241 1527 1334 1560 viri
1365 1527 1522 1572 cognovi.

143 1589 277 1622 Eodem
306 1600 407 1622 sensu
441 1587 578 1631 saepius
611 1587 717 1621 etiam
749 1587 847 1620 homo
879 1591 1089 1631 usurpatum
1134 1587 1179 1624 cf.
1215 1587 1310 1621 Cort.
1347 1588 1389 1621 ad
1421 1588 1525 1621 Catil.

143 1649 297 1690 XLVIII,
321 1649 354 1683 5.
405 1650 524 1682 Tanta
547 1648 600 1682 vis
624 1632 835 1681 hominis*
851 1648 1017 1682 leniunda
1040 1649 1245 1689 videbatur-3
1278 1649 1322 1682 ad
1347 1660 1448 1692 quem
1473 1650 1524 1683 lo-

143 1721 224 1743 cum
247 1710 366 1743 laudat
387 1709 458 1743 Cic.
484 1709 572 1752 Epp.
597 1707 639 1741 ad
673 1708 810 1741 Famm.
835 1708 868 1750 1,
893 1708 936 1751 6,
960 1709 1016 1743 14.
1069 1710 1170 1744 Nosti
1191 1709 1390 1744 hominis
1412 1710 1525 1743 tardi-

143 1775 263 1806 tatem.
289 1770 373 1806 ibid.
405 1770 474 1811 lv,
498 1770 542 1811 4,
566 1768 600 1803 9.
634 1769 704 1811 IX,
728 1769 795 1810 13,
823 1769 857 1804 8.
888 1769 979 1804 ΡΙίῐι.
1003 1771 1093 1814 Epp.
1117 1772 1153 1812 Ι,
1177 1770 1211 1806 5.
1246 1771 1290 1804 cf.
1322 1770 1456 1805 Bremi.
1481 1770 1525 1804 ad

142 1832 229 1876 Nep.
253 1833 393 1865 Datam.
419 1842 449 1864 c.
472 1831 526 1872 X,
551 1829 584 1863 3.
609 1831 754 1863 Eumen.
789 1841 818 1863 c.
843 1831 908 1872 lv,
932 1829 966 1863 4.
1001 1832 1263 1865 Drakenborch.
1296 1830 1339 1863 ad
1364 1830 1438 1864 Liv.
1462 1830 1526 1871 IX,

143 1892 202 1935 30,
225 1892 259 1927 6.
293 1893 485 1926 Burmann.
519 1891 563 1924 ad
597 1890 751 1924 Phaedri
783 1891 898 1924 Fabb.
932 1891 988 1933 11,
1012 1891 1058 1935 5,
1081 1891 1138 1925 19.
1161 1912 1208 1918 -
1245 1890 1408 1934 Monere,
1433 1890 1526 1934 quod

143 1953 252 1987 Fabr.
275 1952 308 1986 1.
333 1951 461 1992 omisit,
485 1949 623 1984 Cor-tius
645 1950 803 1994 cupidius
829 1962 933 1994 quam
962 1950 1151 1984 consultius
1174 1950 1315 1994 expulit.
1364 1951 1459 1984 Idem
1482 1963 1526 1985 ne

143 2013 353 2057 particulam
378 2011 584 2046 auctoritate
609 2010 727 2044 Guelf.
753 2010 786 2043 4.
811 2010 929 2044 Struv.
955 2014 990 2044 et
1015 2010 1083 2043 Inc.
1106 2009 1139 2042 2.
1165 2015 1242 2053 post
1262 2016 1389 2055 pestem
1415 2015 1527 2045 trans-

145 2072 282 2117 posuit,
306 2083 411 2116 quam
435 2071 667 2105 temeritatem
702 2070 911 2104 Gerlachius
933 2070 968 2104 in
992 2073 1088 2104 textu
1112 2082 1179 2104 non
1203 2075 1338 2104 secutus
1364 2075 1431 2112 est3
1468 2071 1527 2104 scd

145 2133 181 2167 in
213 2133 406 2167 Comment.
438 2143 473 2175 p.
506 2130 586 2165 309.
622 2131 716 2164 hunc
746 2131 936 2164 verborum
969 2131 1126 2165 ordinem
1150 2131 1256 2165 etiam
1287 2131 1323 2164 in
1360 2131 1455 2165 Med.
1491 2130 1528 2167 9.

145 2194 293 2228 Barber.
324 2193 359 2226 2.
391 2191 425 2227 5.
456 2191 654 2233 inventum,
692 2191 818 2232 „unice
849 2194 1000 2225 vcrum“
1034 2192 1182 2234 iudicat,
1205 2188 1528 2237 ‘praestantissimos

146 2253 283 2288 codices
308 2263 426 2286 omnes
455 2251 490 2285 in
522 2253 666 2296 vulgato
700 2252 950 2286 consentientes
982 2252 1070 2285 nihil
1102 2257 1271 2286 moratur.
1329 2251 1445 2286 Tanta
1475 2255 1529 2286 est

146 2319 264 2349 autem
302 2313 368 2347 viri
401 2312 543 2354 levitas,
567 2316 605 2346 ut
628 2312 720 2355 quod
743 2324 852 2356 nuper
885 2323 1023 2347 summa
1056 2313 1263 2346 confidentia
1285 2313 1385 2346 unice
1408 2323 1527 2346 verum

145 2375 304 2416 dixisset,
336 2374 371 2407 in
396 2374 449 2407 ed.
475 2374 558 2407 min.
584 2377 697 2407 tamen
724 2384 791 2407 non
814 2374 992 2416 reciperet.
1017 2394 1059 2399 -
1085 2376 1201 2408 Suane
1224 2386 1270 2407 an
1295 2374 1434 2407 Metelli
1456 2374 1528 2407 vir-

146 2441 221 2471 tnte.
245 2434 446 2479 scripsimus
470 2446 513 2469 ex
536 2435 618 2469 Bas.
643 2435 675 2469 1.
708 2434 795 2468 Tur.
821 2435 853 2468 1.
887 2435 990 2468 Bern.
1017 2434 1049 2468 1.
1084 2435 1253 2479 Tegerns.
1277 2434 1353 2467 Erl.
1379 2434 1525 2468 Goerlit.

146 2498 250 2532 Misn.
275 2500 310 2530 et
331 2495 443 2530 Paris.
467 2506 513 2536 x.,
535 2505 638 2538 quem
660 2494 815 2528 ordinem
845 2495 1051 2528 confirmant
1081 2494 1189 2528 etiam
1213 2495 1334 2539 paullo
1358 2494 1528 2538 deprava-

147 2563 204 2594 tae
227 2557 420 2602 scripturae
442 2555 519 2588 Vin.
536 2556 567 2589 1.
592 2567 668 2595 sua,
695 2555 827 2588 Metelli
849 2555 988 2596 virtute,
1015 2555 1133 2588 Guelf.
1154 2555 1210 2589 1⁰.
1236 2567 1313 2598 sua,
1340 2556 1527 2596 Metelline,

147 2631 195 2654 an
216 2604 367 2658 virtute,
392 2622 426 2651 et
450 2616 568 2650 Guelf.
593 2615 628 2651 7.
652 2616 709 2649 11.
736 2626 823 2656 sua,
858 2627 905 2648 απ
930 2616 1064 2650 Metelli
1086 2616 1224 2650 virtute.
1270 2615 1386 2650 Ceteri
1409 2627 1528 2650 omnes

148 2679 254 2721 libri,
287 2682 454 2722 quantum
478 2676 604 2710 coniici
628 2680 757 2720 potest,
789 2675 918 2709 habent
941 2686 1069 2717 suane,
1101 2687 1154 2709 an
1178 2677 1357 2711 virtute
1382 2677 1528 2718 Metelli,

148 2751 252 2783 quem
279 2739 436 2774 ordinem
460 2737 495 2772 in
519 2737 680 2772 omnibus
702 2736 778 2770 edd.
803 2740 979 2780 receptum
1010 2736 1189 2781 legitimus
1210 2736 1345 2770 dicendi
1367 2747 1448 2771 usus
1472 2748 1527 2770 re—

149 2798 261 2844 spicit.
318 2799 407 2834 Nam
443 2797 612 2843 oppositio
644 2809 750 2842 quum
791 2808 858 2832 non
892 2798 935 2831 ad
967 2796 1167 2841 praedicata
1197 2796 1355 2839 diversa,
1392 2797 1453 2831 sed
1484 2796 1528 2831 ad
