1630 3034
512 145 880 189 IUGURTHA.
939 146 1062 189 GAP.
1085 147 1220 191 XLII.
1477 155 1563 196 243

182 280 295 325 quos
330 279 433 325 spes
468 263 688 308 societatis
723 277 750 306 a
783 261 920 322 plebe
951 262 1212 321 dimoverat,
1249 264 1559 313 Gracchorum

183 363 426 408 actionibus
475 360 652 404 obviam
699 360 832 414 ierat,
879 366 924 404 et
966 361 1116 419 primo
1152 362 1409 421 Tiberium,
1457 365 1558 409 dein

183 475 350 521 paucos
385 465 490 518 post
524 472 662 500 annos
700 457 858 499 eadem
895 457 1219 516 ingredientem
1254 459 1436 518 Caium,
1481 464 1558 506 tri—

182 559 350 601 bunum
386 555 602 619 alterum,
652 553 838 596 alterum
885 553 1159 598 triumvirum
1195 557 1375 601 coloniis
1413 558 1558 603 dedu-

182 653 358 708 cundis‚
421 665 524 693 cum
577 649 644 693 M.
693 648 851 692 Fulw'o
905 649 1072 694 Flacco
1127 651 1247 695 ferro
1308 661 1556 699 necaverat.

179 750 240 794 Et
275 763 380 793 sane
417 745 636 791 Gracchis
673 746 881 806 cupidine
916 747 1125 791 victoriae
1159 747 1281 792 haud
1318 751 1420 794 satis
1456 763 1596 800 mo-2

177 916 263 949 vell.
282 914 328 955 ΙΙ,
353 913 387 947 2.
412 915 447 946 et
468 923 556 956 quae
579 911 757 946 Ernestius
781 911 925 956 collegit
949 912 983 945 in
1008 913 1106 949 Clav.
1126 914 1196 948 Cic.
1214 925 1247 948 V.
1263 916 1336 950 Tib.
1357 917 1501 951 Gracch.
1520 938 1559 944 —-

177 978 247 1012 Pro
269 975 428 1020 perculsa
450 974 553 1017 pauci
578 973 660 1006 libri
685 973 814 1006 habent
839 984 999 1016 percussa
1008 986 1021 1013 ‚-
1045 985 1078 1007 v.
1103 974 1147 1007 ad
1172 975 1274 1008 Catil.
1300 977 1356 1019 VI,
1381 978 1413 1012 4.
1439 999 1484 1004 —
1507 981 1560 1014 De

176 1036 357 1083 particulis
372 1036 472 1068 modo
495 1054 541 1060 --
565 1035 739 1068 interdum
759 1045 792 1067 v.
819 1034 861 1067 ad
886 1046 916 1068 c.
934 1034 1040 1074 Lxll,
1067 1033 1097 1067 8.
1124 1053 1168 1061 —-
1193 1037 1277 1079 Spes
1299 1038 1484 1081 societatis,
1508 1052 1557 1073 ec.

176 1110 256 1133 cum
280 1095 464 1130 nobilitate
489 1095 669 1136 ineundae,
693 1095 783 1128 unde
799 1095 1022 1127 commodum
1037 1094 1103 1129 sibi
1120 1100 1302 1130 venturum
1317 1099 1496 1141 putabant.
1514 1118 1558 1127 —

178 1159 313 1194 Eadem
336 1155 488 1189 dubitari
511 1160 623 1199 potest
646 1159 763 1189 utrum
788 1154 963 1189 ablativus
986 1156 1070 1189 fem.
1095 1156 1296 1201 singularis,
1319 1169 1363 1191 an
1387 1161 1557 1194 accusati-

178 1231 242 1252 vus
263 1221 376 1251 neutr.
401 1216 546 1259 pluralis
569 1215 633 1256 sit3
667 1216 726 1248 sed
750 1227 867 1249 sensus
889 1215 1042 1249 maxime
1066 1217 1212 1250 ostendit
1238 1223 1418 1253 auctorem
1443 1225 1558 1265 poste-

177 1281 309 1315 riorem
339 1281 551 1312 structuram
583 1280 741 1310 secutum
774 1286 859 1308 esse.
906 1275 997 1308 Nam
1022 1276 1164 1320 ingredi
1186 1279 1318 1322 aliquid
1349 1284 1399 1314 est
1424 1282 1557 1325 aliquid

176 1339 294 1376 moliri
317 1342 350 1372 et
372 1336 565 1380 suscipere,
588 1337 706 1380 aliqud
731 1336 869 1380 ingredi
893 1335 988 1369 valet
1011 1336 1128 1380 aliquo
1153 1339 1256 1371 modo
1279 1350 1315 1372 se
1337 1351 1471 1384 gerere,
1498 1353 1559 1375 ve-

175 1412 283 1445 reque
306 1398 446 1433 curtius
468 1396 672 1431 observavit
695 1397 754 1430 hic
776 1408 844 1430 non
875 1400 946 1430 tam
979 1396 1104 1441 agendi
1129 1398 1292 1439 modum,
1329 1411 1435 1442 quam
1450 1402 1559 1436 tvm-bi

175 1462 350 1496 obiectum
375 1459 418 1492 ad
442 1458 723 1502 perspicuitatem
748 1457 890 1501 requiri.
939 1457 1238 1492 Constructionem
1263 1470 1340 1492 cum
1358 1462 1558 1496 accusativo

175 1521 365 1557 illustravit
389 1519 651 1554 Drakenborch.
685 1519 730 1552 ad
755 1518 831 1552 Liv.
858 1518 1059 1559 xxxvnl,
1083 1517 1150 1559 54,
1176 1518 1209 1552 2.
1256 1521 1385 1554 Catone
1418 1528 1556 1557 auctore

176 1585 417 1619 existimantur
440 1581 571 1614 Petillii
594 1591 677 1612 rem
704 1579 907 1623 ingressi.
940 1578 1052 1619 XLV,
1082 1578 1150 1619 23,
1174 1578 1230 1612 15.
1266 1580 1556 1616 Lacedaemonio-

174 1657 248 1680 rum
272 1643 431 1688 populum
457 1645 689 1674 cunctatorem
714 1652 806 1682 esse,
833 1644 866 1673 et
889 1640 946 1672 vix
971 1650 1040 1679 ea,
1066 1640 1224 1682 quibus
1242 1642 1381 1682 fidit,
1407 1644 1556 1687 ingre-

174 1708 391 1742 dientem.
416 1701 535 1736 lustin.
561 1702 754 1742 xxxuu,
781 1700 813 1733 7.
841 1701 1017 1743 Multoque
1039 1710 1075 1732 se
1100 1700 1252 1733 timidius
1276 1713 1318 1734 ac
1342 1703 1556 1745 diffidentius

174 1768 301 1803 bella
326 1764 470 1798 Pontica
494 1763 764 1806 ingressum.
790 1760 905 1794 Tacit.
931 1761 1020 1793 Aun.
1046 1761 1113 1801 XI,
1140 1760 1182 1801 2,
1207 1761 1240 1795 2.
1273 1762 1428 1796 Valerius
1451 1765 1555 1798 Asia-

174 1830 262 1864 ticus
284 1827 388 1870 ingr
401 1834 525 1857 essus
549 1823 869 1864 defensionem.
915 1820 992 1854 Non
1009 1820 1091 1854 satis
1109 1822 1290 1855 commode
1308 1827 1424 1856 autem
1441 1825 1555 1858 Faber

174 1894 212 1923 ut
241 1885 478 1922 accusativum
511 1882 709 1916 defenderet
743 1881 900 1924 exempla
941 1880 1179 1923 comparavit,
1221 1882 1346 1924 quibus
1378 1885 1553 1918 accusati„

173 1961 239 1983 vus
263 1948 326 1981 loci
350 1957 391 1979 ex
417 1945 556 1990 ingredi
580 1944 687 1976 verbo
711 1942 845 1986 pendet.
872 1961 915 1965 —
939 1941 978 1974 In
1002 1940 1124 1973 multis
1149 1941 1247 1974 codd.
1272 1944 1421 1976 alterum
1445 1946 1553 1979 semel

173 2013 308 2044 tantum
332 2006 481 2050 legitur,
506 2015 671 2048 perversa
693 2001 880 2039 sententian
906 2011 986 2033 nam
1012 2000 1060 2033 ita
1084 2001 1191 2033 verba
1217 2002 1363 2035 alterum
1388 2005 1553 2039 triumvi-

172 2081 249 2104 rum
283 2067 422 2102 coloniis
453 2064 660 2098 deducendis
693 2063 737 2096 ad
761 2060 945 2094 Tiberium
977 2064 1182 2103 spectarent.
1230 2061 1299 2094 Sed
1329 2067 1486 2106 spectant
1508 2066 1553 2098 ad

174 2129 322 2169 Caium,
357 2135 568 2170 quamquam
604 2123 633 2157 is
663 2134 731 2155 non
764 2121 839 2164 ipso
869 2120 984 2154 caedis
1018 2126 1195 2165 tempore,
1230 2123 1288 2156 sed
1320 2124 1439 2166 paullo
1472 2129 1551 2159 ante

173 2189 337 2226 triumvir
365 2187 450 2227 fuit3
483 2197 516 2218 v.
543 2183 720 2218 Plutarch.
744 2183 807 2216 vit.
841 2182 879 2215 C.
908 2182 1059 2215 Gracch.
1094 2194 1122 2216 c.
1147 2182 1192 2215 10
1217 2188 1250 2215 et
1273 2184 1329 2216 ll.
1365 2184 1419 2217 De
1448 2185 1551 2220 modo

173 2238 389 2286 coloniarum
413 2246 690 2280 deducendarum
713 2254 748 2276 v,
775 2242 936 2276 Heinecc.
960 2242 1098 2285 Antiqq.
1121 2243 1188 2275 lur.
1214 2244 1318 2277 Rom.
1342 2244 1403 2277 lib.
1429 2245 1456 2278 ἰ.
1480 2246 1551 2289 Ap-

172 2312 273 2358 pend.
312 2321 342 2343 c.
365 2307 398 2343 5.
432 2309 463 2349 §.
491 2305 568 2340 125.
604 2318 638 2349 p.
665 2304 745 2338 336.
782 2303 834 2336 ed.
859 2303 1035 2336 Haubold.
1071 2302 1237 2336 Creuzeri
1269 2303 1407 2346 Antiqq.
1443 2304 1549 2340 Rom.

173 2374 206 2415 §-
224 2370 304 2405 210.
330 2381 360 2413 p.
387 2368 466 2402 311.
491 2367 545 2402 ed.
564 2366 606 2399 ll.
636 2382 676 2390 -
701 2365 770 2398 Pro
793 2368 980 2397 necaverat
1005 2362 1143 2396 Curtius
1167 2363 1304 2406 scripsit
1327 2370 1549 2407 necaverant,

171 2436 211 2467 ut
233 2435 284 2465 eet
307 2429 341 2463 in
367 2429 484 2462 Guelf.
505 2427 539 2460 1.
565 2425 674 2460 Paris.
700 2426 742 2458 D.
768 2423 950 2457 Einsiedel.
977 2427 1010 2456 et
1034 2423 1120 2457 Tur.
1145 2424 1170 2457 1.
1195 2435 1241 2457 m.
1265 2435 1333 2457 sec.
1382 2424 1456 2458 Non
1480 2425 1548 2458 im-

172 2493 378 2538 probarem,
410 2489 438 2523 si
471 2489 586 2532 plures
618 2486 653 2519 in
683 2485 793 2528 iisque
826 2484 906 2517 boni
931 2483 1013 2516 libri
1038 2484 1209 2527 pluralem
1233 2485 1454 2528 praeberent3
1489 2485 1549 2519 sed

172 2557 339 2598 quattuor
365 2549 446 2584 libri
468 2560 536 2583 non
561 2551 695 2581 tantum
719 2546 858 2586 valent,
883 2549 923 2578 ut
945 2545 1130 2589 vulgatam
1156 2556 1220 2589 per
1242 2556 1279 2579 ee
1301 2545 1428 2579 bonam
1453 2546 1548 2579 deso-

171 2625 303 2649 tumus,

263 2676 295 2716 §.
320 2673 353 2707 2.
377 2676 411 2705 et
433 2671 468 2705 3.
517 2671 563 2704 Et
594 2679 679 2702 sane
713 2667 876 2702 Gracchis
907 2667 990 2709 etc.]
1019 2665 1124 2698 Hunc
1154 2664 1271 2698 locum
1295 2665 1548 2700 Debrossianae

126 2750 133 2755 s
172 2732 464 2779 Fragmenterum
487 2727 703 2764 collectionis
725 2728 836 2762 editor
860 2726 1089 2761 Germanicus
1111 2736 1146 2769 p.
1170 2724 1250 2758 11⁰.
1284 2736 1348 2769 pro
1373 2725 1546 2760 Historia-

1156 2796 1270 2839 16*
