1630 3034
93 190 124 230 6
468 184 513 228 C.
542 183 866 230 SALLUSTI
895 185 1118 230 CRISPI

101 302 293 360 quisque
353 299 536 360 culpam
599 306 803 346 auctores
857 301 917 347 ad
969 302 1155 362 negotia
1206 303 1487 348 transferunt.

66 396 281 452 5Quodsi
325 396 580 443 hominibus
621 398 841 445 bonarum
876 414 1026 444 rerum
1061 405 1182 443 tanta
1218 414 1324 442 cura
1359 406 1490 459 esset,

103 516 298 552 'triumviri
319 518 457 553 nomine
482 517 662 555 Consulem
684 531 720 554 se
735 522 764 564 f
770 531 931 562 erens,
956 525 990 554 et
1014 520 1061 553 ad
1085 520 1251 554 tuendam
1272 521 1405 565 plebem
1427 521 1494 555 tri·

101 577 235 612 buuicio
259 580 335 613 iure
357 584 575 622 contentum,
609 579 687 614 ubi
709 581 853 615 militem
877 581 995 622 donis,
1026 581 1192 625 populum
1216 593 1379 625 annona,
1411 594 1494 616 cun—

100 643 172 673 ctos
195 640 377 674 dulcedine
399 641 464 675 otii
485 641 649 685 pellexit,
674 641 924 686 insurgere
946 641 1154 686 paullatim,
1188 642 1310 676 munia
1333 642 1494 686 Senatus,

99 699 400 744 magistratuum,
433 701 556 746 legum
587 701 623 735 in
655 712 693 735 se
726 702 910 736 trahere.“
957 704 1006 736 εἰ.
1028 703 1153 737 Noster
1173 703 1252 747 lug.
1275 703 1436 746 xxxin,
1460 703 1496 738 2.

97 759 188 802 LIII,
214 760 249 795 1.
273 759 350 795 Liv.
376 761 404 804 I,
428 761 486 806 16,
509 762 547 797 2.
567 781 614 788 -—
636 762 689 796 De
713 762 787 795 sin
808 761 982 806 particula
1005 762 1139 796 dictum
1162 763 1206 796 ad
1230 763 1332 797 Catil.
1357 764 1415 807 LI,
1437 764 1494 798 2-1.

99 830 132 864 p.
158 818 242 856 251.
275 840 322 846 —-
357 821 495 857 Pravus
517 823 732 868 explicatum
755 822 805 858 ib.
830 823 878 864 V,
904 823 937 856 1.
957 835 992 867 p.
1014 823 1071 857 27.
1104 843 1149 848 —
1182 823 1428 858 Pessumdatus
1459 824 1496 858 in

101 891 209 915 unum
233 883 448 918 vocabulum
472 883 727 927 contraximus,
758 883 919 928 quamvis
942 883 1015 917 alia
1037 884 1168 925 verba,
1201 885 1247 918 ad
1275 896 1414 929 pessum
1440 896 1497 918 re-

99 942 192 984 lata,
215 944 312 980 velut
328 945 396 987 ire,
422 945 539 986 abire,
563 945 695 986 sidere,
720 945 916 988 subsidere,
939 956 1117 989 premere,
1140 945 1353 988 deprimere,
1379 949 1499 979 contra

100 1003 250 1039 suadere
273 1004 470 1040 videantur.
517 1004 587 1038 Sed
609 1004 776 1049 quoniam
799 1006 906 1046 dare,
939 1005 1081 1048 propria
1109 1009 1278 1048 potestate
1301 1016 1412 1049 paene
1436 1006 1499 1038 ab·

100 1063 213 1106 iecta,
247 1075 314 1098 usu
337 1065 390 1099 ita
413 1075 495 1098 cum
516 1076 653 1110 pessum
676 1066 851 1100 vocabulo
875 1066 1027 1108 coaluit,
1062 1069 1100 1099 ut
1124 1066 1160 1099 in
1183 1076 1290 1099 unam
1313 1066 1415 1108 quasi
1436 1078 1500 1099 no·-

100 1123 232 1159 tionem
267 1126 420 1160 conflata
455 1125 654 1170 significent
686 1126 724 1160 in
757 1127 864 1161 imum
903 1127 1128 1170 deprimendo
1162 1137 1401 1170 corrumpere,
1442 1127 1502 1160 vel

100 1184 310 1230 simpliciter
341 1187 512 1232 perdere,
549 1197 592 1220 ea
623 1186 704 1230 ipsa
737 1198 792 1220 res
815 1187 969 1232 postulat
995 1191 1034 1221 ut
1058 1186 1270 1221 coniunctim
1294 1186 1502 1228 scribantur,

99 1247 266 1292 analogia
304 1248 517 1283 venumdare
547 1247 647 1281 verbi
678 1247 773 1282 idem
804 1249 981 1282 suadente.
1053 1248 1194 1281 Pessum
1231 1248 1322 1281 unde
1360 1248 1503 1282 ductum

100 1307 146 1342 sit
168 1319 238 1342 non
262 1308 353 1342 inter
377 1319 497 1343 omnes
521 1310 674 1352 constat,
700 1308 780 1342 aliis
803 1319 826 1343 a
846 1319 926 1353 pes,
951 1308 1031 1342 aliis
1055 1319 1077 1342 a
1098 1309 1271 1352 pendere,
1295 1309 1374 1343 aliis
1398 1321 1419 1343 a
1441 1322 1504 1354 pe-

101 1369 170 1404 tior
193 1368 444 1413 repetentibus.
488 1367 719 1404 Doederlinus
741 1380 827 1402 vero
851 1368 887 1402 in
915 1369 1048 1413 Synon.
1071 1368 1149 1403 Lat.
1174 1369 1219 1402 T.
1245 1370 1274 1403 1.
1298 1382 1332 1413 p.
1359 1370 1404 1404 67
1428 1383 1502 1414 sqq.

102 1440 146 1463 ex
176 1439 360 1474 perversus
394 1432 616 1463 contractum
648 1432 785 1470 censet,
817 1440 909 1473 quae
943 1428 1045 1473 origo
1079 1428 1170 1462 mihi
1204 1441 1315 1473 neque
1338 1431 1506 1465 vocabuli

102 1489 221 1524 forma
254 1500 366 1533 neque
397 1489 654 1534 significatione
686 1490 927 1523 commendari
958 1490 1107 1523 videtur.
1155 1491 1271 1524 Multo
1313 1490 1507 1534 simplicior

104 1553 200 1584 certe
232 1553 267 1584 et
300 1550 455 1584 maxime
489 1549 685 1594 probabilis
716 1549 871 1594 Reisigii
905 1553 957 1584 est
989 1550 1175 1591 sententia,
1209 1551 1270 1594 qui
1294 1553 1338 1585 ab
1364 1552 1507 1596 antiqua

104 1612 222 1646 forma
251 1612 421 1652 ΠΕΤΩ,
455 1611 621 1652 ΠΕΣΩ,
653 1613 778 1646 πεσεῖν
810 1611 1017 1645 descendere
1042 1611 1078 1644 in
1102 1612 1230 1645 scholis
1253 1612 1387 1654 docuit;
1423 1625 1507 1646 nam

104 1671 155 1705 ita
177 1671 319 1705 demum
343 1674 458 1715 potest
479 1670 656 1715 intelligi,
679 1671 854 1714 quomodo
875 1682 1013 1716 pessum
1038 1676 1142 1714 queat
1164 1672 1201 1705 in
1226 1673 1435 1715 profundum
1459 1673 1508 1707 si-

104 1730 290 1776 gnificare,
313 1731 404 1765 unde
427 1731 553 1775 pendet
575 1730 743 1775 perniciei
766 1734 802 1764 et
824 1730 985 1765 interitus
1004 1731 1112 1767 notio.
1137 1751 1183 1756 —
1208 1732 1405 1777 Paullisper
1421 1745 1510 1777 quo-

104 1792 212 1826 modo
245 1792 388 1828 differat
423 1802 445 1826 a
473 1802 664 1836 parumper
696 1794 797 1825 acute
828 1792 1017 1835 explicavit
1050 1793 1282 1827 Docderlinus
1316 1794 1352 1827 in
1376 1795 1508 1839 Synon.

106 1852 186 1887 Lat.
211 1853 257 1888 Τ.
280 1853 308 1889 I.
344 1864 379 1897 p.
403 1851 474 1886 145
499 1863 572 1896 sqq.
609 1851 698 1885 illud
729 1851 976 1895 interpretatus
1008 1853 1082 1887 eine
1114 1855 1225 1888 kleine
1261 1856 1374 1889 ll'eile
1407 1856 1508 1900 lang,

105 1912 177 1947 hoc
200 1915 288 1957 auf
308 1914 382 1947 eine
407 1914 520 1947 kleine
549 1913 672 1948 ll'eile.
721 1912 894 1947 Similiter
918 1915 991 1948 sere
1015 1915 1244 1948 Gernltardus
1265 1915 1309 1949 ad
1330 1916 1402 1949 Cic.
1415 1917 1508 1950 Lael.

107 1975 137 2016 1,
160 1973 196 2009 5.
221 1985 431 2020 parumper,
454 1974 591 2018 inquit,
615 1973 768 2007 reditum
791 1973 953 2018 cogitare
977 1974 1073 2008 iubet
1096 1976 1139 2009 ad
1166 1975 1220 2017 id,
1245 1977 1337 2010 unde
1360 1977 1510 2011 deflexe-

109 2035 176 2078 τῖες
198 2036 394 2081 paullisper
416 2035 505 2069 nihil
529 2038 670 2079 praeter
693 2034 864 2077 temporis
886 2034 1094 2078 particulam
1117 2035 1307 2080 significet.

203 2095 399 2140 defluxere]
435 2096 650 2141 Diffluxere,
681 2095 775 2139 quod
808 2098 860 2129 est
890 2095 925 2130 in
958 2097 1132 2129 nonnullis
1165 2097 1264 2131 Rixii
1297 2101 1332 2133 et
1356 2098 1511 2139 Gruteri,

110 2167 200 2200 quos
222 2156 341 2191 dicunt
364 2157 518 2201 optimae
540 2161 665 2197 notae,
702 2155 829 2196 libris,
866 2156 973 2190 etium
1000 2157 1082 2190 Bas.
1107 2158 1140 2191 1.
1178 2158 1284 2194 Fabr.
1307 2158 1340 2193 l.
1373 2158 1454 2194 Son.
1479 2159 1511 2195 1.

111 2217 185 2253 lnc.
208 2218 243 2252 2.
267 2218 387 2253 Guelf.
412 2218 447 2254 2.
470 2217 505 2253 3.
529 2218 626 2252 Leid.
651 2217 691 2253 L.
716 2221 751 2251 et
774 2217 868 2262 Tcg.
892 2218 1041 2259 habeut,
1065 2219 1267 2263 recepitque
1291 2219 1512 2261 Gerhacluius,

113 2278 198 2322 quia
229 2279 272 2312 de
303 2282 338 2313 et
369 2278 406 2312 di
438 2278 596 2323 syllabae
629 2288 732 2311 sensu
765 2288 834 2311 non
857 2277 1041 2322 differant,
1079 2291 1187 2322 quam
1225 2280 1433 2314 sententiam
1469 2279 1514 2314 ad

115 2340 193 2375 Cat.
224 2339 334 2381 XXV,
359 2339 394 2375 3.
431 2337 467 2372 in
491 2338 700 2374 Commentt.
724 2348 759 2383 p.
784 2338 843 2373 94.
875 2339 1049 2382 prolatam
1084 2340 1295 2374 auctoritate
1328 2339 1439 2373 Cottii
1471 2339 1515 2373 de

117 2410 181 2433 usu
207 2399 372 2444 Orthogr.
400 2398 483 2433 Lat.
506 2399 567 2440 lll,
591 2398 625 2440 3,
650 2398 706 2433 13.
744 2399 946 2434 confirmari
980 2401 1017 2434 Y.
1044 2401 1084 2433 l).
1119 2402 1260 2445 gaudet.
1307 2400 1415 2434 hobis
1448 2400 1515 2434 isto

117 2457 250 2503 gaudio
274 2458 345 2493 frui
368 2470 436 2492 non
471 2459 575 2500 licet3
614 2470 696 2493 nam
720 2460 882 2505 diffluere
906 2461 1176 2504 interpretamur
1199 2463 1235 2494 in
1259 2462 1375 2495 varios
1395 2466 1516 2506 partes

121 2519 277 2564 dispergi
311 2530 352 2553 ac
384 2520 520 2561 dilabi5
555 2520 704 2564 defluere
736 2533 820 2555 vero
854 2523 1012 2556 deorsum
1039 2523 1134 2564 ferri
1157 2528 1190 2556 ct
1216 2523 1391 2566 adfinem
1416 2533 1514 2555 suum

120 2590 330 2625 properare,
361 2580 458 2614 velut
481 2580 593 2616 amnis
616 2581 660 2614 ad
685 2581 826 2615 ostium.
873 2582 957 2616 Inde
980 2587 1096 2625 patet,
1122 2594 1229 2625 quum
1254 2595 1309 2616 ree
1331 2582 1517 2616 «liutran-,tao

122 2644 158 2674 et
179 2640 345 2675 disiectae
369 2651 493 2684 parum
517 2641 658 2675 validae
681 2642 768 2683 sint,
792 2653 860 2675 nou
884 2642 1000 2687 magis
1024 2647 1140 2676 autem
1166 2654 1228 2676 cac
1246 2644 1403 2681 valeant,
1426 2653 1516 2685 quac

124 2700 298 2735 curriculo
321 2701 421 2744 quani
445 2712 584 2735 emenso
608 2706 833 2746 consumptae
857 2714 899 2736 ac
922 2714 1031 2746 put-nc
1055 2704 1173 2737 nullae
1195 2708 1293 2741 sunt,
1329 2707 1517 2745 utrumque

128 2759 273 2796 verbum
298 2761 342 2797 ad
365 2772 482 2797 rerum
507 2762 564 2796 vel
587 2762 804 2807 pereuntium
828 2763 883 2797 vel
907 2763 1122 2806 perditarum
1158 2762 1399 2797 condicionem
1429 2762 1518 2796 iudi-
