1630 3034
203 180 289 220 586
575 171 624 215 C.
653 167 984 214 SALLUSTI
1013 168 1232 213 CRISPI

343 290 466 338 clx.
519 289 664 351 Igitur
699 287 828 335 Sulla
861 288 1120 350 respondit,
1162 300 1310 349 pauca
1344 299 1393 333 se
1437 286 1593 333 corum

202 391 381 451 Aspare
425 389 706 443 locuturum3
762 392 913 432 cetera
963 387 1163 446 occulte,
1220 391 1298 430 aut
1343 385 1469 432 nullo
1516 391 1593 431 aut

206 499 343 549 quam
377 486 672 549 paucissumis
706 485 1042 547 praesentibus;
1086 482 1217 530 simul
1250 483 1434 542 edocet,
1477 498 1594 544 quae

165 587 289 636 2sibi
322 585 719 646 responderentur.
789 584 1037 643 Postquam
1072 583 1202 628 sicuti
1240 582 1444 628 voluerat
1482 597 1594 627 con—

203 686 374 747 gressi,
413 683 522 727 dicit
561 697 610 726 se
644 681 828 727 missum
862 696 890 726 a
922 681 1106 726 consule
1137 680 1310 726 venisse
1345 678 1595 740 quaesitum

167 785 263 828 3ab
299 798 370 840 eo,
404 796 567 843 pacem
602 795 660 824 au
692 779 863 824 bellum
898 780 1143 840 agitaturus
1178 778 1311 823 foret.
1345 778 1467 824 Tum
1501 792 1596 837 rex,

202 883 267 926 uti
310 866 609 941 praeceptum
647 878 821 937 fuerat,
854 882 976 938 „post
1025 877 1157 941 diem!
1185 876 1412 922 decimum
1447 876 1596 922 redire

201 1005 360 1041 Attinere
386 1006 438 1037 est
462 1000 562 1046 quasi
585 1000 629 1034 ad
652 1010 689 1034 se
716 998 905 1034 attractum
927 1002 1066 1042 tenere,
1099 1000 1156 1034 vel
1178 999 1351 1041 retinere3
1374 999 1420 1033 cf.
1447 999 1593 1044 Fragm.

199 1067 352 1102 Historr.
376 1067 404 1107 Ι,
428 1064 485 1105 19,
511 1063 568 1097 16.
608 1062 678 1104 Ne,
702 1062 835 1106 inquies
858 1062 944 1106 ipse,
967 1072 1028 1094 nos
1051 1061 1089 1094 in
1112 1061 1344 1096 sollicitudine
1369 1060 1466 1094 atti
1475 1070 1595 1093 neas.

198 1126 413 1171 Saepissime
446 1126 596 1159 verbum
629 1135 652 1158 a
683 1122 814 1158 Tacito
846 1125 1062 1166 usurpatum
1094 1131 1130 1154 v.
1161 1121 1377 1156 Boetticlieri
1402 1122 1483 1155 Lex.
1509 1120 1596 1154 Tac.

199 1203 236 1235 p.
260 1189 308 1223 46
331 1200 383 1232 sq.
407 1205 451 1214 —-
485 1187 540 1220 De
571 1185 690 1219 verbis
722 1196 819 1218 cum
853 1184 970 1217 animo
1002 1184 1190 1217 volvere
1219 1193 1256 1218 v.
1287 1185 1454 1217 annotata
1485 1182 1530 1216 ad
1564 1194 1596 1216 c.

199 1251 266 1294 VI,
291 1250 325 1284 2.
352 1261 385 1294 p.
409 1249 470 1285 38.
494 1250 529 1282 et
551 1247 596 1281 ad
620 1259 651 1280 c.
674 1247 746 1288 XI,
771 1244 806 1279 8.
832 1256 867 1289 p.
891 1244 948 1279 60.
973 1262 1022 1270 --
1056 1245 1111 1278 De
1134 1257 1179 1278 an
1201 1244 1376 1289 particula
1399 1254 1433 1279 v.
1458 1243 1597 1278 doctam

198 1312 333 1347 Raudii
355 1309 628 1355 disputationem
648 1308 686 1342 in
708 1306 862 1342 Particc.
886 1306 979 1341 Latt.
1003 1306 1082 1340 Vol.
1107 1305 1137 1341 I.
1162 1318 1194 1350 p.
1218 1305 1289 1340 307
1311 1317 1386 1350 sqq.

292 1373 324 1414 §.
357 1370 392 1404 1.
431 1371 630 1415 respondit]
680 1370 761 1404 Hoc
783 1369 932 1402 verbum
955 1368 1051 1402 deest
1073 1367 1110 1401 iu
1135 1367 1255 1402 Guelf.
1279 1367 1312 1401 1.
1337 1366 1446 1401 Acad.
1470 1366 1598 1400 Franc.

198 1432 311 1467 Parin.
334 1432 401 1476 A„
435 1443 505 1466 uno
537 1431 650 1474 Rivii,
682 1431 765 1465 Seu.
797 1430 834 1465 2.
864 1431 993 1464 Reuss.
1018 1429 1282 1464 Goerl.-Berol.
1307 1427 1340 1461 1.
1364 1427 1399 1462 2.
1422 1427 1534 1462 Paris.
1559 1427 1596 1463 b.

197 1497 233 1528 et
256 1493 350 1528 inter
372 1504 494 1528 versus
520 1496 701 1537 comparet
724 1492 760 1526 in
786 1493 893 1527 Μαι-1(
916 1495 959 1527 Γ.
1006 1493 1059 1526 Eo
1091 1490 1244 1535 permoti
1271 1487 1411 1523 Cottius
1439 1491 1474 1523 et
1505 1489 1596 1522 Ger-

196 1555 338 1589 lachius
361 1554 549 1589 eiecerunt.
596 1555 667 1588 Sed
693 1565 907 1598 quamquam
937 1564 1008 1586 nou
1041 1551 1116 1587 sine
1147 1551 1268 1596 aliqua
1299 1549 1376 1584 veri
1411 1549 1529 1594 specie
1560 1549 1596 1584 id

197 1615 322 1656 fecisse
345 1615 527 1658 videntur,
561 1619 680 1650 tamen
702 1615 867 1659 loquendi
890 1626 973 1648 usus
996 1615 1174 1658 postulat,
1207 1616 1246 1648 ut
1272 1612 1421 1647 verbum
1444 1611 1596 1645 retinea-

196 1681 277 1719 tut3
304 1688 338 1711 v.
362 1677 407 1710 ad
431 1675 534 1711 Catil.
558 1688 588 1710 c.
614 1677 777 1718 XXXIV,
801 1676 834 1709 1.
859 1677 902 1710 ad
923 1677 1001 1720 lug.
1027 1676 1099 1717 Cll,
1123 1674 1181 1709 10.
1207 1694 1254 1701 —-
1278 1673 1425 1707 Rectius
1449 1675 1598 1718 egerunt

196 1738 234 1773 in
264 1738 470 1782 pronomine
501 1749 536 1772 se
576 1737 799 1780 expellendo,
841 1736 933 1779 quod
969 1737 1077 1780 vulgo
1112 1738 1193 1769 ante
1227 1735 1421 1769 locuturum
1452 1734 1594 1780 legitur.

195 1799 288 1834 Nam
313 1799 396 1844 quin
419 1811 441 1834 a
463 1798 587 1834 scribis
611 1798 656 1832 sit
674 1798 831 1838 illatum,
863 1797 922 1830 vix
945 1796 1101 1830 dubitari
1125 1798 1259 1840 potest,
1290 1807 1399 1839 quum
1429 1806 1451 1830 a
1475 1795 1592 1829 Guelr.

196 1861 252 1896 10.
277 1861 404 1895 Franc.
428 1861 539 1895 Laud.
562 1860 596 1893 2.
621 1859 668 1902 3.,
694 1870 764 1892 uno
787 1858 906 1901 Rivii,
937 1858 1057 1891 Goerl.
1079 1857 1192 1892 Paris.
1217 1858 1250 1892 b.
1276 1861 1311 1891 et
1336 1857 1390 1891 ed.
1416 1857 1535 1890 venet.
1561 1867 1592 1890 a.

197 1921 300 1958 1470.
331 1921 444 1963 absit,
471 1920 507 1954 in
540 1920 652 1956 Paris.
683 1931 712 1953 c.
743 1923 823 1964 post:
854 1919 1053 1963 respoudit,
1085 1918 1123 1952 iu
1154 1919 1274 1953 Berol.
1308 1918 1342 1954 1.
1373 1918 1407 1953 2,
1432 1921 1466 1952 ct
1489 1917 1591 1953 Misn.

197 1987 276 2027 post
306 1994 423 2027 pauca
455 1984 608 2028 legatur.
663 1982 715 2015 De
749 1979 884 2025 ellipsis
917 1991 981 2013 usu
1013 1985 1048 2014 et
1080 1980 1230 2022 ratione,
1253 1980 1380 2015 scribis
1401 1979 1535 2024 ignota,
1559 1991 1592 2012 ν.

197 2045 243 2079 ad
266 2056 297 2078 c.
324 2045 426 2086 XIV,
457 2044 492 2078 3.
516 2049 552 2079 ct
574 2043 734 2084 Lxxw,
760 2043 792 2076 1.
820 2061 866 2067 -—
900 2042 994 2089 Sibi,
1028 2042 1122 2085 quod
1155 2042 1325 2075 Gruterus
1357 2041 1498 2083 omisit,
1526 2052 1593 2074 uon

196 2110 333 2142 constat
356 2109 476 2140 utrum
499 2106 598 2140 codd.
624 2103 845 2146 auctoritate,
869 2115 990 2144 necne,
1014 2103 1048 2137 in
1074 2103 1196 2137 ceteris
1219 2103 1382 2136 omnibus
1405 2106 1595 2145 comparet,

195 2180 307 2213 quare
331 2180 400 2203 non
424 2172 486 2209 est,
509 2180 572 2202 cur
596 2167 785 2209 deleamus,
809 2166 901 2209 quod
923 2165 1062 2199 Curtius
1085 2169 1120 2198 et
1140 2164 1355 2198 Gerlachius
1375 2164 1410 2198 in
1433 2164 1487 2200 ed.
1511 2164 1593 2198 mai.

197 2232 366 2264 fecerunt.
400 2248 444 2256 -
480 2230 532 2263 De
564 2227 787 2262 coniunctivo
822 2226 1020 2270 imperfecti
1051 2237 1095 2259 ex
1129 2226 1248 2261 edocet
1281 2226 1449 2269 pendente
1480 2236 1517 2259 v.
1548 2225 1592 2260 ad

197 2292 276 2325 Cat.
300 2303 332 2325 c.
354 2291 517 2333 XXXIV,
543 2291 577 2324 1.
604 2302 637 2334 p.
662 2289 743 2324 157.
778 2289 876 2323 Male
899 2288 934 2322 in
958 2287 1133 2322 nonnullis
1156 2287 1269 2321 Coi-tii
1291 2286 1391 2321 libris
1415 2287 1462 2321 ab
1485 2285 1591 2320 inter-

197 2352 419 2396 potatoribus
440 2352 609 2396 scriptum
638 2351 928 2396 respondeantur.

292 2414 326 2458 §.
357 2414 392 2448 2.
427 2415 530 2448 sicuti
552 2414 736 2456 voluerat]
792 2413 956 2446 soluerat
988 2420 1030 2443 ex
1062 2408 1159 2443 haud
1182 2407 1304 2453 paucis
1329 2409 1428 2443 codd.
1454 2406 1594 2443 Cor-tius

198 2480 293 2509 recte
328 2475 470 2519 scripsit
503 2486 567 2519 pro
599 2476 794 2514 voluerant,
828 2473 922 2516 quod
955 2470 1062 2505 ceteri
1093 2474 1231 2512 tenent3
1263 2470 1365 2505 Sulla
1388 2469 1482 2504 enim
1506 2469 1589 2513 ipse,

198 2547 220 2570 a
245 2535 393 2570 Boccho
417 2540 563 2581 rogatus
596 2536 646 2579 (v.
672 2548 703 2570 c.
728 2534 858 2575 cvm,
882 2534 957 2577 2.),
989 2532 1157 2575 colloquii
1188 2532 1331 2565 modum
1355 2531 1590 2565 constituerat.

198 2596 298 2631 Mhi!
322 2598 396 2642 egit
421 2598 530 2643 igitur
554 2596 727 2641 Langius,
753 2596 813 2639 qui
836 2596 1018 2628 voluerant
1044 2593 1218 2635 defendit,
1242 2593 1487 2637 interpretatus
1510 2603 1582 2625 con>

200 2663 380 2700 venerant,
413 2659 505 2702 qnod
538 2670 649 2701 nequo
673 2657 838 2691 Latinum
863 2659 927 2698 est,
960 2659 995 2689 et
1027 2666 1106 2688 cuin
1137 2654 1188 2687 rei
1212 2658 1332 2699 gestae
1356 2652 1502 2686 veritate
1525 2664 1587 2695 pu·-

199 2724 296 2763 gnat.
320 2736 364 2745 --
389 2721 599 2763 Agitaturus
625 2719 753 2752 rectius
777 2718 951 2751 vocabulo
971 2728 1101 2761 pacem,
1127 2727 1233 2759 quain
1258 2716 1381 2748 bellum
1405 2712 1590 2748 convenire

199 2780 273 2814 iam
296 2780 448 2815 dixinnus
473 2781 517 2815 ad
541 2792 570 2814 c.
595 2780 666 2823 LV,
690 2780 724 2813 8.
770 2780 907 2814 'samen
931 2781 1107 2813 structum
1130 2777 1188 2810 vix
1212 2777 1255 2811 ad
1279 2774 1474 2820 zeugmatis
1496 2773 1585 2808 inso-
