1630 3034
195 158 280 199 538
558 149 605 195 G.
634 150 955 194 SALLUSTI
995 151 1220 196 CRISPI

163 269 462 323 zostendunt‚
516 284 605 327 qua
656 284 705 313 re
749 267 888 312 hostis
943 269 1101 314 adesse
1143 271 1415 333 intelligitur.
1487 272 1582 318 Sed

196 368 302 427 quia
347 366 512 410 divorsi
557 365 821 420 redeuntes,
874 366 984 410 alius
1041 368 1098 411 ab
1145 367 1231 412 alia
1272 376 1402 429 parte
1447 376 1582 430 atque

195 479 350 509 omnes
383 463 508 507 idem
545 462 882 522 significabant,
928 464 1082 507 consul
1126 465 1342 522 incertus,
1388 482 1583 525 quonam

194 561 334 607 modo
371 560 513 604 aciem
547 560 796 614 instrueret,
829 559 951 603 nullo
987 560 1143 606 ordine
1175 569 1462 621 commutato,
1499 564 1583 608 ad—

160 664 379 704 3vorsum
409 657 557 702 omnia
590 662 776 716 paratus
821 655 991 700 ibidem
1035 659 1247 719 operitur.
1320 661 1387 704 Ita
1420 661 1584 722 Iugur-

194 757 320 801 tham
357 770 462 815 spes
507 755 737 810 frustrata,
781 754 859 812 qui
899 754 1053 815 copias
1099 757 1144 800 in
1194 763 1405 816 quattuor
1446 759 1586 819 partis

196 854 495 909 distribuerat,
530 859 648 897 ratus
675 867 730 897 ex
760 852 965 896 omnibus
991 868 1136 913 aeque
1163 855 1334 913 aliquos
1363 855 1421 900 ab
1450 861 1584 916 tergo

289 994 321 1034 g.
346 990 381 1024 2.
405 993 439 1024 et
461 989 496 1026 3.
544 990 635 1024 alius
666 990 711 1024 ab
747 990 822 1023 alia
851 991 978 1034 parte]
1013 991 1113 1024 Haec
1149 991 1279 1032 verba,
1309 1002 1330 1025 a
1355 992 1506 1026 Grutero
1533 991 1586 1025 in-

195 1057 274 1098 epte
305 1064 367 1097 pro
398 1053 519 1096 glossa
549 1050 693 1092 habita,
725 1051 966 1095 perspicuitati
997 1051 1205 1086 narrationis
1236 1052 1406 1086 inservire
1436 1063 1504 1086 non
1534 1055 1588 1087 est

195 1115 355 1149 dubium.
403 1114 536 1146 Errant
569 1115 705 1155 tamen,
741 1113 801 1156 qui
835 1114 880 1147 ad
905 1114 1147 1157 praecedentia
1170 1114 1300 1161 divorsi
1321 1114 1505 1148 redeuntes
1532 1125 1588 1147 re-

195 1167 337 1216 ferunt,
368 1174 426 1208 cui
462 1173 515 1207 rei
550 1177 654 1217 atquc
689 1183 831 1216 prorsus
861 1175 987 1209 obstat.
1033 1175 1153 1217 Quare
1176 1175 1220 1208 ad
1244 1174 1493 1220 significabant
1515 1177 1588 1208 tra-

194 1238 311 1271 henda
335 1239 425 1275 sunt,
447 1235 516 1268 hoc
540 1245 660 1267 sensu:
684 1234 769 1277 quia
792 1235 826 1269 d.
848 1246 878 1270 r.
901 1246 943 1270 ez·
967 1236 1076 1269 variis
1099 1236 1182 1269 locis
1204 1236 1419 1269 nunciabant
1440 1234 1529 1278 visa,
1554 1239 1589 1269 et

192 1299 334 1344 quidem
358 1308 478 1331 omnes
502 1295 637 1329 eadem.
683 1297 796 1339 Atque
820 1296 912 1330 enim
937 1308 979 1331 ea
1002 1296 1039 1330 vi
1061 1296 1236 1340 positum,
1266 1307 1373 1340 quam
1395 1295 1589 1330 illustravi-

192 1371 273 1394 mus
305 1358 350 1392 ad
383 1369 413 1390 c.
445 1355 559 1396 XCII,
580 1356 616 1388 4.
639 1373 685 1380 —
717 1356 788 1390 Pro
814 1358 868 1392 ita
904 1358 1002 1392 codd.
1028 1357 1130 1402 pauci
1161 1368 1204 1391 ac
1236 1357 1426 1392 deteriores
1455 1357 1588 1392 habent

197 1422 333 1465 igitur,
357 1419 450 1463 quod
472 1416 627 1451 WVeisius
650 1428 692 1449 ex
716 1420 890 1462 corruptis
913 1420 989 1453 edd.
1014 1418 1158 1463 recepit.
1184 1438 1229 1443 —
1255 1420 1373 1464 Aeque
1391 1419 1494 1453 valde
1516 1422 1589 1453 tor-

195 1481 242 1516 sit
266 1482 481 1523 interpretes.
529 1478 577 1511 Ut
600 1477 812 1528 antiquiores
835 1480 1057 1521 omittamus,
1082 1479 1239 1514 Wassius
1262 1479 1510 1524 interpretatur
1525 1481 1590 1523 sa-

193 1543 271 1583 cile,
290 1545 369 1584 fere
384 1566 394 1582 ‚
414 1550 547 1585 prope,·
571 1539 711 1572 eortius
736 1541 918 1588 coniungit
941 1553 1050 1587 aeque
1074 1553 1097 1574 α
1121 1546 1233 1586 tergo,
1257 1542 1434 1585 explicans
1454 1540 1590 1586 ger-ade

193 1614 261 1637 von
285 1603 404 1636 hinten
434 1613 502 1639 zu5
535 1599 718 1644 Bipontini
749 1614 824 1636 esse
847 1603 972 1637 volunt
996 1608 1108 1644 σοντες
1138 1604 1331 1637 Muellerus
1354 1602 1447 1635 idem
1470 1601 1588 1635 valere

193 1667 310 1697 censet
332 1667 437 1706 atque
461 1672 630 1705 graecum
655 1660 764 1705 ἴσως;
800 1674 870 1707 qua
893 1664 1061 1698 sententia
1084 1675 1151 1698 non
1184 1665 1288 1708 plane
1311 1663 1439 1697 reiecta
1464 1662 1588 1696 Gerla-

193 1724 294 1758 chius
326 1723 362 1757 in
396 1723 604 1757 Commentt.
637 1733 671 1765 p.
699 1721 782 1755 328.
813 1732 937 1755 vocem
969 1720 1020 1756 ait
1050 1724 1166 1769 magis
1198 1724 1407 1768 respondere
1437 1733 1589 1768 graecae

192 1782 390 1826 particulae
423 1779 541 1825 ὅμως,
575 1788 718 1822 tamem,-
754 1780 954 1815 Gronovius
984 1792 1068 1818 vero
1092 1789 1296 1828 corruptum
1320 1790 1445 1829 putans
1468 1785 1587 1828 utique

191 1843 379 1888 legendum
406 1845 532 1887 suasit,
566 1844 814 1888 interpretatus
837 1843 1039 1886 minimum,
1074 1846 1283 1885 dumtaxat5
1308 1856 1448 1889 prorsus
1469 1849 1587 1879 autem

191 1904 377 1939 delendum
410 1904 542 1939 iudicat
575 1904 864 1950 Voigtlaenderus
895 1905 932 1937 in
964 1905 1153 1939 Forcellini
1183 1907 1267 1940 Lex.
1301 1906 1338 1939 h.
1363 1916 1396 1939 ν.
1432 1904 1477 1938 Τ.
1501 1906 1529 1938 1.
1553 1916 1586 1948 p.

191 1965 264 2008 930,
289 1969 411 2009 utpote
435 1977 477 2000 ex
505 1971 669 2011 sequente
700 1977 787 1999 voce
811 1965 943 2009 aliquos
972 1970 1102 2000 ortum.
1149 1966 1218 2001 Sed
1254 1978 1338 2001 vere
1361 1965 1522 2000 nandiu-
1544 1965 1587 1998 de

190 2027 342 2063 Particc.
367 2028 446 2061 Lat.
471 2029 547 2062 Vol.
573 2029 617 2064 11.
640 2040 673 2071 p.
695 2026 776 2061 198.
802 2026 956 2070 „omnia
978 2027 1079 2069 haec,
1102 2026 1226 2072 inquit,
1255 2027 1413 2062 mirabili
1438 2026 1587 2061 audacia

190 2088 339 2122 conficta
376 2092 468 2122 sunt.
525 2090 737 2135 Iugurtham
783 2098 847 2121 sua
889 2098 966 2130 spes
1006 2088 1205 2132 fefellerat,
1249 2089 1332 2122 dum
1370 2088 1506 2122 Marius
1549 2088 1587 2122 in

190 2150 358 2193 quadrati
393 2151 548 2194 agminis
581 2151 732 2185 statione
766 2149 938 2193 persistit;
971 2149 1046 2194 ipse
1079 2151 1172 2184 enim
1206 2151 1324 2194 copias
1357 2149 1393 2183 in
1422 2152 1587 2193 quattuor

190 2215 308 2253 partes
330 2210 382 2245 ita
406 2211 651 2254 distribuerat,
675 2215 731 2252 ut,
756 2210 954 2254 ubicunque
977 2211 1113 2246 Marius
1137 2212 1358 2256 processisset
1378 2213 1499 2254 [quem
1522 2221 1585 2254 pu-

193 2272 291 2305 tabat
322 2282 391 2305 non
420 2273 594 2316 quadrato
627 2272 795 2317 agmine,
827 2272 885 2306 sed
919 2272 1072 2306 exercitu
1104 2273 1141 2307 in
1164 2283 1270 2306 unum
1296 2273 1472 2307 coniuncto
1496 2270 1586 2313 ire]‚

192 2343 234 2365 ex
258 2333 413 2366 omnibus
446 2333 500 2367 his
533 2334 640 2378 copiis
671 2345 781 2378 aequo
805 2334 904 2367 modo
930 2338 1094 2377 paratum
1118 2339 1209 2368 esset
1230 2334 1426 2378 aliquibus,
1460 2336 1498 2375 ut
1520 2332 1585 2366 ho-

191 2393 302 2428 stibus
325 2394 370 2428 ab
396 2399 498 2440 tergo
522 2394 689 2427 venirent.
738 2395 938 2429 Coliaerent
960 2395 1070 2441 igitur
1086 2397 1194 2430 verba
1214 2407 1254 2429 ex
1277 2396 1432 2430 omnibus
1454 2405 1585 2439 aequm·

192 2455 306 2496 quod,
343 2455 374 2489 si
405 2467 480 2489 rem
512 2456 555 2489 ad
591 2456 746 2490 hostium
784 2456 955 2501 impetum
988 2457 1169 2499 retuleris,
1209 2456 1301 2491 idem
1338 2457 1452 2497 valet,
1491 2467 1534 2490 ac
1554 2454 1584 2488 si

193 2515 355 2557 dixisset,
391 2515 428 2550 in
463 2527 686 2560 quocumque
717 2518 871 2552 hostium
896 2518 1069 2553 incessu.“
1118 2518 1186 2553 Per
1207 2529 1244 2552 se
1266 2517 1376 2563 igitur
1398 2520 1494 2561 patet
1516 2517 1584 2550 als·-

193 2588 275 2620 quos
299 2588 373 2611 esse
397 2589 502 2612 unam
527 2589 568 2611 ex
592 2583 756 2622 quattuor
779 2578 850 2613 illis
874 2578 1045 2622 partibus.

287 2639 319 2679 §-
343 2637 376 2671 4.
425 2639 537 2672 hostes
572 2640 792 2684 attigerant]
836 2640 982 2682 Hostes,
1014 2639 1104 2683 quod
1138 2640 1348 2674 vocabulum
1383 2649 1450 2671 non
1475 2638 1583 2672 estin

194 2698 271 2731 cod.
296 2698 470 2743 Bongars.
495 2700 601 2733 Febr.
628 2700 660 2734 1.
685 2701 719 2735 2.
744 2701 838 2734 Med.
863 2700 897 2735 8.
922 2705 957 2735 et
981 2701 1091 2736 Vutic.
1118 2699 1164 2741 1.‚
1197 2701 1334 2735 Cortius
1356 2703 1486 2734 temere
1509 2698 1580 2732 eie-

194 2757 250 2792 cit.
277 2779 318 2784 —
355 2759 449 2792 Idem
485 2771 648 2804 perverso
683 2760 813 2796 iudicio
848 2762 970 2796 «luctus
1003 2763 1111 2796 verba
1141 2762 1213 2806 ipse
1249 2761 1379 2806 aliique
1408 2771 1430 2795 a
1460 2760 1583 2795 scribi·
