1630 3034
386 180 743 225 IUGURTHA.
807 181 932 225 GAP.
961 181 1190 224 LXXXV.
1378 185 1460 224 461

83 301 201 343 iuxta
242 300 363 359 pati,
407 299 533 343 humi
582 299 886 358 requiescere,
923 297 1086 362 eodem
1120 304 1325 358 tempore
1358 299 1459 343 ino-

80 397 201 456 piam
246 401 292 440 et
338 397 538 440 laborem
572 396 777 439 tolerare.
848 392 930 438 His
969 409 1058 454 ego
1094 396 1346 455 praeceptis
1382 397 1526 445 mi-34

80 493 177 537 lites
224 493 470 550 hortabor,
509 507 654 551 neque
689 492 786 535 illos
825 497 917 534 arte
952 491 1125 545 colam,
1164 507 1237 536 me
1268 494 1458 552 opulen-

78 596 168 642 ter3
213 605 360 648 neque
395 589 585 650 gloriam
631 593 777 632 ineam
821 588 1022 632 laborem
1064 588 1239 632 illorum
1284 589 1456 633 faciam.

78 685 181 729 Hoc
219 693 287 730 est
323 686 442 742 utile,
479 685 569 728 hoc
605 685 732 728 civile
766 685 1018 744 imperium.
1061 686 1283 744 Namque,
1320 703 1457 745 quum
1470 698 1523 741 35

78 788 171 826 tute
219 798 303 842 per
345 781 575 827 mollitiem
619 796 728 842 agas
746 815 759 839 ‚
821 782 1062 826 exercitum
1107 783 1331 842 supplicio
1377 800 1457 829 co-

75 947 149 981 1ko
174 948 341 992 σπουδῆς
373 945 580 993 ἐχομένων,
616 944 664 988 ὡς
686 949 831 993 γελοῖον
866 943 910 984 ὃν
933 944 1132 992 γράμματα
1152 947 1381 993 μανθάνειν,
1406 944 1458 985 ὦν

76 1007 112 1043 οἱ
137 1006 357 1045 διδάσκαλοι
382 1006 598 1045 δουλεύοιεν
629 1007 778 1054 ἑτέροις.
826 1010 930 1043 Hunc
962 1009 1110 1042 eundem
1133 1010 1247 1044 locum
1271 1015 1351 1045 ante
1373 1022 1459 1045 ocu-

73 1069 127 1103 los
158 1070 286 1104 habuit
317 1070 454 1104 Pseudo
469 1089 487 1095 -
504 1070 692 1105 Sallustius
724 1072 790 1115 Ep.
814 1070 859 1104 ad
889 1070 990 1104 Caes.
1015 1069 1058 1102 de
1080 1070 1172 1114 Rep.
1196 1072 1270 1105 ord.
1294 1073 1339 1115 11,
1363 1071 1397 1113 9,
1422 1072 1455 1107 3.

78 1129 186 1163 Unius
209 1130 257 1163 M.
285 1131 426 1165 Catonis
456 1131 636 1176 ingenium
668 1136 861 1172 versutum,
894 1131 1039 1176 loquax,
1072 1132 1236 1166 callidum
1259 1133 1356 1167 haud
1377 1144 1457 1167 con—

72 1194 198 1224 temno.
247 1191 426 1226 parantur
455 1193 542 1227 haec
578 1193 761 1237 disciplina
797 1192 1008 1225 Graecorum
1017 1203 1030 1231 ;
1061 1191 1124 1225 sed
1146 1193 1277 1235 virtus,
1300 1195 1457 1239 vigilan-

72 1251 152 1292 tia,
187 1251 283 1286 labos
317 1253 412 1297 apud
451 1254 600 1287 Graecos
629 1255 728 1287 nulla
757 1257 847 1289 sunt.
897 1252 1030 1296 Quippe
1063 1252 1124 1297 qui
1146 1253 1240 1287 domi
1262 1254 1457 1289 libertatem

27 1336 35 1341 -
70 1321 170 1345 suam
195 1323 260 1356 per
291 1314 455 1347 inertiam
484 1314 688 1357 amiserint,
723 1324 885 1348 cem-esne
918 1324 1034 1347 eorum
1056 1315 1252 1359 praeceptis
1274 1315 1457 1360 imperium

71 1372 192 1405 haberi
212 1373 343 1416 posse?
375 1373 442 1407 His
469 1374 554 1408 locis
577 1374 786 1418 comparatis
809 1373 914 1407 facile
937 1377 1032 1417 patet
1055 1375 1219 1410 virtutem
1242 1374 1359 1408 Mario
1383 1385 1458 1408 esse

63 1433 331 1475 fortitudinem;
355 1435 507 1469 doctores
531 1438 648 1469 autem
671 1435 870 1469 universam
891 1434 1111 1469 Graecorum
1126 1438 1267 1480 gentem
1290 1434 1457 1480 intelligi,

70 1503 138 1526 nou
162 1492 321 1537 singulos
343 1495 616 1539 grammaticos,
642 1496 781 1529 Romae
804 1496 959 1529 Graecas
981 1495 1113 1530 litteras
1135 1496 1308 1530 docentes.

161 1554 195 1598 ξ.
218 1553 276 1590 33.
322 1558 493 1600 optuma]
517 1556 542 1590 i.
567 1569 597 1590 e.
622 1556 831 1597 utilissima3
864 1555 909 1588 cf.
935 1555 979 1588 ad
1004 1567 1034 1588 c.
1057 1556 1231 1598 LXXXII,
1252 1557 1286 1591 2.
1310 1577 1356 1582 -—
1381 1556 1456 1590 Hc-

69 1619 155 1648 stem
177 1615 306 1659 legitur
328 1614 364 1649 in
380 1616 463 1651 Bas.
489 1617 522 1653 1.
547 1615 581 1650 4.
617 1617 710 1657 Eoo„
740 1615 895 1659 quinque
925 1616 1090 1658 Gruter-i,
1121 1620 1287 1662 quattuor
1310 1617 1455 1659 Wassii,

68 1675 188 1708 Leidd.
221 1675 382 1711 omnibus
411 1680 546 1720 praeter
579 1677 630 1718 1.‚
664 1676 784 1713 Berol.
817 1675 850 1709 1.
882 1676 917 1710 2.
949 1678 1065 1712 Paris.
1092 1678 1125 1711 b.
1148 1689 1180 1711 c.
1203 1689 1236 1711 x.
1261 1690 1291 1712 z.
1340 1678 1455 1712 Ceteri

67 1736 198 1769 habent
227 1736 357 1776 hostes,
391 1737 484 1780 quod
515 1737 631 1771 minus
661 1737 746 1771 huic
780 1738 857 1772 loco
889 1738 1072 1780 convenit,
1104 1749 1212 1782 quum
1245 1738 1381 1773 Marius
1411 1737 1455 1772 de

0 1825 8 1832 .
68 1796 270 1831 fortitudine
301 1796 339 1830 in
362 1797 534 1842 singulari
565 1790 754 1833 certamine
780 1799 968 1843 conspicua
990 1799 1173 1845 glorietur.
1207 1799 1254 1833 cf.
1281 1799 1356 1834 Cat.
1380 1799 1454 1840 Vll,

23 1889 33 1892 -
68 1856 102 1891 6.
133 1858 286 1892 Eandem
309 1858 354 1891 ob
379 1869 540 1893 caussam
563 1860 679 1905 magis
701 1860 808 1895 etiam
828 1860 940 1903 placet
962 1860 1136 1904 scriptura
1158 1859 1234 1894 Vat.
1258 1859 1302 1894 A.
1325 1870 1454 1903 prae-

68 1917 236 1951 sidium
268 1919 423 1962 agitare.
471 1919 542 1953 Sed
565 1931 672 1963 quum
704 1920 812 1954 ceteri
843 1931 964 1955 omnes
994 1920 1175 1964 praesidia
1197 1922 1382 1962 tueantur,
1417 1919 1453 1953 in

69 1977 198 2020 plurali
230 1977 369 2019 interim
405 1980 695 2022 acquiescendum
727 1973 789 2014 est.
839 1979 960 2014 Pracs.
985 1980 1177 2024 agitare
1208 1978 1301 2013 idem
1324 1983 1375 2014 est
1398 1983 1454 2014 at-

69 2049 136 2080 que
160 2039 197 2072 ἰη
217 2039 395 2082 praesidio
420 2050 514 2079 esse‚·
541 2039 586 2072 cf.
610 2051 640 2073 c.
657 2040 727 2081 LV,
752 2039 787 2073 4.
812 2059 855 2065 —
880 2040 1006 2082 quta,
1030 2050 1064 2073 v.
1087 2039 1131 2073 ad
1155 2039 1231 2073 Cat.
1256 2039 1300 2081 11,
1323 2038 1357 2073 8.

162 2101 194 2141 ἓ.
227 2098 285 2133 34.
332 2099 386 2133 his
409 2101 498 2144 ego]
532 2100 640 2134 Fabr.
666 2099 699 2135 1.
735 2101 816 2135 Bas.
840 2100 872 2133 1.
912 2102 983 2135 luc.
1010 2100 1043 2134 1.
1076 2099 1153 2133 Vin.
1177 2098 1211 2132 2.
1251 2099 1368 2133 Guelf.
1394 2099 1451 2133 10.

69 2159 157 2194 Tur.
181 2161 215 2195 1.
239 2160 351 2196 Paris.
369 2171 402 2196 x.
426 2160 479 2194 his
503 2171 609 2205 ergo
622 2173 636 2201 ‚-
659 2161 762 2196 male.
809 2160 900 2195 Nam
924 2164 1047 2194 auctor
1069 2171 1169 2194 suam
1191 2160 1319 2205 agendi
1340 2160 1452 2194 ratio-

67 2232 147 2255 nem
180 2233 261 2255 cum
294 2222 443 2255 aliorum
476 2225 664 2264 comparat.
687 2239 734 2246 —
757 2223 863 2262 Arte,
893 2220 1186 2264 quemadmodum
1210 2231 1328 2255 omnes
1351 2221 1450 2256 codd.

22 2271 25 2277 ¹
68 2281 221 2324 habent,
245 2293 428 2326 perperam
452 2282 488 2316 in
511 2282 686 2316 nonnullis
710 2281 787 2316 edd.
809 2280 974 2316 scribitur
992 2286 1109 2321 arcte,·
1143 2291 1176 2315 v.
1201 2280 1246 2315 ad
1267 2293 1298 2315 c.
1318 2281 1391 2323 ml,
1415 2281 1451 2315 6.

71 2343 189 2377 Colere
222 2343 371 2387 aliquem
406 2354 515 2387 quum
546 2354 614 2376 non
646 2342 852 2387 simpliciter
883 2343 976 2376 idem
1002 2340 1048 2376 sit
1079 2345 1183 2384 atque
1209 2346 1361 2377 tractare
1393 2342 1451 2375 vel

69 2403 213 2444 habere,
244 2404 304 2437 sed
338 2404 446 2439 bene
480 2409 654 2445 tractare,
690 2403 795 2438 facile
827 2406 971 2446 apparet
993 2402 1030 2437 h.
1054 2402 1078 2436 1.
1102 2413 1251 2446 zeugma
1275 2402 1450 2446 quoddam

70 2463 186 2504 effici,
219 2463 392 2506 siquidem
427 2466 535 2500 colere
568 2465 672 2509 plena
705 2464 741 2497 vi
772 2463 1013 2498 tantummodo
1036 2474 1118 2497 cum
1140 2465 1318 2507 opulenter
1341 2463 1449 2497 verbo

69 2522 268 2566 conspirat,
292 2525 337 2558 ad
358 2529 436 2559 arte
459 2525 608 2559 relatum
631 2525 724 2559 idem
747 2528 799 2558 est
822 2528 925 2568 atque
947 2525 1140 2558 habere.--
1161 2523 1330 2565 Gloriam,
1353 2520 1448 2564 quod

71 2583 309 2627 praedicatum
333 2588 408 2626 est,
443 2595 523 2618 cum
549 2584 586 2618 vi
616 2583 870 2629 praemittitur3
903 2585 948 2620 cf.
971 2595 1079 2629 supra
1101 2596 1131 2618 c.
1156 2582 1329 2623 Lxxxn,
1352 2580 1387 2615 2.
1412 2586 1446 2614 et

72 2654 103 2676 v.
129 2644 296 2678 Goerenz.
319 2645 363 2679 ad
387 2645 460 2681 cic.
483 2645 526 2678 de
547 2646 657 2690 Legg.
680 2646 710 2688 1,
727 2644 762 2687 6,
780 2644 836 2678 19.
861 2647 896 2678 et
918 2646 962 2680 ad
984 2644 1084 2679 Finn.
1107 2645 1152 2686 11,
1174 2643 1209 2684 8,
1231 2642 1287 2677 23.
1307 2653 1341 2686 p.
1363 2641 1443 2675 152.

161 2706 193 2747 §.
216 2705 274 2739 35.
321 2706 421 2739 civile
443 2705 644 2750 imperium]
676 2706 783 2740 Civile
806 2717 914 2749 quum
936 2704 981 2740 sit
1004 2705 1096 2748 quod
1117 2703 1231 2738 civem
1254 2703 1361 2743 decet,
1386 2712 1445 2735 no-

73 2773 139 2804 que
161 2764 255 2799 fastu
277 2769 337 2800 aut
359 2765 564 2811 arrogantia
589 2765 720 2800 civium
743 2766 886 2800 modum
908 2766 1070 2808 excedat,
1095 2763 1296 2808 saepissime
1320 2761 1447 2796 dicitur
