1630 3034
388 177 758 224 IUGURTHA.
815 175 947 221 CAP.
977 175 1071 218 CX.
1329 180 1410 219 591

30 313 182 356 sume,
228 302 379 350 utere3
417 302 463 341 et
497 295 649 355 quoad
684 295 826 352 vives,
861 309 1113 352 numquam
1148 293 1227 337 tibi
1261 293 1416 338 reddi-

27 403 120 439 tam
153 395 345 454 gratiam
374 395 616 454 putaveris‚
651 409 830 455 semper
846 392 979 453 'apud
1007 408 1081 436 me
1108 393 1283 452 integra
1309 392 1415 444 erit3

28 493 221 552 denique
262 492 396 550 nihil,
437 507 512 537 me
548 494 736 551 sciente,
779 493 944 537 frustra
978 490 1117 537 voles,
1186 490 1327 546 Nam,
1364 492 1448 534 ut5

26 654 102 689 Lat.
135 655 243 699 ampl.
267 654 345 689 Vol.
379 655 423 689 11.
457 658 488 698 ἓ.
512 654 594 689 198.
632 667 668 700 p.
694 654 774 689 114.
815 655 1028 689 Iaumannus
1059 656 1176 687 tamen
1201 652 1315 696 suerit
1346 661 1412 695 pro

18 719 142 759 futuro
167 721 284 750 exacto
309 716 437 758 habet3
462 717 554 760 quod
578 718 750 760 quomodo
774 717 924 760 probare
948 714 1055 759 possit
1077 725 1145 748 non
1179 724 1355 757 assequor.
1370 731 1408 737 —

23 777 94 811 Pro
126 789 196 822 qua
226 776 419 811 Muellerus
452 789 494 811 ex
528 778 647 811 Guelf.
680 777 714 813 4.
747 777 884 821 scripsit
914 777 1011 821 quia,
1041 775 1140 808 nulla
1164 775 1266 817 plane
1290 783 1414 807 caussa

25 837 167 880 addita,
209 850 272 871 cur
311 838 416 871 istam
451 838 753 881 interpoiationem
787 839 957 884 vulgatae
989 838 1121 882 probae
1156 836 1346 885 admodum
1379 839 1413 869 et

24 899 122 933 codd.
148 899 321 943 praesidio
346 899 507 932 firmatae
529 899 743 942 praetulerit.

116 961 149 1002 ἓ.
174 959 208 993 4.
237 961 278 994 Id
302 960 412 1004 adeo]
462 960 514 993 De
536 960 573 993 vi
598 961 683 994 adeo
706 960 813 1002 vocis,
837 970 906 1003 qua
930 959 974 993 ad
999 958 1256 993 antecedentem
1280 960 1411 992 sentcn-

23 1019 110 1054 tiam
134 1020 277 1064 gravius
300 1021 383 1064 quid
408 1021 591 1063 adiicitur,
622 1033 656 1055 v.
679 1022 723 1055 ad
747 1021 850 1055 Catil.
875 1032 904 1054 c.
929 1021 1101 1061 xxxix,
1135 1020 1168 1055 2.
1200 1031 1234 1063 p.
1261 1019 1341 1052 170.
1368 1036 1413 1042 —

23 1082 147 1115 Animo
182 1082 295 1116 multo
328 1082 582 1126 significantius
614 1073 744 1116 dictum
774 1086 838 1125 est,
872 1092 977 1125 quam
1010 1081 1095 1121 tibi;
1120 1091 1153 1114 v.
1179 1081 1224 1114 ad
1250 1079 1413 1119 XXXIX,

24 1141 59 1175 5.
83 1158 128 1168 --
157 1143 260 1176 Utere
281 1143 431 1176 verbum
455 1155 563 1187 quum
587 1143 697 1178 alium
726 1155 845 1178 casum
868 1147 980 1188 regat,
1006 1147 1110 1186 atque
1131 1152 1245 1181 sume,
1277 1151 1339 1183 per
1362 1140 1414 1173 el-

21 1203 127 1246 lipsin
158 1204 373 1247 pronominis
405 1205 561 1239 ablativo
595 1205 697 1249 positi
725 1205 990 1249 intelligendum
1015 1208 1087 1244 est3
1112 1203 1156 1236 cf.
1182 1203 1225 1236 ad
1251 1201 1353 1236 Catii.
1380 1212 1410 1234 c.

23 1265 124 1306 XIII,
163 1265 197 1299 2.
229 1276 264 1309 p.
298 1266 355 1300 66.
388 1270 422 1300 et
446 1266 489 1300 ad
518 1266 598 1311 lug.
623 1279 652 1299 c.
674 1267 770 1308 LIV,
801 1267 836 1300 1.
862 1265 933 1299 Cic.
956 1266 1046 1309 Epp.
1069 1265 1113 1299 ad
1136 1265 1274 1298 Famm.
1298 1263 1352 1305 11,
1376 1261 1414 1306 3,

22 1328 109 1359 extr.
159 1326 258 1368 Quae
280 1327 430 1370 primum
454 1327 651 1371 navigandi
674 1327 770 1361 nobis
786 1328 946 1371 facultas
980 1327 1068 1360 data
1101 1327 1187 1367 erit,
1221 1329 1411 1359 utemur.

23 1386 70 1419 id.
94 1386 252 1431 Philipp.
276 1388 305 1430 1,
329 1386 393 1431 15,
419 1387 476 1422 38.
534 1388 632 1430 Quae
654 1393 807 1433 potestas
831 1389 861 1422 si
884 1388 970 1421 mihi
992 1387 1129 1432 saepius
1153 1387 1227 1420 sine
1249 1397 1322 1419 meo
1346 1396 1412 1418 ve-

23 1452 159 1492 stroque
180 1449 332 1493 periculo
347 1450 427 1493 fiet,
452 1454 568 1483 utar.
590 1468 633 1474 —
664 1450 752 1490 Tibi,
776 1449 868 1493 quod
889 1449 924 1483 in
947 1448 1067 1492 paucis
1087 1448 1184 1481 codd.
1210 1447 1316 1489 deest,
1342 1446 1413 1479 im-

22 1508 148 1543 merito
175 1520 197 1543 a
222 1509 340 1543 Cortio
365 1515 399 1544 et
425 1509 616 1544 Gerlachio
639 1510 786 1544 eiectum
811 1514 884 1554 est,
915 1521 1022 1553 quum
1045 1509 1151 1554 longe
1176 1507 1411 1552 plurimorum

23 1569 195 1604 librorum
229 1581 413 1605 consensus
445 1571 552 1605 etiam
583 1570 714 1605 Donati
751 1571 949 1605 testimonio
983 1571 1029 1604 ad
1061 1569 1146 1604 Ter.
1179 1570 1269 1603 Eun.
1293 1569 1352 1609 IV,
1376 1567 1412 1609 (i,

23 1629 80 1664 12.
105 1630 341 1665 confirmetur.
390 1633 575 1665 Praeterea
599 1632 634 1665 in
659 1636 731 1666 tam
755 1632 912 1666 officiosa
935 1631 1105 1672 oratione,
1129 1630 1225 1674 quali
1249 1629 1412 1663 Bocchus

23 1691 145 1733 utitur,
179 1691 240 1724 vix
271 1696 385 1735 potest
416 1703 583 1736 personae
616 1692 827 1737 significatio
859 1694 990 1729 abesse.
1017 1712 1062 1719 -
1099 1691 1281 1725 Putaveris
1312 1689 1412 1724 verbi

22 1752 137 1785 Faber
169 1763 353 1796 perperam
385 1757 486 1797 putat
518 1754 663 1787 eandem
692 1754 868 1788 rationem
901 1765 994 1795 esse,
1028 1764 1117 1797 quae
1141 1756 1193 1786 est
1215 1750 1413 1796 praegressi

23 1812 236 1846 coniunctivi
253 1815 380 1856 fuerit.
425 1813 517 1848 Nam
543 1825 650 1857 quum
676 1814 765 1847 illud
789 1814 996 1847 concedendi
1018 1814 1091 1846 vim
1116 1814 1267 1855 habeat,
1292 1817 1330 1846 ut
1352 1823 1413 1846 su-

22 1884 86 1917 pra
109 1875 331 1915 ostendimus,
353 1875 422 1907 hoc
448 1886 530 1908 vero
553 1875 598 1908 ad
620 1875 867 1918 imperativum
887 1874 939 1907 ita
959 1874 1182 1918 adiungatur,
1205 1877 1244 1907 ut
1266 1873 1312 1907 ad
1334 1883 1412 1906 cer-

22 1940 97 1968 tam
120 1935 163 1967 de
185 1946 253 1968 non
277 1935 412 1969 reddita
437 1934 553 1978 gratia
576 1936 836 1978 persuasionem
860 1934 1065 1978 capiendam
1098 1935 1321 1975 adhortetur,
1356 1932 1412 1966 di-

23 2005 124 2029 versa
147 1995 287 2029 omnino
311 1995 492 2038 utriusque
514 1995 612 2028 verbi
637 1999 787 2039 potestas
812 1999 872 2029 est.
921 1996 1041 2038 Neque
1066 1999 1182 2030 tamen
1205 1993 1412 2029 assentimur

22 2056 283 2098 Ramshornio‚
317 2056 353 2090 in
381 2057 541 2090 Gramm.
565 2056 642 2090 Lat.
668 2058 701 2098 §—
726 2056 807 2098 164,
833 2056 867 2090 7.
893 2068 925 2100 p.
950 2056 1020 2090 402
1045 2067 1094 2099 sq.
1119 2054 1282 2090 statuenti
1303 2058 1412 2098 puta-

24 2118 115 2151 veris
139 2106 394 2152 esse'suturum
418 2119 598 2158 exactum,
630 2116 722 2159 quod
753 2117 837 2150 huic
864 2117 1113 2151 sententiarum
1136 2115 1241 2150 nexui
1265 2114 1411 2149 minime

15 2177 204 2219 'com-enit,
229 2179 288 2212 sed
311 2189 374 2222 pro
399 2176 623 2211 coniunctim
646 2177 793 2221 perfecti
821 2178 1012 2220 habemus,
1044 2176 1245 2221 imperativi
1269 2174 1414 2209 lenioris

24 2241 229 2281 potestatem
263 2240 454 2280 obtinente3
490 2238 535 2272 cf.
565 2238 656 2283 Aug.
691 2238 897 2272 Grotefendi
927 2240 1088 2272 Gramm.
1120 2238 1194 2272 Lat.
1229 2236 1339 2270 schol.
1374 2237 1409 2278 §-

25 2298 104 2333 182.
131 2311 166 2343 p.
190 2299 270 2334 148.
296 2301 388 2345 Aug.
415 2298 590 2333 Matthiae
610 2299 754 2332 Excurs.
781 2299 825 2332 ad
850 2299 921 2333 Cic.
947 2311 998 2334 or.
1023 2299 1058 2332 in
1083 2298 1185 2332 Catii.
1208 2297 1268 2340 lv,
1291 2296 1325 2339 6,
1349 2296 1409 2329 11.

25 2371 59 2403 p.
86 2359 167 2395 214.
192 2361 265 2394 Cic.
289 2373 322 2404 p.
347 2361 442 2395 Mur.
463 2372 494 2394 c.
518 2359 576 2400 31,
601 2358 659 2392 65.
707 2359 807 2393 Nihil
839 2360 1101 2406 ignoveris,
1139 2359 1227 2392 nihil
1264 2358 1411 2403 gratiae

24 2432 132 2454 eausa
156 2423 360 2463 feceris,
394 2419 630 2454 misericordia
661 2425 848 2454 commotus
879 2433 932 2455 ne
965 2422 1039 2457 sis.
1073 2419 1154 2454 Liv.
1187 2419 1262 2460 vn,
1293 2417 1351 2459 34,
1374 2415 1411 2451 5.

26 2482 83 2516 Ne
105 2487 145 2516 tu
168 2482 253 2515 mihi
273 2482 369 2526 plus,
402 2478 506 2526 ‹juam
530 2481 630 2514 unius
655 2481 804 2526 legionis
824 2482 995 2527 principes
1018 2482 1241 2525 hastatosque
1265 2479 1409 2512 dede-

25 2542 99 2576 ris.
126 2536 175 2576 id.
199 2542 298 2583 xxi,
321 2541 378 2584 4³,
403 2541 436 2576 6.
490 2541 552 2575 Ne
584 2543 839 2576 transieris
869 2544 1025 2584 Iberum,
1062 2553 1113 2576 ne
1145 2540 1228 2585 quid
1259 2541 1311 2573 rei
1343 2539 1408 2574 tibi

27 2603 88 2637 sit
111 2614 187 2638 cum
210 2602 431 2648 Saguntinis,
454 2613 623 2647 nusquam
647 2608 683 2638 te
706 2603 856 2647 vestigio
880 2603 1090 2638 moveris.
1118 2621 1163 2627 —
1194 2601 1322 2635 Gratia
1346 2601 1411 2634 in·-

27 2668 167 2708 tegra
198 2668 365 2706 vocatur,
398 2662 572 2707 praestitis
604 2663 730 2697 officiis
761 2673 851 2706 quae
885 2663 1038 2697 nondum
1064 2661 1200 2696 reddita
1221 2665 1283 2696 est.
1331 2661 1410 2693 noc

28 2723 136 2769 igitur
159 2723 244 2758 dicit
266 2724 444 2759 Bocchus:
476 2724 705 2768 Quotcunque
728 2723 849 2758 officia
872 2723 937 2758 tibi
960 2723 1186 2767 praestitero,
1218 2725 1335 2756 tamen
1357 2719 1409 2753 sic

27 2784 157 2827 accipe,
182 2795 224 2818 ac
245 2785 275 2819 si
297 2785 396 2819 nunu
418 2785 679 2828 praestitissem,
702 2788 742 2818 ut
762 2795 855 2819 nova
877 2796 1012 2828 semper
1033 2784 1214 2828 postulare
1231 2781 1408 2826 possim——
