<?xml version="1.0" encoding="UTF-8"?>
<!DOCTYPE html PUBLIC "-//W3C//DTD XHTML 1.0 Transitional//EN"
    "http://www.w3.org/TR/xhtml1/DTD/xhtml1-transitional.dtd">
<html xmlns="http://www.w3.org/1999/xhtml" xml:lang="en" lang="en">
 <head>
  <title>
</title>
<meta http-equiv="Content-Type" content="text/html;charset=utf-8" />
  <meta name='ocr-system' content='tesseract 3.04.00' />
  <meta name='ocr-capabilities' content='ocr_page ocr_carea ocr_par ocr_line ocrx_word'/>
</head>
<body>
  <div class='ocr_page' id='page_1' title='image "./operaquaesupeappx01salluoft_0392.png"; bbox 0 0 1630 3034; ppageno 0'>
   <div class='ocr_carea' id='block_1_1' title="bbox 112 179 1132 225">
    <p class='ocr_par' dir='ltr' id='par_1_1' title="bbox 112 179 1132 225">
     <span class='ocr_line' id='line_1_1' title="bbox 112 179 1132 225; baseline -0.002 0"><span class='ocrx_word' id='word_1_1' title='bbox 112 186 168 225; x_wconf 86' lang='grc'>16</span> <span class='ocrx_word' id='word_1_2' title='bbox 489 179 533 222; x_wconf 89' lang='lat' dir='ltr'>C.</span> <span class='ocrx_word' id='word_1_3' title='bbox 563 179 880 223; x_wconf 87' lang='lat' dir='ltr'><strong>SALLUSTI</strong></span> <span class='ocrx_word' id='word_1_4' title='bbox 912 179 1132 223; x_wconf 88' lang='lat' dir='ltr'>CRISPI</span> 
     </span>
    </p>
   </div>
   <div class='ocr_carea' id='block_1_2' title="bbox 111 296 1507 356">
    <p class='ocr_par' dir='ltr' id='par_1_2' title="bbox 111 296 1507 356">
     <span class='ocr_line' id='line_1_2' title="bbox 111 296 1507 356; baseline 0.001 -15"><span class='ocrx_word' id='word_1_5' title='bbox 111 298 155 342; x_wconf 88' lang='lat' dir='ltr'>vi</span> <span class='ocrx_word' id='word_1_6' title='bbox 191 296 373 355; x_wconf 85' lang='lat' dir='ltr'>quidem</span> <span class='ocrx_word' id='word_1_7' title='bbox 407 311 569 356; x_wconf 84' lang='lat' dir='ltr'>regere</span> <span class='ocrx_word' id='word_1_8' title='bbox 598 297 790 356; x_wconf 84' lang='lat' dir='ltr'>patriam</span> <span class='ocrx_word' id='word_1_9' title='bbox 817 302 894 340; x_wconf 82' lang='lat' dir='ltr'>aut</span> <span class='ocrx_word' id='word_1_10' title='bbox 921 302 1131 356; x_wconf 83' lang='lat' dir='ltr'>parentes</span> <span class='ocrx_word' id='word_1_11' title='bbox 1159 311 1432 356; x_wconf 85' lang='lat' dir='ltr'>quamquam</span> <span class='ocrx_word' id='word_1_12' title='bbox 1462 306 1507 344; x_wconf 82' lang='lat' dir='ltr'>et</span> 
     </span>
    </p>
   </div>
   <div class='ocr_carea' id='block_1_3' title="bbox 113 393 1508 455">
    <p class='ocr_par' dir='ltr' id='par_1_3' title="bbox 113 393 1508 455">
     <span class='ocr_line' id='line_1_3' title="bbox 113 393 1508 455; baseline 0.001 -17"><span class='ocrx_word' id='word_1_13' title='bbox 113 394 278 455; x_wconf 82' lang='lat' dir='ltr'>possis,</span> <span class='ocrx_word' id='word_1_14' title='bbox 333 397 380 437; x_wconf 84' lang='lat' dir='ltr'>et</span> <span class='ocrx_word' id='word_1_15' title='bbox 422 393 585 437; x_wconf 82' lang='lat' dir='ltr'>delicta</span> <span class='ocrx_word' id='word_1_16' title='bbox 632 394 856 454; x_wconf 78' lang='lat' dir='ltr'>corrigas,</span> <span class='ocrx_word' id='word_1_17' title='bbox 899 399 1052 438; x_wconf 82' lang='lat' dir='ltr'>tamen</span> <span class='ocrx_word' id='word_1_18' title='bbox 1086 394 1392 455; x_wconf 88' lang='lat' dir='ltr'>importunum</span> <span class='ocrx_word' id='word_1_19' title='bbox 1426 402 1508 451; x_wconf 87' lang='lat' dir='ltr'>est,</span> 
     </span>
    </p>
   </div>
   <div class='ocr_carea' id='block_1_4' title="bbox 112 513 1531 2741">
    <p class='ocr_par' dir='ltr' id='par_1_4' title="bbox 112 513 1514 1404">
     <span class='ocr_line' id='line_1_4' title="bbox 112 513 1510 560; baseline 0.002 -13"><span class='ocrx_word' id='word_1_20' title='bbox 112 513 258 559; x_wconf 71' lang='lat' dir='ltr'>gravius</span> <span class='ocrx_word' id='word_1_21' title='bbox 285 517 338 547; x_wconf 82' lang='lat' dir='ltr'>est</span> <span class='ocrx_word' id='word_1_22' title='bbox 364 513 434 549; x_wconf 76' lang='lat' dir='ltr'>tuti</span> <span class='ocrx_word' id='word_1_23' title='bbox 461 524 530 548; x_wconf 85' lang='lat' dir='ltr'>non</span> <span class='ocrx_word' id='word_1_24' title='bbox 556 513 649 548; x_wconf 85' lang='lat' dir='ltr'>nude</span> <span class='ocrx_word' id='word_1_25' title='bbox 675 525 752 548; x_wconf 82' lang='lat' dir='ltr'>esse</span> <span class='ocrx_word' id='word_1_26' title='bbox 777 513 931 556; x_wconf 82' lang='lat' dir='ltr'>dictum,</span> <span class='ocrx_word' id='word_1_27' title='bbox 964 514 1026 547; x_wconf 89' lang='lat' dir='ltr'>sed</span> <span class='ocrx_word' id='word_1_28' title='bbox 1045 515 1164 559; x_wconf 73' lang='lat' dir='ltr'>utique</span> <span class='ocrx_word' id='word_1_29' title='bbox 1183 515 1354 559; x_wconf 73' lang='lat' dir='ltr'>particula</span> <span class='ocrx_word' id='word_1_30' title='bbox 1372 516 1510 560; x_wconf 80' lang='lat' dir='ltr'>augeri,</span> 
     </span>
     <span class='ocr_line' id='line_1_5' title="bbox 112 573 1510 619; baseline 0.001 -12"><span class='ocrx_word' id='word_1_31' title='bbox 112 575 155 607; x_wconf 86' lang='lat' dir='ltr'>de</span> <span class='ocrx_word' id='word_1_32' title='bbox 170 574 269 607; x_wconf 86' lang='lat' dir='ltr'>cuius</span> <span class='ocrx_word' id='word_1_33' title='bbox 288 575 516 609; x_wconf 82' lang='lat' dir='ltr'>confirmandi</span> <span class='ocrx_word' id='word_1_34' title='bbox 535 578 702 619; x_wconf 80' lang='lat' dir='ltr'><strong>potestate</strong></span> <span class='ocrx_word' id='word_1_35' title='bbox 719 585 754 609; x_wconf 82' lang='lat' dir='ltr'>v,</span> <span class='ocrx_word' id='word_1_36' title='bbox 774 575 1024 609; x_wconf 85' lang='lat' dir='ltr'>Frotscherum</span> <span class='ocrx_word' id='word_1_37' title='bbox 1053 576 1097 609; x_wconf 83' lang='lat' dir='ltr'>ad</span> <span class='ocrx_word' id='word_1_38' title='bbox 1118 573 1285 619; x_wconf 84' lang='lat' dir='ltr'>Quinctil.</span> <span class='ocrx_word' id='word_1_39' title='bbox 1305 575 1359 617; x_wconf 82' lang='lat' dir='ltr'>X,</span> <span class='ocrx_word' id='word_1_40' title='bbox 1384 574 1426 617; x_wconf 82' lang='lat'>2,</span> <span class='ocrx_word' id='word_1_41' title='bbox 1452 574 1510 608; x_wconf 78' lang='lat'>10.</span> 
     </span>
     <span class='ocr_line' id='line_1_6' title="bbox 115 635 1511 680; baseline 0.001 -12"><span class='ocrx_word' id='word_1_42' title='bbox 115 636 225 668; x_wconf 78' lang='lat' dir='ltr'>Tutus</span> <span class='ocrx_word' id='word_1_43' title='bbox 253 635 336 678; x_wconf 89' lang='lat' dir='ltr'>quid</span> <span class='ocrx_word' id='word_1_44' title='bbox 353 635 526 680; x_wconf 85' lang='lat' dir='ltr'>significet</span> <span class='ocrx_word' id='word_1_45' title='bbox 553 635 805 679; x_wconf 75' lang='lat' dir='ltr'><strong>explicavimus</strong></span> <span class='ocrx_word' id='word_1_46' title='bbox 830 635 925 669; x_wconf 76' lang='lat' dir='ltr'>infra</span> <span class='ocrx_word' id='word_1_47' title='bbox 943 636 987 669; x_wconf 84' lang='lat' dir='ltr'>ad</span> <span class='ocrx_word' id='word_1_48' title='bbox 1015 647 1045 670; x_wconf 89' lang='lat' dir='ltr'>c.</span> <span class='ocrx_word' id='word_1_49' title='bbox 1067 636 1296 678; x_wconf 73' lang='lat' dir='ltr'>LXXXVIII,</span> <span class='ocrx_word' id='word_1_50' title='bbox 1320 635 1355 671; x_wconf 85' lang='lat'>2.</span> <span class='ocrx_word' id='word_1_51' title='bbox 1402 636 1511 670; x_wconf 84' lang='lat' dir='ltr'>Prae-</span> 
     </span>
     <span class='ocr_line' id='line_1_7' title="bbox 113 694 1511 740; baseline -0.001 -9"><span class='ocrx_word' id='word_1_52' title='bbox 113 701 209 732; x_wconf 82' lang='lat' dir='ltr'>terea</span> <span class='ocrx_word' id='word_1_53' title='bbox 230 697 302 730; x_wconf 83' lang='lat' dir='ltr'>iam</span> <span class='ocrx_word' id='word_1_54' title='bbox 319 699 414 740; x_wconf 78' lang='lat' dir='ltr'>patet·</span> <span class='ocrx_word' id='word_1_55' title='bbox 430 707 472 728; x_wconf 84' lang='lat' dir='ltr'>ex</span> <span class='ocrx_word' id='word_1_56' title='bbox 489 694 772 738; x_wconf 79' lang='lat' dir='ltr'>interpretatione</span> <span class='ocrx_word' id='word_1_57' title='bbox 790 701 922 738; x_wconf 87' lang='lat' dir='ltr'>nostra,</span> <span class='ocrx_word' id='word_1_58' title='bbox 946 698 1055 730; x_wconf 81' lang='lat' dir='ltr'>verba</span> <span class='ocrx_word' id='word_1_59' title='bbox 1075 702 1137 731; x_wconf 86' lang='lat' dir='ltr'>aut</span> <span class='ocrx_word' id='word_1_60' title='bbox 1154 709 1193 731; x_wconf 79' lang='lat' dir='ltr'>eo</span> <span class='ocrx_word' id='word_1_61' title='bbox 1211 696 1260 730; x_wconf 85' lang='lat' dir='ltr'>ita</span> <span class='ocrx_word' id='word_1_62' title='bbox 1277 708 1352 730; x_wconf 84' lang='lat' dir='ltr'>esse</span> <span class='ocrx_word' id='word_1_63' title='bbox 1370 696 1511 740; x_wconf 80' lang='lat' dir='ltr'>eapien-</span> 
     </span>
     <span class='ocr_line' id='line_1_8' title="bbox 113 756 1512 802; baseline -0.001 -9"><span class='ocrx_word' id='word_1_64' title='bbox 113 759 170 802; x_wconf 85' lang='lat' dir='ltr'>da,</span> <span class='ocrx_word' id='word_1_65' title='bbox 196 762 236 793; x_wconf 86' lang='lat' dir='ltr'>ut</span> <span class='ocrx_word' id='word_1_66' title='bbox 254 763 317 792; x_wconf 83' lang='lat' dir='ltr'>aut</span> <span class='ocrx_word' id='word_1_67' title='bbox 333 759 463 801; x_wconf 77' lang='lat' dir='ltr'><strong>spectet</strong></span> <span class='ocrx_word' id='word_1_68' title='bbox 480 756 526 789; x_wconf 84' lang='lat' dir='ltr'>ad</span> <span class='ocrx_word' id='word_1_69' title='bbox 544 756 770 799; x_wconf 75' lang='lat' dir='ltr'>supplendam</span> <span class='ocrx_word' id='word_1_70' title='bbox 790 756 1008 798; x_wconf 84' lang='lat' dir='ltr'>sententiam,</span> <span class='ocrx_word' id='word_1_71' title='bbox 1033 769 1103 801; x_wconf 79' lang='lat' dir='ltr'>qua</span> <span class='ocrx_word' id='word_1_72' title='bbox 1121 759 1330 791; x_wconf 87' lang='lat' dir='ltr'>concedatur</span> <span class='ocrx_word' id='word_1_73' title='bbox 1346 757 1394 799; x_wconf 81' lang='lat' dir='ltr'>id,</span> <span class='ocrx_word' id='word_1_74' title='bbox 1418 757 1512 801; x_wconf 86' lang='lat' dir='ltr'>quod</span> 
     </span>
     <span class='ocr_line' id='line_1_9' title="bbox 113 811 1512 862; baseline -0.002 -8"><span class='ocrx_word' id='word_1_75' title='bbox 113 824 217 855; x_wconf 81' lang='lat' dir='ltr'>antea</span> <span class='ocrx_word' id='word_1_76' title='bbox 238 822 314 852; x_wconf 85' lang='lat' dir='ltr'>erat</span> <span class='ocrx_word' id='word_1_77' title='bbox 328 821 514 862; x_wconf 83' lang='lat' dir='ltr'>negatum,</span> <span class='ocrx_word' id='word_1_78' title='bbox 552 828 591 849; x_wconf 87' lang='lat' dir='ltr'>eo</span> <span class='ocrx_word' id='word_1_79' title='bbox 612 821 729 849; x_wconf 80' lang='lat' dir='ltr'>autern</span> <span class='ocrx_word' id='word_1_80' title='bbox 749 816 832 859; x_wconf 88' lang='lat' dir='ltr'>quid</span> <span class='ocrx_word' id='word_1_81' title='bbox 850 816 930 850; x_wconf 87' lang='lat' dir='ltr'>inde</span> <span class='ocrx_word' id='word_1_82' title='bbox 950 811 1206 852; x_wconf 75' lang='lat' dir='ltr'>consectarium</span> <span class='ocrx_word' id='word_1_83' title='bbox 1226 817 1272 851; x_wconf 83' lang='lat' dir='ltr'>sit</span> <span class='ocrx_word' id='word_1_84' title='bbox 1289 817 1438 859; x_wconf 87' lang='lat' dir='ltr'>indicet;</span> <span class='ocrx_word' id='word_1_85' title='bbox 1475 828 1512 851; x_wconf 79' lang='lat' dir='ltr'>v,</span> 
     </span>
     <span class='ocr_line' id='line_1_10' title="bbox 115 877 1509 923; baseline -0.002 -8"><span class='ocrx_word' id='word_1_86' title='bbox 115 881 160 916; x_wconf 87' lang='lat' dir='ltr'>ad</span> <span class='ocrx_word' id='word_1_87' title='bbox 178 893 207 914; x_wconf 88' lang='lat' dir='ltr'>c.</span> <span class='ocrx_word' id='word_1_88' title='bbox 224 880 305 921; x_wconf 68' lang='lat' dir='ltr'>XX,</span> <span class='ocrx_word' id='word_1_89' title='bbox 328 878 364 914; x_wconf 83' lang='lat'>6.</span> <span class='ocrx_word' id='word_1_90' title='bbox 411 877 477 910; x_wconf 71' lang='lat' dir='ltr'>Vix</span> <span class='ocrx_word' id='word_1_91' title='bbox 497 879 550 910; x_wconf 84' lang='lat' dir='ltr'>est</span> <span class='ocrx_word' id='word_1_92' title='bbox 568 879 686 909; x_wconf 85' lang='lat' dir='ltr'>autem</span> <span class='ocrx_word' id='word_1_93' title='bbox 710 877 802 920; x_wconf 90' lang='lat' dir='ltr'>quod</span> <span class='ocrx_word' id='word_1_94' title='bbox 824 888 998 919; x_wconf 85' lang='lat' dir='ltr'>moneam,</span> <span class='ocrx_word' id='word_1_95' title='bbox 1024 891 1087 923; x_wconf 85' lang='lat' dir='ltr'>que</span> <span class='ocrx_word' id='word_1_96' title='bbox 1109 879 1285 922; x_wconf 64' lang='lat' dir='ltr'>particuli:</span> <span class='ocrx_word' id='word_1_97' title='bbox 1304 889 1387 912; x_wconf 82' lang='lat' dir='ltr'>casu</span> <span class='ocrx_word' id='word_1_98' title='bbox 1404 878 1509 912; x_wconf 83' lang='lat' dir='ltr'>omis-</span> 
     </span>
     <span class='ocr_line' id='line_1_11' title="bbox 113 936 1510 986; baseline -0.004 -9"><span class='ocrx_word' id='word_1_99' title='bbox 113 943 171 986; x_wconf 66' lang='grc' dir='ltr'>εεὶ,</span> <span class='ocrx_word' id='word_1_100' title='bbox 209 952 316 986; x_wconf 85' lang='lat' dir='ltr'>quam</span> <span class='ocrx_word' id='word_1_101' title='bbox 335 938 491 983; x_wconf 71' lang='lat' dir='ltr'>proclive</span> <span class='ocrx_word' id='word_1_102' title='bbox 518 936 646 978; x_wconf 83' lang='lat' dir='ltr'>fuerit,</span> <span class='ocrx_word' id='word_1_103' title='bbox 681 939 718 969; x_wconf 82' lang='lat' dir='ltr'>ut</span> <span class='ocrx_word' id='word_1_104' title='bbox 736 947 777 969; x_wconf 80' lang='lat' dir='ltr'>ex</span> <span class='ocrx_word' id='word_1_105' title='bbox 797 937 943 971; x_wconf 79' lang='lat' dir='ltr'>vocibus</span> <span class='ocrx_word' id='word_1_106' title='bbox 961 940 1159 981; x_wconf 78' lang='lat' dir='ltr'>suitutiluti</span> <span class='ocrx_word' id='word_1_107' title='bbox 1181 939 1328 983; x_wconf 76' lang='lat' dir='ltr'>vulgata</span> <span class='ocrx_word' id='word_1_108' title='bbox 1344 939 1510 982; x_wconf 86' lang='lat' dir='ltr'>prodiret.</span> 
     </span>
     <span class='ocr_line' id='line_1_12' title="bbox 113 996 1513 1046; baseline -0.003 -9"><span class='ocrx_word' id='word_1_109' title='bbox 113 1002 227 1038; x_wconf 71' lang='lat' dir='ltr'>Nimis</span> <span class='ocrx_word' id='word_1_110' title='bbox 249 1001 361 1046; x_wconf 83' lang='lat' dir='ltr'>igitur</span> <span class='ocrx_word' id='word_1_111' title='bbox 383 1010 406 1033; x_wconf 83' lang='lat' dir='ltr'>a</span> <span class='ocrx_word' id='word_1_112' title='bbox 429 1010 513 1032; x_wconf 87' lang='lat' dir='ltr'>vero</span> <span class='ocrx_word' id='word_1_113' title='bbox 541 996 721 1032; x_wconf 80' lang='lat' dir='ltr'>aberravit</span> <span class='ocrx_word' id='word_1_114' title='bbox 749 997 961 1042; x_wconf 80' lang='lat' dir='ltr'>Sellingius,</span> <span class='ocrx_word' id='word_1_115' title='bbox 995 998 1030 1031; x_wconf 87' lang='lat' dir='ltr'>in</span> <span class='ocrx_word' id='word_1_116' title='bbox 1055 999 1166 1033; x_wconf 86' lang='lat' dir='ltr'>Lectt.</span> <span class='ocrx_word' id='word_1_117' title='bbox 1192 1000 1278 1033; x_wconf 83' lang='lat' dir='ltr'>San.</span> <span class='ocrx_word' id='word_1_118' title='bbox 1302 1011 1335 1043; x_wconf 87' lang='lat' dir='ltr'>p.</span> <span class='ocrx_word' id='word_1_119' title='bbox 1353 999 1410 1033; x_wconf 82' lang='lat'>19.</span> <span class='ocrx_word' id='word_1_120' title='bbox 1434 999 1513 1033; x_wconf 83' lang='lat' dir='ltr'>Sal-</span> 
     </span>
     <span class='ocr_line' id='line_1_13' title="bbox 112 1058 1513 1105; baseline -0.004 -6"><span class='ocrx_word' id='word_1_121' title='bbox 112 1064 256 1100; x_wconf 84' lang='lat' dir='ltr'>lustium</span> <span class='ocrx_word' id='word_1_122' title='bbox 275 1061 455 1105; x_wconf 73' lang='lat' dir='ltr'>scripsisse</span> <span class='ocrx_word' id='word_1_123' title='bbox 486 1059 692 1093; x_wconf 74' lang='lat' dir='ltr'>coniiciens:</span> <span class='ocrx_word' id='word_1_124' title='bbox 729 1058 856 1100; x_wconf 84' lang='lat' dir='ltr'>quibus</span> <span class='ocrx_word' id='word_1_125' title='bbox 878 1070 938 1101; x_wconf 84' lang='lat' dir='ltr'>per</span> <span class='ocrx_word' id='word_1_126' title='bbox 958 1059 1118 1093; x_wconf 80' lang='lat' dir='ltr'>fraudem</span> <span class='ocrx_word' id='word_1_127' title='bbox 1136 1061 1188 1093; x_wconf 82' lang='lat' dir='ltr'>ius</span> <span class='ocrx_word' id='word_1_128' title='bbox 1208 1060 1348 1093; x_wconf 78' lang='lat' dir='ltr'>virtutis</span> <span class='ocrx_word' id='word_1_129' title='bbox 1367 1065 1435 1100; x_wconf 81' lang='lat' dir='ltr'>est,</span> <span class='ocrx_word' id='word_1_130' title='bbox 1469 1070 1513 1093; x_wconf 85' lang='lat' dir='ltr'>eo</span> 
     </span>
     <span class='ocr_line' id='line_1_14' title="bbox 112 1118 1512 1170; baseline -0.003 -12"><span class='ocrx_word' id='word_1_131' title='bbox 112 1127 228 1170; x_wconf 77' lang='lat' dir='ltr'>magis</span> <span class='ocrx_word' id='word_1_132' title='bbox 251 1122 387 1158; x_wconf 86' lang='lat' dir='ltr'>honesti</span> <span class='ocrx_word' id='word_1_133' title='bbox 411 1124 502 1155; x_wconf 83' lang='lat' dir='ltr'>sunt.</span> <span class='ocrx_word' id='word_1_134' title='bbox 536 1139 581 1144; x_wconf 92' lang='lat'>-—</span> <span class='ocrx_word' id='word_1_135' title='bbox 614 1119 760 1152; x_wconf 78' lang='lat' dir='ltr'>Honesti</span> <span class='ocrx_word' id='word_1_136' title='bbox 780 1118 803 1151; x_wconf 88' lang='grc' dir='ltr'>ἰ.</span> <span class='ocrx_word' id='word_1_137' title='bbox 826 1130 856 1152; x_wconf 84' lang='lat' dir='ltr'>e.</span> <span class='ocrx_word' id='word_1_138' title='bbox 876 1119 1059 1160; x_wconf 74' lang='grc' dir='ltr'><em>Ῑιοηοναιίς</em></span> <span class='ocrx_word' id='word_1_139' title='bbox 1081 1132 1113 1156; x_wconf 90' lang='lat' dir='ltr'>v.</span> <span class='ocrx_word' id='word_1_140' title='bbox 1135 1121 1178 1153; x_wconf 78' lang='lat' dir='ltr'>ad</span> <span class='ocrx_word' id='word_1_141' title='bbox 1195 1121 1299 1154; x_wconf 84' lang='lat' dir='ltr'>Catil.</span> <span class='ocrx_word' id='word_1_142' title='bbox 1320 1132 1350 1154; x_wconf 88' lang='lat' dir='ltr'>e.</span> <span class='ocrx_word' id='word_1_143' title='bbox 1371 1121 1451 1162; x_wconf 71' lang='lat' dir='ltr'>XX,</span> <span class='ocrx_word' id='word_1_144' title='bbox 1476 1120 1512 1154; x_wconf 86' lang='grc'>9.</span> 
     </span>
     <span class='ocr_line' id='line_1_15' title="bbox 112 1179 1514 1232; baseline -0.004 -12"><span class='ocrx_word' id='word_1_145' title='bbox 112 1199 149 1232; x_wconf 86' lang='lat' dir='ltr'>p.</span> <span class='ocrx_word' id='word_1_146' title='bbox 167 1185 249 1220; x_wconf 80' lang='lat'>102.</span> <span class='ocrx_word' id='word_1_147' title='bbox 296 1184 343 1219; x_wconf 76' lang='lat' dir='ltr'>cf.</span> <span class='ocrx_word' id='word_1_148' title='bbox 372 1182 445 1216; x_wconf 82' lang='lat' dir='ltr'>Cic.</span> <span class='ocrx_word' id='word_1_149' title='bbox 474 1182 574 1215; x_wconf 85' lang='lat' dir='ltr'><strong>Brut.</strong></span> <span class='ocrx_word' id='word_1_150' title='bbox 604 1192 634 1214; x_wconf 81' lang='lat' dir='ltr'>c,</span> <span class='ocrx_word' id='word_1_151' title='bbox 663 1179 832 1221; x_wconf 66' lang='lat' dir='ltr'>LXXXI,</span> <span class='ocrx_word' id='word_1_152' title='bbox 856 1179 937 1213; x_wconf 78' lang='lat'>281.</span> <span class='ocrx_word' id='word_1_153' title='bbox 977 1181 1090 1223; x_wconf 78' lang='lat' dir='ltr'>Quum</span> <span class='ocrx_word' id='word_1_154' title='bbox 1116 1182 1222 1215; x_wconf 77' lang='lat' dir='ltr'>honos</span> <span class='ocrx_word' id='word_1_155' title='bbox 1251 1182 1297 1215; x_wconf 77' lang='lat' dir='ltr'>sit</span> <span class='ocrx_word' id='word_1_156' title='bbox 1318 1182 1514 1225; x_wconf 78' lang='lat' dir='ltr'>praemium</span> 
     </span>
     <span class='ocr_line' id='line_1_16' title="bbox 113 1241 1514 1288; baseline -0.004 -7"><span class='ocrx_word' id='word_1_157' title='bbox 113 1247 276 1288; x_wconf 79' lang='lat' dir='ltr'>virtutis,</span> <span class='ocrx_word' id='word_1_158' title='bbox 312 1244 439 1278; x_wconf 77' lang='lat' dir='ltr'>iudicio</span> <span class='ocrx_word' id='word_1_159' title='bbox 460 1242 641 1286; x_wconf 77' lang='lat' dir='ltr'>studioque</span> <span class='ocrx_word' id='word_1_160' title='bbox 663 1241 789 1274; x_wconf 75' lang='lat' dir='ltr'>civium</span> <span class='ocrx_word' id='word_1_161' title='bbox 808 1241 964 1274; x_wconf 79' lang='lat' dir='ltr'>delatum</span> <span class='ocrx_word' id='word_1_162' title='bbox 986 1242 1034 1275; x_wconf 81' lang='lat' dir='ltr'>ad</span> <span class='ocrx_word' id='word_1_163' title='bbox 1055 1242 1224 1286; x_wconf 81' lang='lat' dir='ltr'>aliquem,</span> <span class='ocrx_word' id='word_1_164' title='bbox 1260 1242 1414 1286; x_wconf 79' lang='lat' dir='ltr'>quicum</span> <span class='ocrx_word' id='word_1_165' title='bbox 1434 1254 1514 1276; x_wconf 82' lang='lat' dir='ltr'>sen-</span> 
     </span>
     <span class='ocr_line' id='line_1_17' title="bbox 114 1302 1514 1352; baseline -0.003 -10"><span class='ocrx_word' id='word_1_166' title='bbox 114 1309 242 1349; x_wconf 78' lang='lat' dir='ltr'>tentiis,</span> <span class='ocrx_word' id='word_1_167' title='bbox 269 1307 327 1352; x_wconf 69' lang='grc' dir='ltr'>ραι·</span> <span class='ocrx_word' id='word_1_168' title='bbox 345 1303 529 1349; x_wconf 77' lang='lat' dir='ltr'>suffragiis</span> <span class='ocrx_word' id='word_1_169' title='bbox 549 1303 696 1347; x_wconf 81' lang='lat' dir='ltr'>adeptus</span> <span class='ocrx_word' id='word_1_170' title='bbox 718 1307 782 1346; x_wconf 86' lang='lat' dir='ltr'>est,</span> <span class='ocrx_word' id='word_1_171' title='bbox 820 1302 850 1336; x_wconf 74' lang='lat' dir='ltr'>is</span> <span class='ocrx_word' id='word_1_172' title='bbox 869 1302 956 1336; x_wconf 79' lang='lat' dir='ltr'>mihi</span> <span class='ocrx_word' id='word_1_173' title='bbox 974 1307 1008 1337; x_wconf 84' lang='lat' dir='ltr'>et</span> <span class='ocrx_word' id='word_1_174' title='bbox 1032 1303 1249 1338; x_wconf 79' lang='lat' dir='ltr'>honestus</span> <span class='ocrx_word' id='word_1_175' title='bbox 1273 1308 1308 1338; x_wconf 81' lang='lat' dir='ltr'>et</span> <span class='ocrx_word' id='word_1_176' title='bbox 1330 1304 1514 1338; x_wconf 74' lang='lat' dir='ltr'>honora-</span> 
     </span>
     <span class='ocr_line' id='line_1_18' title="bbox 114 1352 601 1404; baseline -0.016 0"><span class='ocrx_word' id='word_1_177' title='bbox 114 1374 190 1404; x_wconf 80' lang='lat' dir='ltr'>tus</span> <span class='ocrx_word' id='word_1_178' title='bbox 214 1368 364 1401; x_wconf 72' lang='lat' dir='ltr'>videtur.</span> <span class='ocrx_word' id='word_1_179' title='bbox 599 1352 601 1363; x_wconf 52' lang='grc' dir='ltr'>Ι</span> 
     </span>
    </p>

    <p class='ocr_par' dir='ltr' id='par_1_5' title="bbox 114 1424 1518 2080">
     <span class='ocr_line' id='line_1_19' title="bbox 209 1424 1515 1471; baseline -0.002 -9"><span class='ocrx_word' id='word_1_180' title='bbox 209 1431 242 1471; x_wconf 69' lang='grc' dir='ltr'>ς.</span> <span class='ocrx_word' id='word_1_181' title='bbox 264 1428 298 1462; x_wconf 80' lang='lat'>2.</span> <span class='ocrx_word' id='word_1_182' title='bbox 343 1427 498 1471; x_wconf 76' lang='lat' dir='ltr'>patriam</span> <span class='ocrx_word' id='word_1_183' title='bbox 522 1430 586 1460; x_wconf 82' lang='lat' dir='ltr'>aut</span> <span class='ocrx_word' id='word_1_184' title='bbox 608 1426 792 1470; x_wconf 81' lang='lat' dir='ltr'>parentes]</span> <span class='ocrx_word' id='word_1_185' title='bbox 836 1426 1004 1460; x_wconf 79' lang='lat' dir='ltr'>Parentes</span> <span class='ocrx_word' id='word_1_186' title='bbox 1026 1426 1149 1470; x_wconf 81' lang='lat' dir='ltr'>quales</span> <span class='ocrx_word' id='word_1_187' title='bbox 1177 1425 1215 1461; x_wconf 88' lang='lat' dir='ltr'>h.</span> <span class='ocrx_word' id='word_1_188' title='bbox 1242 1426 1267 1460; x_wconf 89' lang='lat' dir='ltr'>l.</span> <span class='ocrx_word' id='word_1_189' title='bbox 1296 1424 1515 1471; x_wconf 84' lang='lat' dir='ltr'>intelligendi</span> 
     </span>
     <span class='ocr_line' id='line_1_20' title="bbox 114 1480 1517 1531; baseline -0.004 -7"><span class='ocrx_word' id='word_1_190' title='bbox 114 1489 184 1524; x_wconf 84' lang='lat' dir='ltr'>sint</span> <span class='ocrx_word' id='word_1_191' title='bbox 199 1488 349 1523; x_wconf 78' lang='lat' dir='ltr'>diximus</span> <span class='ocrx_word' id='word_1_192' title='bbox 365 1480 407 1521; x_wconf 82' lang='lat' dir='ltr'>ad</span> <span class='ocrx_word' id='word_1_193' title='bbox 429 1487 530 1521; x_wconf 83' lang='lat' dir='ltr'>Catil.</span> <span class='ocrx_word' id='word_1_194' title='bbox 550 1488 609 1528; x_wconf 67' lang='lat' dir='ltr'>vl,</span> <span class='ocrx_word' id='word_1_195' title='bbox 627 1486 660 1520; x_wconf 82' lang='lat'>5.</span> <span class='ocrx_word' id='word_1_196' title='bbox 687 1500 721 1531; x_wconf 84' lang='lat' dir='ltr'>p.</span> <span class='ocrx_word' id='word_1_197' title='bbox 743 1487 799 1521; x_wconf 62' lang='lat'>34.</span> <span class='ocrx_word' id='word_1_198' title='bbox 822 1488 919 1521; x_wconf 78' lang='lat' dir='ltr'>etad</span> <span class='ocrx_word' id='word_1_199' title='bbox 939 1488 1015 1531; x_wconf 81' lang='lat' dir='ltr'>lug.</span> <span class='ocrx_word' id='word_1_200' title='bbox 1039 1488 1244 1528; x_wconf 74' lang='lat' dir='ltr'>Lxxxwl,</span> <span class='ocrx_word' id='word_1_201' title='bbox 1268 1486 1303 1520; x_wconf 82' lang='lat'>2.</span> <span class='ocrx_word' id='word_1_202' title='bbox 1338 1485 1517 1529; x_wconf 78' lang='lat' dir='ltr'>Quoniam</span> 
     </span>
     <span class='ocr_line' id='line_1_21' title="bbox 116 1546 1517 1592; baseline -0.002 -8"><span class='ocrx_word' id='word_1_203' title='bbox 116 1550 210 1584; x_wconf 89' lang='lat' dir='ltr'>enim</span> <span class='ocrx_word' id='word_1_204' title='bbox 235 1549 277 1582; x_wconf 91' lang='lat' dir='ltr'>de</span> <span class='ocrx_word' id='word_1_205' title='bbox 302 1549 444 1592; x_wconf 78' lang='lat' dir='ltr'>imperio</span> <span class='ocrx_word' id='word_1_206' title='bbox 477 1547 603 1581; x_wconf 83' lang='lat' dir='ltr'>iniuste</span> <span class='ocrx_word' id='word_1_207' title='bbox 627 1546 818 1581; x_wconf 86' lang='lat' dir='ltr'>exercendo</span> <span class='ocrx_word' id='word_1_208' title='bbox 853 1547 990 1591; x_wconf 84' lang='lat' dir='ltr'>agitur,</span> <span class='ocrx_word' id='word_1_209' title='bbox 1030 1547 1066 1580; x_wconf 88' lang='lat' dir='ltr'>in</span> <span class='ocrx_word' id='word_1_210' title='bbox 1096 1551 1260 1591; x_wconf 83' lang='lat' dir='ltr'>promptu</span> <span class='ocrx_word' id='word_1_211' title='bbox 1284 1551 1334 1580; x_wconf 81' lang='lat' dir='ltr'>est</span> <span class='ocrx_word' id='word_1_212' title='bbox 1353 1552 1517 1591; x_wconf 71' lang='lat' dir='ltr'>parentes</span> 
     </span>
     <span class='ocr_line' id='line_1_22' title="bbox 116 1607 1516 1653; baseline -0.003 -8"><span class='ocrx_word' id='word_1_213' title='bbox 116 1623 191 1645; x_wconf 85' lang='lat' dir='ltr'>esse</span> <span class='ocrx_word' id='word_1_214' title='bbox 215 1610 275 1653; x_wconf 80' lang='lat' dir='ltr'>qni</span> <span class='ocrx_word' id='word_1_215' title='bbox 298 1612 442 1652; x_wconf 80' lang='lat' dir='ltr'>pareant</span> <span class='ocrx_word' id='word_1_216' title='bbox 473 1609 530 1642; x_wconf 78' lang='lat' dir='ltr'>vel</span> <span class='ocrx_word' id='word_1_217' title='bbox 556 1607 739 1648; x_wconf 78' lang='lat' dir='ltr'>obediant3</span> <span class='ocrx_word' id='word_1_218' title='bbox 786 1607 846 1651; x_wconf 87' lang='lat' dir='ltr'>qui</span> <span class='ocrx_word' id='word_1_219' title='bbox 870 1619 976 1650; x_wconf 85' lang='lat' dir='ltr'>quum</span> <span class='ocrx_word' id='word_1_220' title='bbox 999 1609 1140 1651; x_wconf 77' lang='lat' dir='ltr'><strong><em>patriae</em></strong></span> <span class='ocrx_word' id='word_1_221' title='bbox 1163 1612 1400 1650; x_wconf 82' lang='lat' dir='ltr'>opponantur,</span> <span class='ocrx_word' id='word_1_222' title='bbox 1432 1607 1458 1642; x_wconf 87' lang='grc' dir='ltr'>ἰ.</span> <span class='ocrx_word' id='word_1_223' title='bbox 1484 1617 1516 1641; x_wconf 91' lang='lat' dir='ltr'>e.</span> 
     </span>
     <span class='ocr_line' id='line_1_23' title="bbox 115 1666 1516 1715; baseline -0.004 -10"><span class='ocrx_word' id='word_1_224' title='bbox 115 1672 325 1715; x_wconf 79' lang='lat' dir='ltr'>reipublicae</span> <span class='ocrx_word' id='word_1_225' title='bbox 349 1670 436 1710; x_wconf 80' lang='lat' dir='ltr'>sedi,</span> <span class='ocrx_word' id='word_1_226' title='bbox 467 1669 622 1703; x_wconf 80' lang='lat' dir='ltr'>relicuae</span> <span class='ocrx_word' id='word_1_227' title='bbox 644 1672 764 1712; x_wconf 77' lang='lat' dir='ltr'>gentes</span> <span class='ocrx_word' id='word_1_228' title='bbox 787 1668 957 1701; x_wconf 77' lang='lat' dir='ltr'>Romanis</span> <span class='ocrx_word' id='word_1_229' title='bbox 982 1667 1160 1701; x_wconf 77' lang='lat' dir='ltr'>subiectae</span> <span class='ocrx_word' id='word_1_230' title='bbox 1183 1667 1252 1700; x_wconf 78' lang='lat' dir='ltr'>ista</span> <span class='ocrx_word' id='word_1_231' title='bbox 1274 1678 1361 1700; x_wconf 77' lang='lat' dir='ltr'>voce</span> <span class='ocrx_word' id='word_1_232' title='bbox 1383 1666 1516 1711; x_wconf 80' lang='lat' dir='ltr'>signifi-</span> 
     </span>
     <span class='ocr_line' id='line_1_24' title="bbox 116 1726 1518 1771; baseline -0.004 -5"><span class='ocrx_word' id='word_1_233' title='bbox 116 1736 251 1767; x_wconf 84' lang='lat' dir='ltr'>cantur.</span> <span class='ocrx_word' id='word_1_234' title='bbox 300 1732 369 1765; x_wconf 88' lang='lat' dir='ltr'>Pro</span> <span class='ocrx_word' id='word_1_235' title='bbox 394 1735 455 1764; x_wconf 82' lang='lat' dir='ltr'>aut</span> <span class='ocrx_word' id='word_1_236' title='bbox 481 1729 618 1763; x_wconf 82' lang='lat' dir='ltr'>Cortius</span> <span class='ocrx_word' id='word_1_237' title='bbox 643 1740 679 1762; x_wconf 85' lang='lat' dir='ltr'>se</span> <span class='ocrx_word' id='word_1_238' title='bbox 705 1728 887 1770; x_wconf 80' lang='lat' dir='ltr'>profitetur</span> <span class='ocrx_word' id='word_1_239' title='bbox 911 1728 1017 1761; x_wconf 77' lang='lat' dir='ltr'>malle</span> <span class='ocrx_word' id='word_1_240' title='bbox 1041 1732 1163 1771; x_wconf 81' lang='lat' dir='ltr'>atque,</span> <span class='ocrx_word' id='word_1_241' title='bbox 1193 1727 1284 1770; x_wconf 88' lang='lat' dir='ltr'>quod</span> <span class='ocrx_word' id='word_1_242' title='bbox 1309 1726 1518 1761; x_wconf 74' lang='lat' dir='ltr'>Gerlachius</span> 
     </span>
     <span class='ocr_line' id='line_1_25' title="bbox 116 1787 1518 1830; baseline -0.004 -3"><span class='ocrx_word' id='word_1_243' title='bbox 116 1805 184 1827; x_wconf 92' lang='lat' dir='ltr'>non</span> <span class='ocrx_word' id='word_1_244' title='bbox 218 1792 303 1826; x_wconf 76' lang='lat' dir='ltr'>satis</span> <span class='ocrx_word' id='word_1_245' title='bbox 334 1795 426 1824; x_wconf 76' lang='lat' dir='ltr'>recte</span> <span class='ocrx_word' id='word_1_246' title='bbox 450 1790 587 1823; x_wconf 79' lang='lat' dir='ltr'>videtur</span> <span class='ocrx_word' id='word_1_247' title='bbox 621 1788 808 1829; x_wconf 75' lang='lat' dir='ltr'>refellisse,</span> <span class='ocrx_word' id='word_1_248' title='bbox 846 1799 990 1821; x_wconf 76' lang='lat' dir='ltr'>monens</span> <span class='ocrx_word' id='word_1_249' title='bbox 1016 1792 1078 1821; x_wconf 86' lang='lat' dir='ltr'>aut</span> <span class='ocrx_word' id='word_1_250' title='bbox 1105 1787 1279 1830; x_wconf 78' lang='lat' dir='ltr'>particula</span> <span class='ocrx_word' id='word_1_251' title='bbox 1303 1787 1437 1829; x_wconf 78' lang='lat' dir='ltr'>caveri,</span> <span class='ocrx_word' id='word_1_252' title='bbox 1475 1799 1518 1822; x_wconf 85' lang='lat' dir='ltr'>ue</span> 
     </span>
     <span class='ocr_line' id='line_1_26' title="bbox 117 1847 1517 1898; baseline -0.003 -12"><span class='ocrx_word' id='word_1_253' title='bbox 117 1854 194 1898; x_wconf 79' lang='lat' dir='ltr'>quis</span> <span class='ocrx_word' id='word_1_254' title='bbox 210 1856 344 1896; x_wconf 83' lang='lat' dir='ltr'>patrem</span> <span class='ocrx_word' id='word_1_255' title='bbox 366 1852 423 1884; x_wconf 84' lang='lat' dir='ltr'>vel</span> <span class='ocrx_word' id='word_1_256' title='bbox 442 1854 590 1883; x_wconf 77' lang='lat' dir='ltr'>matrem</span> <span class='ocrx_word' id='word_1_257' title='bbox 615 1848 804 1893; x_wconf 72' lang='lat' dir='ltr'>intelligat.</span> <span class='ocrx_word' id='word_1_258' title='bbox 852 1849 920 1882; x_wconf 85' lang='lat' dir='ltr'>Sed</span> <span class='ocrx_word' id='word_1_259' title='bbox 944 1847 1177 1892; x_wconf 84' lang='lat' dir='ltr'>coniungendi</span> <span class='ocrx_word' id='word_1_260' title='bbox 1201 1847 1315 1891; x_wconf 74' lang='lat' dir='ltr'>potius</span> <span class='ocrx_word' id='word_1_261' title='bbox 1336 1859 1441 1891; x_wconf 74' lang='lat' dir='ltr'>quam</span> <span class='ocrx_word' id='word_1_262' title='bbox 1462 1859 1517 1882; x_wconf 80' lang='lat' dir='ltr'>ex-</span> 
     </span>
     <span class='ocr_line' id='line_1_27' title="bbox 118 1908 1517 1953; baseline -0.004 -6"><span class='ocrx_word' id='word_1_263' title='bbox 118 1913 280 1948; x_wconf 79' lang='lat' dir='ltr'>cludendi</span> <span class='ocrx_word' id='word_1_264' title='bbox 305 1912 378 1945; x_wconf 83' lang='lat' dir='ltr'>vim</span> <span class='ocrx_word' id='word_1_265' title='bbox 402 1912 535 1944; x_wconf 77' lang='lat' dir='ltr'>hahere</span> <span class='ocrx_word' id='word_1_266' title='bbox 564 1910 727 1943; x_wconf 80' lang='lat' dir='ltr'>voculam</span> <span class='ocrx_word' id='word_1_267' title='bbox 755 1909 890 1952; x_wconf 79' lang='lat' dir='ltr'>patebit</span> <span class='ocrx_word' id='word_1_268' title='bbox 914 1919 955 1941; x_wconf 78' lang='lat' dir='ltr'>ex</span> <span class='ocrx_word' id='word_1_269' title='bbox 979 1908 1109 1941; x_wconf 78' lang='lat' dir='ltr'>notatis</span> <span class='ocrx_word' id='word_1_270' title='bbox 1133 1908 1175 1940; x_wconf 83' lang='lat' dir='ltr'>ad</span> <span class='ocrx_word' id='word_1_271' title='bbox 1203 1908 1306 1942; x_wconf 80' lang='lat' dir='ltr'>Catil.</span> <span class='ocrx_word' id='word_1_272' title='bbox 1333 1920 1365 1943; x_wconf 87' lang='lat' dir='ltr'>c.</span> <span class='ocrx_word' id='word_1_273' title='bbox 1389 1909 1517 1953; x_wconf 65' lang='lat' dir='ltr'>xxvi,</span> 
     </span>
     <span class='ocr_line' id='line_1_28' title="bbox 117 1969 1516 2018; baseline -0.004 -10"><span class='ocrx_word' id='word_1_274' title='bbox 117 1975 151 2009; x_wconf 85' lang='lat'>2.</span> <span class='ocrx_word' id='word_1_275' title='bbox 179 1987 213 2018; x_wconf 83' lang='lat' dir='ltr'>p.</span> <span class='ocrx_word' id='word_1_276' title='bbox 234 1973 313 2007; x_wconf 66' lang='lat'>124.</span> <span class='ocrx_word' id='word_1_277' title='bbox 364 1973 408 2006; x_wconf 64' lang='grc' dir='ltr'>οἳ.</span> <span class='ocrx_word' id='word_1_278' title='bbox 435 1971 519 2005; x_wconf 87' lang='lat' dir='ltr'>ibid.</span> <span class='ocrx_word' id='word_1_279' title='bbox 543 1971 622 2012; x_wconf 80' lang='lat' dir='ltr'>Lll,</span> <span class='ocrx_word' id='word_1_280' title='bbox 647 1969 704 2004; x_wconf 81' lang='grc'>33.</span> <span class='ocrx_word' id='word_1_281' title='bbox 740 1971 816 2014; x_wconf 82' lang='lat' dir='ltr'>lug.</span> <span class='ocrx_word' id='word_1_282' title='bbox 841 1971 979 2010; x_wconf 72' lang='lat' dir='ltr'>xxxi,</span> <span class='ocrx_word' id='word_1_283' title='bbox 1003 1969 1060 2004; x_wconf 76' lang='lat'>23.</span> <span class='ocrx_word' id='word_1_284' title='bbox 1097 1969 1194 2009; x_wconf 74' lang='lat' dir='ltr'>xm,</span> <span class='ocrx_word' id='word_1_285' title='bbox 1219 1969 1251 2003; x_wconf 87' lang='grc'>8.</span> <span class='ocrx_word' id='word_1_286' title='bbox 1285 1969 1383 2004; x_wconf 80' lang='lat' dir='ltr'>Caes.</span> <span class='ocrx_word' id='word_1_287' title='bbox 1408 1969 1452 2003; x_wconf 90' lang='lat' dir='ltr'>B.</span> <span class='ocrx_word' id='word_1_288' title='bbox 1476 1969 1516 2003; x_wconf 85' lang='lat' dir='ltr'>C.</span> 
     </span>
     <span class='ocr_line' id='line_1_29' title="bbox 117 2028 1333 2080; baseline -0.005 -10"><span class='ocrx_word' id='word_1_289' title='bbox 117 2036 163 2080; x_wconf 87' lang='lat'>11,</span> <span class='ocrx_word' id='word_1_290' title='bbox 189 2035 247 2078; x_wconf 83' lang='lat'>32,</span> <span class='ocrx_word' id='word_1_291' title='bbox 274 2034 330 2067; x_wconf 84' lang='lat'>11..</span> <span class='ocrx_word' id='word_1_292' title='bbox 355 2033 473 2067; x_wconf 83' lang='lat' dir='ltr'>nand.</span> <span class='ocrx_word' id='word_1_293' title='bbox 497 2033 540 2065; x_wconf 89' lang='lat' dir='ltr'>de</span> <span class='ocrx_word' id='word_1_294' title='bbox 563 2031 710 2065; x_wconf 79' lang='lat' dir='ltr'>Particc.</span> <span class='ocrx_word' id='word_1_295' title='bbox 738 2031 815 2064; x_wconf 78' lang='lat' dir='ltr'>Lat.</span> <span class='ocrx_word' id='word_1_296' title='bbox 839 2030 884 2063; x_wconf 90' lang='lat' dir='ltr'>T.</span> <span class='ocrx_word' id='word_1_297' title='bbox 910 2032 936 2064; x_wconf 92' lang='lat'>1.</span> <span class='ocrx_word' id='word_1_298' title='bbox 963 2042 998 2073; x_wconf 81' lang='lat' dir='ltr'>p.</span> <span class='ocrx_word' id='word_1_299' title='bbox 1024 2028 1104 2064; x_wconf 80' lang='grc'><strong>535.</strong></span> <span class='ocrx_word' id='word_1_300' title='bbox 1129 2030 1173 2070; x_wconf 90' lang='lat' dir='ltr'>ll,</span> <span class='ocrx_word' id='word_1_301' title='bbox 1200 2030 1234 2064; x_wconf 89' lang='grc'>1.</span> <span class='ocrx_word' id='word_1_302' title='bbox 1257 2041 1333 2073; x_wconf 90' lang='lat' dir='ltr'>sqq.</span> 
     </span>
    </p>

    <p class='ocr_par' dir='ltr' id='par_1_6' title="bbox 117 2089 1531 2741">
     <span class='ocr_line' id='line_1_30' title="bbox 211 2089 1518 2140; baseline -0.003 -12"><span class='ocrx_word' id='word_1_303' title='bbox 211 2105 422 2140; x_wconf 81' lang='lat' dir='ltr'>quamquam</span> <span class='ocrx_word' id='word_1_304' title='bbox 447 2098 480 2127; x_wconf 85' lang='lat' dir='ltr'>ct</span> <span class='ocrx_word' id='word_1_305' title='bbox 501 2093 634 2137; x_wconf 77' lang='lat' dir='ltr'>possis]</span> <span class='ocrx_word' id='word_1_306' title='bbox 669 2092 887 2135; x_wconf 78' lang='lat' dir='ltr'><strong><em>Quamquam</em></strong></span> <span class='ocrx_word' id='word_1_307' title='bbox 912 2090 945 2124; x_wconf 91' lang='lat' dir='ltr'>in</span> <span class='ocrx_word' id='word_1_308' title='bbox 971 2090 1128 2124; x_wconf 77' lang='lat' dir='ltr'>oratione</span> <span class='ocrx_word' id='word_1_309' title='bbox 1150 2095 1246 2124; x_wconf 74' lang='lat' dir='ltr'>recta.</span> <span class='ocrx_word' id='word_1_310' title='bbox 1270 2102 1301 2123; x_wconf 84' lang='lat' dir='ltr'>e.</span> <span class='ocrx_word' id='word_1_311' title='bbox 1320 2089 1411 2124; x_wconf 89' lang='lat' dir='ltr'>coni.</span> <span class='ocrx_word' id='word_1_312' title='bbox 1434 2101 1518 2124; x_wconf 87' lang='lat' dir='ltr'>con-</span> 
     </span>
     <span class='ocr_line' id='line_1_31' title="bbox 117 2150 1518 2201; baseline -0.005 -11"><span class='ocrx_word' id='word_1_313' title='bbox 117 2156 290 2201; x_wconf 83' lang='lat' dir='ltr'>iungitur,</span> <span class='ocrx_word' id='word_1_314' title='bbox 327 2154 387 2188; x_wconf 85' lang='lat' dir='ltr'>ubi</span> <span class='ocrx_word' id='word_1_315' title='bbox 412 2153 610 2187; x_wconf 80' lang='lat' dir='ltr'>conceditur</span> <span class='ocrx_word' id='word_1_316' title='bbox 624 2153 709 2195; x_wconf 79' lang='lat' dir='ltr'>fleri</span> <span class='ocrx_word' id='word_1_317' title='bbox 730 2163 841 2196; x_wconf 84' lang='lat' dir='ltr'>posse,</span> <span class='ocrx_word' id='word_1_318' title='bbox 878 2153 970 2195; x_wconf 85' lang='lat' dir='ltr'>quod</span> <span class='ocrx_word' id='word_1_319' title='bbox 994 2151 1209 2191; x_wconf 74' lang='lat' dir='ltr'>enunciatar,</span> <span class='ocrx_word' id='word_1_320' title='bbox 1236 2161 1308 2184; x_wconf 74' lang='lat' dir='ltr'>esse</span> <span class='ocrx_word' id='word_1_321' title='bbox 1331 2162 1398 2184; x_wconf 90' lang='lat' dir='ltr'>non</span> <span class='ocrx_word' id='word_1_322' title='bbox 1414 2150 1518 2191; x_wconf 79' lang='lat' dir='ltr'>item3</span> 
     </span>
     <span class='ocr_line' id='line_1_32' title="bbox 117 2210 1520 2259; baseline -0.004 -8"><span class='ocrx_word' id='word_1_323' title='bbox 117 2218 180 2251; x_wconf 84' lang='lat' dir='ltr'>ubi</span> <span class='ocrx_word' id='word_1_324' title='bbox 204 2228 287 2251; x_wconf 85' lang='lat' dir='ltr'>vero</span> <span class='ocrx_word' id='word_1_325' title='bbox 321 2215 455 2259; x_wconf 76' lang='lat' dir='ltr'>aliquid</span> <span class='ocrx_word' id='word_1_326' title='bbox 478 2225 603 2248; x_wconf 79' lang='lat' dir='ltr'>revera</span> <span class='ocrx_word' id='word_1_327' title='bbox 629 2225 700 2247; x_wconf 83' lang='lat' dir='ltr'>csse</span> <span class='ocrx_word' id='word_1_328' title='bbox 735 2213 956 2253; x_wconf 80' lang='lat' dir='ltr'>conceditur,</span> <span class='ocrx_word' id='word_1_329' title='bbox 991 2224 1059 2246; x_wconf 90' lang='lat' dir='ltr'>non</span> <span class='ocrx_word' id='word_1_330' title='bbox 1085 2216 1195 2255; x_wconf 74' lang='lat' dir='ltr'>potest</span> <span class='ocrx_word' id='word_1_331' title='bbox 1218 2222 1286 2244; x_wconf 84' lang='lat' dir='ltr'>non</span> <span class='ocrx_word' id='word_1_332' title='bbox 1311 2210 1520 2246; x_wconf 74' lang='lat' dir='ltr'>indicativus</span> 
     </span>
     <span class='ocr_line' id='line_1_33' title="bbox 118 2271 1519 2320; baseline -0.005 -9"><span class='ocrx_word' id='word_1_333' title='bbox 118 2279 242 2312; x_wconf 84' lang='lat' dir='ltr'>modus</span> <span class='ocrx_word' id='word_1_334' title='bbox 265 2277 359 2320; x_wconf 86' lang='lat' dir='ltr'>poni.</span> <span class='ocrx_word' id='word_1_335' title='bbox 415 2277 534 2318; x_wconf 81' lang='lat' dir='ltr'>Qum-e</span> <span class='ocrx_word' id='word_1_336' title='bbox 558 2274 653 2308; x_wconf 82' lang='lat' dir='ltr'>Frid.</span> <span class='ocrx_word' id='word_1_337' title='bbox 678 2272 872 2307; x_wconf 79' lang='lat' dir='ltr'>Ellendtius</span> <span class='ocrx_word' id='word_1_338' title='bbox 897 2285 963 2307; x_wconf 88' lang='lat' dir='ltr'>non</span> <span class='ocrx_word' id='word_1_339' title='bbox 995 2272 1080 2307; x_wconf 74' lang='lat' dir='ltr'>satis</span> <span class='ocrx_word' id='word_1_340' title='bbox 1103 2276 1194 2306; x_wconf 83' lang='lat' dir='ltr'>recte</span> <span class='ocrx_word' id='word_1_341' title='bbox 1217 2271 1353 2306; x_wconf 81' lang='lat' dir='ltr'>videtur</span> <span class='ocrx_word' id='word_1_342' title='bbox 1375 2272 1419 2306; x_wconf 77' lang='lat' dir='ltr'>ad</span> <span class='ocrx_word' id='word_1_343' title='bbox 1444 2272 1519 2308; x_wconf 79' lang='lat' dir='ltr'>Cic.</span> 
     </span>
     <span class='ocr_line' id='line_1_34' title="bbox 119 2331 1531 2378; baseline -0.005 -6"><span class='ocrx_word' id='word_1_344' title='bbox 119 2339 218 2372; x_wconf 83' lang='lat' dir='ltr'>Brut.</span> <span class='ocrx_word' id='word_1_345' title='bbox 243 2350 272 2370; x_wconf 73' lang='lat' dir='ltr'>e.</span> <span class='ocrx_word' id='word_1_346' title='bbox 296 2338 354 2377; x_wconf 81' lang='lat'>30,</span> <span class='ocrx_word' id='word_1_347' title='bbox 383 2335 461 2369; x_wconf 89' lang='grc'><strong>115.</strong></span> <span class='ocrx_word' id='word_1_348' title='bbox 486 2347 519 2378; x_wconf 81' lang='lat' dir='ltr'>p.</span> <span class='ocrx_word' id='word_1_349' title='bbox 543 2335 599 2368; x_wconf 77' lang='lat'>86.</span> <span class='ocrx_word' id='word_1_350' title='bbox 626 2334 840 2375; x_wconf 77' lang='lat' dir='ltr'>disseruisse,</span> <span class='ocrx_word' id='word_1_351' title='bbox 870 2333 929 2377; x_wconf 87' lang='lat' dir='ltr'>qui</span> <span class='ocrx_word' id='word_1_352' title='bbox 965 2345 1079 2378; x_wconf 73' lang='lat' dir='ltr'>„pars</span> <span class='ocrx_word' id='word_1_353' title='bbox 1102 2333 1364 2376; x_wconf 68' lang='lat' dir='ltr'>exenwlorum,</span> <span class='ocrx_word' id='word_1_354' title='bbox 1396 2331 1531 2378; x_wconf 36' lang='lat' dir='ltr'>inquit,-</span> 
     </span>
     <span class='ocr_line' id='line_1_35' title="bbox 119 2394 1519 2439; baseline -0.003 -9"><span class='ocrx_word' id='word_1_355' title='bbox 119 2397 379 2430; x_wconf 78' lang='lat' dir='ltr'>coniunctivum</span> <span class='ocrx_word' id='word_1_356' title='bbox 398 2395 637 2429; x_wconf 72' lang='lat' dir='ltr'>exhibentium</span> <span class='ocrx_word' id='word_1_357' title='bbox 663 2395 833 2428; x_wconf 66' lang='lat' dir='ltr'>eiusmodi</span> <span class='ocrx_word' id='word_1_358' title='bbox 858 2399 920 2436; x_wconf 76' lang='lat' dir='ltr'>cst,</span> <span class='ocrx_word' id='word_1_359' title='bbox 950 2399 990 2429; x_wconf 87' lang='lat' dir='ltr'>ut</span> <span class='ocrx_word' id='word_1_360' title='bbox 1011 2406 1209 2439; x_wconf 81' lang='lat' dir='ltr'>quanquam</span> <span class='ocrx_word' id='word_1_361' title='bbox 1234 2394 1413 2437; x_wconf 70' lang='lat' dir='ltr'>eleganter</span> <span class='ocrx_word' id='word_1_362' title='bbox 1437 2405 1519 2427; x_wconf 87' lang='lat' dir='ltr'>con—</span> 
     </span>
     <span class='ocr_line' id='line_1_36' title="bbox 119 2455 1520 2500; baseline -0.002 -9"><span class='ocrx_word' id='word_1_363' title='bbox 119 2457 270 2491; x_wconf 68' lang='lat' dir='ltr'>cedentis</span> <span class='ocrx_word' id='word_1_364' title='bbox 293 2457 356 2497; x_wconf 76' lang='lat' dir='ltr'>sit,</span> <span class='ocrx_word' id='word_1_365' title='bbox 395 2456 429 2489; x_wconf 92' lang='lat' dir='ltr'>id</span> <span class='ocrx_word' id='word_1_366' title='bbox 454 2457 545 2499; x_wconf 86' lang='lat' dir='ltr'>quod</span> <span class='ocrx_word' id='word_1_367' title='bbox 569 2467 652 2489; x_wconf 81' lang='lat' dir='ltr'>sanc</span> <span class='ocrx_word' id='word_1_368' title='bbox 677 2457 836 2499; x_wconf 78' lang='lat' dir='ltr'>quidem,</span> <span class='ocrx_word' id='word_1_369' title='bbox 870 2467 987 2489; x_wconf 83' lang='lat' dir='ltr'>verum</span> <span class='ocrx_word' id='word_1_370' title='bbox 1013 2457 1150 2500; x_wconf 80' lang='lat' dir='ltr'>quidem</span> <span class='ocrx_word' id='word_1_371' title='bbox 1176 2460 1247 2497; x_wconf 81' lang='lat' dir='ltr'>cst,</span> <span class='ocrx_word' id='word_1_372' title='bbox 1284 2455 1339 2487; x_wconf 73' lang='lat' dir='ltr'>vel</span> <span class='ocrx_word' id='word_1_373' title='bbox 1363 2455 1520 2488; x_wconf 67' lang='lat' dir='ltr'>modesto</span> 
     </span>
     <span class='ocr_line' id='line_1_37' title="bbox 119 2512 1518 2560; baseline -0.004 -8"><span class='ocrx_word' id='word_1_374' title='bbox 119 2517 399 2557; x_wconf 71' lang='lat' dir='ltr'>contradicentis,</span> <span class='ocrx_word' id='word_1_375' title='bbox 425 2529 489 2560; x_wconf 81' lang='lat' dir='ltr'>pro</span> <span class='ocrx_word' id='word_1_376' title='bbox 517 2522 644 2550; x_wconf 80' lang='lat' dir='ltr'>tamen.</span> <span class='ocrx_word' id='word_1_377' title='bbox 696 2516 734 2550; x_wconf 68' lang='lat' dir='ltr'>V.</span> <span class='ocrx_word' id='word_1_378' title='bbox 761 2516 1012 2560; x_wconf 71' lang='lat' dir='ltr'>wyttenbach.</span> <span class='ocrx_word' id='word_1_379' title='bbox 1037 2517 1131 2550; x_wconf 88' lang='lat' dir='ltr'>Bibl.</span> <span class='ocrx_word' id='word_1_380' title='bbox 1159 2515 1245 2549; x_wconf 88' lang='lat' dir='ltr'>Crit.</span> <span class='ocrx_word' id='word_1_381' title='bbox 1270 2514 1310 2549; x_wconf 87' lang='lat' dir='ltr'>P.</span> <span class='ocrx_word' id='word_1_382' title='bbox 1332 2514 1387 2547; x_wconf 88' lang='grc' dir='ltr'><strong>ΙΙΙ.</strong></span> <span class='ocrx_word' id='word_1_383' title='bbox 1409 2526 1441 2557; x_wconf 86' lang='lat' dir='ltr'>p.</span> <span class='ocrx_word' id='word_1_384' title='bbox 1459 2512 1518 2547; x_wconf 85' lang='lat'>25.</span> 
     </span>
     <span class='ocr_line' id='line_1_38' title="bbox 119 2574 1519 2623; baseline -0.003 -12"><span class='ocrx_word' id='word_1_385' title='bbox 119 2579 200 2623; x_wconf 82' lang='lat' dir='ltr'>Qun</span> <span class='ocrx_word' id='word_1_386' title='bbox 225 2581 413 2622; x_wconf 68' lang='lat' dir='ltr'>potestate,</span> <span class='ocrx_word' id='word_1_387' title='bbox 448 2581 551 2620; x_wconf 83' lang='lat' dir='ltr'>prout</span> <span class='ocrx_word' id='word_1_388' title='bbox 575 2577 792 2610; x_wconf 69' lang='lat' dir='ltr'>affirmantes</span> <span class='ocrx_word' id='word_1_389' title='bbox 817 2576 1042 2619; x_wconf 69' lang='lat' dir='ltr'>opina-nosve</span> <span class='ocrx_word' id='word_1_390' title='bbox 1068 2576 1266 2619; x_wconf 84' lang='lat' dir='ltr'>loquimur,</span> <span class='ocrx_word' id='word_1_391' title='bbox 1299 2574 1395 2608; x_wconf 84' lang='lat' dir='ltr'>modi</span> <span class='ocrx_word' id='word_1_392' title='bbox 1422 2585 1519 2607; x_wconf 82' lang='lat' dir='ltr'>com-</span> 
     </span>
     <span class='ocr_line' id='line_1_39' title="bbox 120 2634 1518 2681; baseline -0.004 -8"><span class='ocrx_word' id='word_1_393' title='bbox 120 2639 224 2673; x_wconf 84' lang='lat' dir='ltr'>modo</span> <span class='ocrx_word' id='word_1_394' title='bbox 256 2638 438 2672; x_wconf 83' lang='lat' dir='ltr'>vuriunt.“</span> <span class='ocrx_word' id='word_1_395' title='bbox 483 2637 730 2681; x_wconf 74' lang='lat' dir='ltr'>Spaldingimn</span> <span class='ocrx_word' id='word_1_396' title='bbox 763 2637 806 2670; x_wconf 79' lang='lat' dir='ltr'>ud</span> <span class='ocrx_word' id='word_1_397' title='bbox 840 2636 987 2679; x_wconf 81' lang='lat' dir='ltr'>Quintil.</span> <span class='ocrx_word' id='word_1_398' title='bbox 1023 2639 1183 2671; x_wconf 80' lang='lat' dir='ltr'>l‘roocm.</span> <span class='ocrx_word' id='word_1_399' title='bbox 1211 2638 1243 2678; x_wconf 69' lang='lat'>§-</span> <span class='ocrx_word' id='word_1_400' title='bbox 1273 2635 1325 2667; x_wconf 70' lang='lat'>18.</span> <span class='ocrx_word' id='word_1_401' title='bbox 1359 2634 1518 2668; x_wconf 78' lang='lat' dir='ltr'>Ciceroni</span> 
     </span>
     <span class='ocr_line' id='line_1_40' title="bbox 119 2695 1518 2741; baseline -0.005 -8"><span class='ocrx_word' id='word_1_402' title='bbox 119 2701 213 2733; x_wconf 76' lang='lat' dir='ltr'>hunc</span> <span class='ocrx_word' id='word_1_403' title='bbox 244 2698 455 2732; x_wconf 72' lang='lat' dir='ltr'>ennium-,tivi</span> <span class='ocrx_word' id='word_1_404' title='bbox 488 2710 589 2732; x_wconf 76' lang='lat' dir='ltr'>usum</span> <span class='ocrx_word' id='word_1_405' title='bbox 623 2709 808 2741; x_wconf 73' lang='lat' dir='ltr'>perperam</span> <span class='ocrx_word' id='word_1_406' title='bbox 840 2697 1058 2731; x_wconf 70' lang='lat' dir='ltr'>abi-uncam</span> <span class='ocrx_word' id='word_1_407' title='bbox 1085 2697 1223 2731; x_wconf 74' lang='lat' dir='ltr'>abunde</span> <span class='ocrx_word' id='word_1_408' title='bbox 1251 2695 1434 2729; x_wconf 68' lang='lat' dir='ltr'>ostendunt</span> <span class='ocrx_word' id='word_1_409' title='bbox 1456 2706 1518 2727; x_wconf 89' lang='lat' dir='ltr'>no-</span> 
     </span>
    </p>
   </div>
   <div class='ocr_carea' id='block_1_5' title="bbox 121 2754 1516 2805">
    <p class='ocr_par' dir='ltr' id='par_1_7' title="bbox 121 2754 1516 2805">
     <span class='ocr_line' id='line_1_41' title="bbox 121 2754 1516 2805; baseline -0.004 -10"><span class='ocrx_word' id='word_1_410' title='bbox 121 2764 177 2795; x_wconf 78' lang='lat' dir='ltr'>tae</span> <span class='ocrx_word' id='word_1_411' title='bbox 200 2758 413 2805; x_wconf 76' lang='lat' dir='ltr'>lleusingeti</span> <span class='ocrx_word' id='word_1_412' title='bbox 442 2758 487 2793; x_wconf 73' lang='lat' dir='ltr'>ad</span> <span class='ocrx_word' id='word_1_413' title='bbox 512 2759 584 2793; x_wconf 84' lang='lat' dir='ltr'>Cic.</span> <span class='ocrx_word' id='word_1_414' title='bbox 610 2758 652 2793; x_wconf 85' lang='lat' dir='ltr'>de</span> <span class='ocrx_word' id='word_1_415' title='bbox 677 2758 750 2793; x_wconf 78' lang='lat' dir='ltr'>Off.</span> <span class='ocrx_word' id='word_1_416' title='bbox 773 2758 799 2801; x_wconf 90' lang='lat' dir='ltr'>l,</span> <span class='ocrx_word' id='word_1_417' title='bbox 817 2757 898 2799; x_wconf 51' lang='lat'>23.</span> <span class='ocrx_word' id='word_1_418' title='bbox 925 2756 1113 2792; x_wconf 75' lang='lat' dir='ltr'>Goerenzii</span> <span class='ocrx_word' id='word_1_419' title='bbox 1137 2757 1181 2792; x_wconf 77' lang='lat' dir='ltr'>nd</span> <span class='ocrx_word' id='word_1_420' title='bbox 1206 2756 1316 2801; x_wconf 80' lang='lat' dir='ltr'>Legg.</span> <span class='ocrx_word' id='word_1_421' title='bbox 1339 2755 1447 2799; x_wconf 85' lang='lat'><em>111‚8,</em></span> <span class='ocrx_word' id='word_1_422' title='bbox 1460 2754 1516 2790; x_wconf 83' lang='lat'>18.</span> 
     </span>
    </p>
   </div>
  </div>
 </body>
</html>
