1630 3034
425 125 784 169 IUGURTHA.
846 126 977 169 CAP.
1011 127 1246 171 XXXVII.
1445 135 1531 175 215

147 241 190 284 in
218 242 446 303 praerupti
473 243 632 287 montis
662 249 873 299 extremo,
907 243 1112 303 planities
1140 244 1297 289 limosa
1322 245 1528 291 hiemali-

147 339 230 382 bus
258 339 380 397 aquis
407 339 617 399 paludem
642 339 848 399 fecerat),
870 345 1020 384 tamen
1048 345 1124 383 aut
1153 341 1386 386 simulandi
1419 359 1525 404 gra-

146 436 220 491 tia,
255 450 346 494 quo
374 436 471 495 regi
498 436 781 479 formidinem
802 435 1013 491 adderet,
1042 442 1118 480 aut
1139 438 1347 497 cupidine
1368 455 1527 484 caecus

146 531 205 574 ob
226 532 456 576 thesauros
490 532 648 592 oppidi
682 532 898 592 potiundi,
934 533 1083 576 vineas
1121 548 1271 593 agere,
1308 551 1526 596 aggerem

145 629 303 685 iacere,
338 629 526 688 aliaque,
562 644 676 687 quae
711 627 891 688 incepto
927 629 1022 672 usui
1056 629 1226 687 forent,
1262 647 1523 692 properare.

144 775 215 812 est,
238 771 372 816 inquit,
404 769 567 816 quicquid
593 769 629 804 in
652 771 731 805 loco
755 781 818 803 suo
841 769 992 814 positum
1014 782 1083 805 non
1106 771 1283 808 evertitur.
1316 775 1428 809 Cou'r.
1461 776 1526 810 Ce—

142 834 256 865 terum
280 831 418 865 Curtius
441 835 474 865 et
497 831 651 876 Langius
674 831 797 865 montis
822 836 1060 866 extremum
1091 833 1238 876 pessime
1261 834 1527 878 interpretantur

142 892 267 926 montis
298 893 493 934 radices,
525 904 664 926 murum
696 892 732 925 in
755 892 876 934 infima
898 892 1026 925 montis
1048 896 1146 936 parte
1169 893 1319 937 positum
1344 896 1451 931 fuisse
1474 897 1524 931 di-

142 956 275 994 centes,
298 963 400 996 quem
425 964 578 987 errorem
601 963 688 986 sana
711 952 800 986 ratio
826 964 888 995 per
910 963 947 985 se
968 952 1160 998 redarguit.

235 1014 395 1057 cupidine
429 1025 550 1048 caecus
585 1015 625 1048 ob
660 1014 840 1047 thesauros
871 1014 988 1057 oppidi
1020 1014 1193 1058 potiundi]
1225 1015 1324 1048 Haec
1354 1014 1526 1059 scriptura

142 1077 222 1107 ante
245 1073 401 1107 Curtium
425 1072 573 1117 vulgata
595 1083 706 1114 nuper
729 1083 750 1106 a
774 1073 962 1106 Gorlachio
987 1075 1132 1117 repetita
1155 1079 1215 1110 est.
1265 1074 1402 1108 eortius
1432 1075 1524 1108 enim

143 1137 307 1177 quattuor
328 1144 428 1167 voces
451 1134 490 1166 ob
513 1132 599 1166 thes.
625 1144 679 1176 op.
699 1133 859 1176 potiundi
883 1136 1048 1176 tanquam
1073 1136 1210 1180 spurias
1233 1134 1408 1176 omiserat,
1432 1135 1525 1168 Gru-

143 1198 218 1228 tero
241 1193 314 1227 iam
340 1195 493 1233 νοθείας
516 1192 745 1236 suspicionem
770 1198 940 1226 movente.
988 1194 1118 1228 Nititur
1140 1196 1201 1228 illc
1225 1195 1377 1229 maxime
1403 1200 1522 1229 aucto-

142 1254 246 1289 ritate
271 1254 419 1288 duorum
443 1253 541 1289 codd.
565 1253 708 1296 Wassii,
733 1253 841 1286 Laud.
865 1253 899 1287 3.
926 1257 960 1287 et
983 1255 1147 1298 Balliol.‚
1173 1256 1232 1299 qui
1256 1256 1326 1290 tria
1352 1256 1461 1289 verba
1483 1257 1523 1289 ob

142 1316 229 1351 thes.
261 1315 380 1360 oppidi
415 1325 482 1347 non
514 1313 656 1348 habent.
706 1313 801 1347 Tum
835 1313 958 1347 Latine
992 1315 1059 1350 dici
1090 1328 1192 1360 posse
1225 1319 1331 1362 negat
1361 1316 1522 1360 cupidine

142 1386 264 1409 caecus
297 1375 337 1409 ob
369 1375 570 1414 thesauros3
603 1374 752 1417 denique
783 1386 850 1408 non
878 1375 1018 1410 ferenda
1049 1389 1124 1411 esse
1151 1378 1270 1418 verba,
1294 1375 1378 1419 quia
1400 1379 1524 1409 auctor

141 1436 284 1470 eandem
301 1446 375 1469 rem
392 1435 512 1479 paullo
529 1438 611 1468 ante
625 1434 884 1480 significaverit.
933 1436 1090 1470 intulisse
1106 1441 1222 1470 autem
1245 1436 1410 1471 librarios
1432 1447 1523 1471 vana

139 1497 267 1538 verba,
290 1500 327 1530 ut
349 1495 587 1529 membrorum
612 1495 817 1539 aequalitati
842 1496 1077 1537 consulerent,
1101 1500 1194 1530 ratos
1217 1497 1332 1531 verbis
1357 1509 1422 1541 quo
1442 1498 1523 1542 regi

133 1559 242 1601 form.
259 1557 427 1590 adderent
447 1555 654 1599 respondere
679 1556 805 1589 debere
829 1557 870 1589 ob
894 1557 980 1590 thes.
996 1568 1049 1601 op.
1066 1562 1140 1601 pot.
1189 1556 1258 1590 Sed
1282 1556 1371 1590 nihil
1393 1557 1521 1591 horum

139 1628 262 1651 verum
286 1620 348 1650 est.
392 1615 482 1651 Nam
506 1616 659 1659 primum
691 1616 860 1650 librorum
885 1627 1070 1650 consensus
1103 1628 1170 1651 non
1204 1622 1333 1651 temere
1356 1628 1521 1661 spernen—

139 1677 214 1711 dus.
259 1677 352 1710 Tum
376 1676 520 1722 egregie
541 1676 675 1718 fallitur
698 1677 856 1719 Cottius,
887 1677 946 1720 qui
970 1678 1128 1722 cupidine
1149 1689 1316 1711 caecus
1339 1678 1387 1711 ob
1415 1677 1518 1712 the-

138 1749 300 1771 sauros
324 1736 603 1782 coniungendam
627 1741 744 1780 putat,
778 1737 876 1780 quasi
899 1738 1018 1782 oppidi
1039 1738 1198 1782 potiundi
1220 1739 1370 1782 pendeat
1392 1749 1434 1772 ex
1456 1748 1518 1771 no-

138 1797 233 1832 mine
266 1798 467 1838 thesauros3
500 1797 686 1832 cohaerent
719 1797 810 1836 enim
844 1798 1063 1841 cupidine
1095 1810 1217 1832 caecus
1248 1799 1411 1843 oppidi
1439 1810 1518 1843 po-

139 1858 311 1900 tiundi,
350 1857 448 1891 cuius
476 1857 646 1902 cupidinis
669 1869 826 1892 caussam
851 1858 1025 1892 continent
1047 1857 1227 1892 interiecta
1247 1860 1355 1893 verba
1378 1860 1418 1893 ob
1441 1860 1518 1894 the-

138 1930 270 1959 sauros,
294 1930 335 1952 ex
356 1918 516 1962 potiundi
535 1917 730 1961 pendentia.
774 1918 955 1952 Postremo
977 1917 1190 1962 intelligitur
1213 1918 1304 1962 ipsas
1325 1919 1518 1963 scripturae

139 1978 386 2022 discrepantias
409 1990 476 2012 non
500 1978 640 2012 aliunde
661 1977 728 2011 nisi
751 1989 794 2011 ex
817 1979 910 2011 male
934 1977 1109 2012 intellecta
1125 1982 1296 2013 structura
1312 1983 1407 2013 ortas
1422 1990 1538 2023 esses

138 2038 277 2072 scribae
307 2038 399 2071 enim
430 2039 527 2072 codd.
551 2038 660 2072 Laud.
685 2037 719 2073 3.
750 2042 785 2071 ct
808 2039 902 2074 Ball.
927 2038 1084 2082 cupidine
1115 2038 1309 2082 genitivum
1340 2039 1519 2083 postulare

140 2096 230 2138 rati,
254 2097 310 2130 cui
334 2102 528 2132 structurae
550 2098 618 2132 tria
641 2097 703 2131 illa
726 2099 898 2133 vocabula
922 2098 1043 2132 obesse
1066 2098 1284 2140 viderentur,
1314 2099 1428 2132 solum
1449 2110 1514 2143 po-

139 2157 254 2193 tiundi
276 2157 500 2191 retinuerunt.
545 2157 661 2191 Aliam
678 2159 848 2193 medelam
864 2162 1036 2193 tentarunt
1051 2158 1086 2192 in
1101 2158 1236 2192 Fabric.
1247 2159 1281 2193 1.
1301 2162 1335 2193 et
1348 2159 1518 2204 Tegerus.

140 2222 320 2252 exarantes
350 2219 389 2251 ob
422 2218 599 2252 thesauros
630 2220 898 2262 potiundus,
926 2218 1058 2252 scilicet
1089 2218 1172 2262 quia
1201 2218 1291 2252 haec
1322 2230 1362 2252 ex
1397 2229 1518 2253 caecus

141 2283 224 2323 apta
246 2289 321 2312 esse
343 2278 483 2312 vellent.
531 2277 602 2311 Sed
624 2283 795 2323 utcunque
817 2283 885 2321 est,
918 2280 986 2312 hoc
1009 2282 1103 2313 certe
1124 2278 1252 2322 liquet,
1276 2289 1344 2312 non
1367 2279 1519 2322 potuisse

141 2340 225 2374 istas
247 2338 432 2373 varietates
456 2338 552 2379 oriri,
577 2339 604 2372 si
627 2340 733 2373 verba
756 2352 777 2374 a
795 2340 913 2374 Cortio
936 2338 1064 2373 omissa
1088 2349 1156 2371 non
1180 2337 1338 2372 Sallustii
1363 2337 1516 2372 fuissent.

142 2420 188 2425 —
215 2401 287 2444 Que
312 2403 390 2444 post
413 2400 487 2433 alia
511 2399 606 2433 deest
628 2400 663 2433 in
688 2401 795 2435 Laud.
811 2400 845 2434 3.
871 2401 976 2434 Acad.
1003 2398 1120 2432 Struv.
1137 2399 1222 2432 Ven.
1243 2396 1278 2432 4.
1301 2402 1335 2432 et
1357 2398 1469 2434 Vatic.
1484 2398 1517 2433 4.

143 2472 193 2494 m.
213 2472 266 2504 pr.
300 2460 391 2503 quod
427 2459 546 2494 Cortio
576 2464 764 2505 praeeunte
793 2460 953 2504 probavit
983 2458 1209 2500 Gerlachius;
1245 2459 1304 2492 sed
1335 2459 1382 2493 cf.
1418 2458 1461 2493 ad
1485 2470 1516 2495 e.

143 2521 309 2562 xxxvl,
338 2520 366 2556 l.
397 2538 443 2545 -—
474 2520 544 2554 Pro
573 2531 761 2565 properare
793 2519 989 2563 quindecim
1023 2519 1122 2554 codd.
1145 2519 1276 2554 habent
1294 2530 1520 2563 praeparare,

144 2592 185 2614 ex
209 2579 489 2624 interpolatione.
535 2580 745 2626 vulgatam,
773 2591 862 2624 quae
893 2582 1032 2624 propter
1062 2583 1293 2614 memoratam
1316 2579 1397 2613 Auli
1420 2578 1517 2622 cupi-

144 2640 261 2674 dinem
285 2641 473 2675 sententiae
494 2640 597 2674 unice
618 2640 800 2681 convenit,
834 2641 921 2673 hene
941 2639 1094 2675 defendit
1116 2639 1275 2682 eortius,
1297 2640 1381 2674 coll.
1405 2639 1518 2674 Tacit.

145 2700 239 2737 nist.
262 2701 301 2747 l,
325 2701 392 2744 77,
416 2701 466 2736 in.
499 2701 587 2737 otho
616 2702 736 2736 munia
763 2701 899 2746 imperii
921 2701 1057 2743 obibat,
1086 2701 1256 2746 quaedam
1281 2711 1322 2735 ex
1344 2699 1520 2746 dignitate
