1630 3034
337 207 676 250 CATILINA.
734 207 872 250 GAP.
903 207 1096 250 XXXIII.
1317 213 1402 254 155

0 335 167 390 ‘sume‘
197 323 415 368 memoria
458 329 606 366 nostra
651 328 839 383 propter
883 324 1240 384 magnitudinem
1286 326 1400 369 aeris

22 414 181 470 alieni,
243 415 494 459 volentibus
550 414 754 458 omnibus
789 414 955 469 bouis.
997 422 1234 475 argentum
1289 432 1392 460 aere

21 505 216 549 solutum
266 511 341 550 est.
442 506 592 563 Saepe
644 505 740 564 ipsa
795 505 953 563 plebes
1009 513 1085 549 aut
1141 507 1399 552 dominandi
1420 508 1448 548 3

23 658 95 690 qua
117 647 256 681 diversa.
277 645 414 691 origine
444 657 563 680 sensns
586 646 770 680 discrimen
793 646 883 681 inter
904 648 1013 681 nostri
1035 651 1069 681 et
1090 653 1266 691 nostrum,
1296 649 1404 683 vestri

21 707 56 738 et
78 709 229 738 vostrum
252 704 348 737 clare
369 707 472 747 patet.
520 703 731 748 intelligitur
755 704 868 747 cuim,
892 704 927 737 in
950 705 1137 748 partitione
1159 707 1254 739 hunc
1274 706 1403 750 geniti-

20 771 106 794 vum
139 761 329 806 singularis
360 761 496 794 numeri
519 772 585 794 non
616 762 698 805 poni
727 772 846 805 posse,
879 774 1081 806 semperque
1112 763 1296 797 dicendum
1328 775 1404 796 esse

19 830 119 852 nemo
142 824 315 859 nostrum,
338 819 439 851 multi
460 823 611 851 vestrum
628 844 637 859 ‚
660 819 791 862 primus
814 824 967 852 nostrum
992 825 1078 861 etc..
1105 825 1225 853 contra
1256 821 1343 853 bene
1366 831 1403 852 se

19 875 152 909 habere
175 887 304 909 memor
326 875 456 916 nostri,
480 874 504 908 i.
529 886 560 909 e.
585 876 658 909 eius
682 877 772 919 quod
796 878 952 909 nostrum
984 880 1055 918 est,
1087 876 1162 909 sive
1194 876 1404 909 condicionis

19 936 179 974 nostrae3
213 933 271 965 vel
291 933 452 965 miserere
475 934 600 975 nostri,
636 934 751 966 odium
774 933 898 974 vestri,
922 932 1069 974 similia,
1106 933 1166 966 ubi
1191 933 1299 967 ctiam
1322 944 1404 976 per-

18 989 156 1024 sonalia
185 989 392 1034 pronomina
428 989 508 1033 poni
547 993 707 1034 possunt,
739 990 797 1023 sed
828 989 896 1022 hoc
928 989 1147 1031 discrimine,
1188 994 1228 1024 ut
1259 989 1405 1033 pluralis

19 1057 183 1089 personas
214 1047 306 1090 ipsas
340 1046 538 1092 significet,
569 1047 758 1092 singularis
790 1046 827 1080 id
860 1047 954 1090 quod
984 1058 1211 1091 personarum
1242 1051 1312 1089 est3
1356 1046 1402 1080 cf.

19 1103 164 1148 Fragm.
188 1104 256 1138 inc.
280 1104 336 1147 17,
352 1104 386 1146 3,
410 1105 441 1137 εἰ
461 1105 639 1147 parricida
662 1104 771 1137 vostri
794 1115 880 1137 sum.

111 1162 266 1196 omnibus
289 1163 411 1205 bonis]
445 1162 535 1194 Boni
559 1161 676 1195 Cortio
708 1164 788 1195 sunt
817 1160 960 1201 divites,
991 1159 1082 1203 quod
1113 1160 1149 1193 h.
1173 1161 1196 1193 l.
1227 1171 1296 1193 non
1319 1159 1404 1192 satis

23 1218 246 1251 commodum
279 1221 354 1259 est,
398 1217 481 1252 licet
512 1218 697 1252 Sallustius
728 1217 804 1262 ipse
837 1217 988 1261 probare
1029 1217 1214 1258 videatur,
1255 1217 1401 1260 Fragm.

21 1274 173 1309 Historr.
197 1275 224 1308 Ι.
250 1286 284 1311 n.
304 1275 338 1308 9.
366 1276 444 1310 bom·
468 1281 500 1309 et
525 1277 610 1309 mali
629 1277 718 1310 cives
742 1275 921 1318 appellati,
946 1286 1012 1307 non
1037 1275 1080 1307 ab
1104 1275 1230 1307 merita
1254 1274 1290 1307 z'n
1312 1285 1404 1306 rem-

19 1333 206 1376 publicam,
233 1333 296 1365 sed
319 1333 372 1366 uti
396 1333 535 1377 quisque
553 1333 834 1377 locupletissimus
858 1337 891 1366 et
914 1332 1043 1365 iniuria
1066 1331 1225 1364 validior.
1260 1330 1405 1364 Rectius

21 1388 267 1432 intelliguntur
304 1389 508 1433 optimates,
549 1391 609 1433 qui
641 1390 692 1424 rei
725 1389 884 1432 publicae
916 1387 1053 1428 favent3
1096 1399 1178 1422 nam
1212 1399 1253 1420 ex
1285 1387 1404 1420 verbis

22 1446 172 1479 maiores
194 1451 343 1479 vostrum
367 1446 575 1492 intelligitur
608 1447 643 1480 in
668 1451 738 1480 tota
762 1446 912 1490 epistola
935 1444 1108 1478 Manlium
1131 1457 1167 1478 se
1197 1450 1302 1487 atque
1324 1456 1405 1478 suos

21 1502 176 1546 patriciis
207 1513 392 1546 opponere.
448 1505 503 1537 De
536 1505 605 1537 hoc
635 1504 732 1537 vocis
765 1505 870 1536 bonus
902 1513 968 1535 usu
1001 1502 1047 1536 cf.
1078 1501 1209 1536 Bromi.
1241 1503 1286 1534 ad
1316 1501 1404 1544 Nep.

20 1560 126 1595 Attio.
149 1562 261 1601 XXII,
288 1560 322 1597 2.
362 1561 440 1594 Car.
467 1561 583 1595 Beier.
618 1561 662 1595 ad
695 1561 768 1597 Cic.
798 1560 871 1594 Off.
896 1559 942 1601 11,
969 1559 1026 1601 16,
1052 1558 1108 1593 57.
1156 1560 1326 1592 Goerenz.
1359 1559 1404 1591 ad

21 1617 151 1650 Acadd.
169 1618 215 1660 11,
239 1617 298 1659 23,
321 1617 380 1653 72.
414 1622 448 1653 ot
478 1619 652 1662 imprimis
682 1620 838 1663 Herzog.
873 1617 917 1651 ad
944 1617 1041 1650 Caes.
1077 1617 1118 1649 B.
1154 1616 1198 1650 G.
1226 1616 1317 1657 vlu,
1345 1615 1402 1648 22.

20 1677 108 1708 extr.
143 1674 352 1709 Gerlachius
375 1679 491 1710 tamen
513 1677 550 1710 h.
574 1677 598 1710 l.
631 1677 725 1710 bonis
750 1677 912 1709 honestos
935 1673 1029 1708 cives
1051 1672 1273 1717 probatisque
1295 1671 1406 1706 mori-

19 1731 86 1764 bus
109 1730 262 1776 intelligi
290 1737 411 1776 putat,
449 1735 494 1768 ob
524 1746 619 1777 seqq.
654 1736 686 1776 §-
711 1733 746 1768 4.
777 1743 877 1766 nemo
912 1732 1055 1765 bonus
1086 1731 1195 1764 vitam
1228 1731 1296 1764 nisi
1328 1741 1405 1763 cum

22 1788 144 1821 anima
167 1789 309 1823 amittit.
357 1790 427 1824 Sed
448 1790 554 1824 huius
581 1790 649 1824 loci
672 1801 811 1834 prorsus
843 1788 915 1823 alia
937 1788 1028 1822 ratio
1053 1792 1114 1824 est.
1133 1807 1181 1814 -ο
1211 1790 1406 1832 Argentum

23 1856 105 1878 aere
123 1846 270 1879 solutum
289 1851 352 1881 est.
395 1847 501 1881 Multi
519 1847 602 1880 libri
623 1848 754 1881 habent
769 1858 850 1882 aere
870 1845 1050 1888 communi,
1067 1857 1173 1888 quam
1196 1845 1406 1889 scripturam

22 1901 172 1936 Dahlius
193 1902 280 1937 scite
301 1907 419 1938 monet
442 1905 487 1937 ab
509 1904 554 1938 iis
577 1906 770 1949 profectam
794 1914 890 1943 csse,
923 1903 984 1946 qui
1007 1903 1184 1937 aerarium
1207 1903 1406 1946 intelligen-

22 1959 108 1992 dum
139 1963 309 2003 putarent.
363 1961 521 1995 Manlius
563 1974 649 1996 vero
688 1962 829 2006 respicit
856 1961 1022 1995 Mariana
1059 1963 1235 2004 tempora,
1281 1960 1406 2003 quibus

23 2016 139 2050 Valer.
163 2017 332 2059 Flaccus,
352 2017 389 2051 in
409 2018 520 2052 Marii
542 2024 627 2063 sept.
653 2019 812 2053 Consulis
835 2019 954 2052 locum
976 2018 1160 2059 suffectus,
1193 2029 1225 2052 a.
1249 2029 1285 2051 u.
1308 2016 1406 2059 668„

24 2084 58 2108 a.
81 2074 165 2108 Chr.
189 2085 224 2109 n.
249 2074 320 2115 86„
352 2075 469 2120 legem
501 2077 599 2117 tulit,
632 2088 701 2119 quo
734 2075 962 2110 creditoribus
994 2076 1167 2118 quadrans
1197 2075 1403 2116 solveretur,

24 2142 61 2166 v.
83 2131 174 2165 Vell.
199 2132 336 2165 Patere.
357 2131 401 2171 11,
418 2131 474 2172 23,
490 2132 524 2166 2.
578 2135 646 2166 Aes
681 2136 798 2166 autem
830 2136 866 2165 et
897 2137 1082 2176 argentum
1112 2132 1149 2164 h.
1174 2132 1199 2166 l.
1230 2143 1298 2164 non
1330 2141 1405 2164 me-

26 2188 208 2223 tallorum*
225 2199 356 2234 genera
388 2188 584 2233 significat,
623 2190 680 2223 sed
721 2199 882 2222 nummos
927 2189 1000 2223 sive
1038 2192 1215 2221 monetam
1252 2199 1294 2221 ex
1329 2187 1405 2221 istis

27 2246 179 2280 metallis
202 2257 343 2286 cusam3
376 2257 457 2280 aere
488 2247 599 2291 igitur
629 2257 736 2289 quum
770 2256 863 2279 asses
895 2246 1040 2285 fierent,
1075 2248 1218 2288 argento
1244 2244 1405 2286 sestertii,

27 2305 124 2345 patet
153 2303 358 2338 Sallustium
395 2304 532 2345 dicere,
562 2303 758 2337 sestertium
795 2313 872 2336 asse
902 2302 1055 2335 solutum
1093 2312 1177 2334 esse.
1225 2301 1329 2345 Quod
1361 2312 1407 2334 no

28 2369 109 2392 cum
132 2358 265 2392 Velleio
286 2369 355 2394 non
378 2371 569 2404 congruere
598 2360 769 2400 videatur,
792 2358 976 2392 tenendum
999 2363 1071 2399 est,
1100 2356 1297 2391 sestertium
1327 2357 1409 2392 inde

30 2425 52 2449 a
73 2415 169 2448 bello
191 2415 324 2449 Punico
347 2417 495 2450 secundo
527 2428 595 2450 non
617 2420 656 2450 ut
686 2420 789 2449 antea
823 2416 958 2448 duobus
990 2414 1182 2448 constitisse
1214 2414 1348 2448 assibus
1373 2418 1410 2449 et

28 2472 184 2514 semisse,
207 2473 266 2506 sed
290 2477 453 2516 quattuor
484 2474 692 2508 continuisse
717 2484 828 2514 asses3
856 2473 900 2507 cf.
923 2473 1014 2508 Plin.
1036 2473 1084 2506 Η.
1101 2472 1142 2506 Ν.
1167 2473 1332 2513 XXXIII,
1352 2473 1410 2506 13.

32 2530 233 2564 Hannibale
254 2536 413 2575 urgente,
438 2531 479 2573 Q.
505 2532 613 2566 Fabio
640 2532 793 2565 Maximo
817 2532 992 2564 Dictatore
1021 2542 1113 2564 asses
1136 2530 1288 2563 unciales
1303 2530 1410 2571 sacti,

31 2588 229 2633 placuitque
252 2588 495 2622 denarium
517 2591 716 2624 sedecim
739 2589 926 2623 assibus
945 2587 1225 2633 permutari,
1247 2591 1411 2620 sester-

33 2646 144 2680 tium
165 2645 426 2691 quaternis.
449 2646 510 2682 ubi
532 2659 568 2683 v.
599 2648 705 2693 intpp.
729 2651 764 2684 et
785 2646 935 2692 Ruperti
967 2646 1011 2682 ad
1034 2644 1151 2681 Tacit.
1185 2644 1274 2680 Aun.
1297 2644 1327 2686 1,
1351 2642 1410 2679 17.
