1630 3034
447 154 810 198 IUGURTHA.
871 154 993 215 CAP.
1027 156 1171 199 LXIII.
1403 162 1482 201 341

105 276 237 318 alium
289 274 369 318 sibi
408 273 620 333 peperit,
671 286 939 330 semperque
994 273 1036 315 in
1090 273 1383 332 potestatibus
1429 290 1484 318 eo

102 371 241 415 modo
277 371 499 431 agitabat,
537 369 598 413 uti
634 368 872 426 ampliore,
910 383 1042 427 quam
1079 370 1291 429 gerebat,
1321 370 1482 430 (lignus

101 469 354 514 haberetur.
426 467 602 510 Tamen
646 465 680 508 is
721 463 779 507 ad
813 464 860 506 id
890 465 1089 509 locorum
1125 466 1224 510 talis
1260 467 1326 509 vir
1355 467 1515 525 (namss

98 572 256 624 postea
292 562 528 607 ambitione
558 576 776 621 praeceps
807 560 934 604 datus
974 562 1060 620 est)
1097 569 1252 621 petere
1265 581 1269 587 ··
1283 577 1370 606 non
1401 579 1481 607 au-

91 687 238 729 sacz'le
262 690 362 719 notus
384 682 579 717 Palmerius
604 680 748 714 coniecit
765 682 919 724 factis
944 686 1061 723 notus,
1087 683 1177 725 quod
1203 682 1316 725 primo
1341 687 1482 727 aspectu

97 759 165 780 nou
188 745 367 789 displicet,
402 745 459 777 sed
483 754 551 776 non
575 753 660 786 opus
685 745 747 776 est.
792 741 913 784 Neque
937 745 1055 776 tamen
1089 753 1168 775 cum
1195 743 1314 778 Coi-tio
1339 744 1480 778 ceteris-

94 819 162 850 que
184 805 432 849 interpretibus
456 815 573 837 sensus
590 802 642 837 ita
664 802 849 845 capiendus
874 806 944 837 est:
967 802 1057 844 „etsi
1076 801 1234 846 plerique
1254 802 1378 836 faciem
1402 804 1480 838 Ma-

94 867 138 900 rii
162 866 387 911 ignorarent,
411 866 494 898 bene
514 867 630 897 tamen
655 868 755 897 notus
783 863 944 897 omnibus
970 870 1085 898 erat.
1133 863 1225 897 Num
1258 874 1301 896 ea
1326 867 1376 898 est
1400 876 1479 899 ora-

94 926 196 960 tionis
220 924 473 966 conformatio,
499 928 536 957 ut
559 929 702 968 tamen,
736 924 826 967 quod
850 924 886 957 in
911 924 1056 968 apodosi
1080 924 1312 968 supplendum
1335 929 1402 967 est,
1427 927 1478 969 (v.

93 989 138 1022 ad
163 999 190 1020 c.
215 987 285 1027 LV,
304 987 358 1029 l.)
385 986 426 1020 ad
452 985 561 1018 verba
580 997 645 1029 per
668 985 776 1018 omnis
799 985 911 1018 tribus
935 985 1136 1019 declaratur
1160 982 1348 1028 pertineat,
1369 988 1478 1029 facile

92 1054 193 1082 notus
216 1051 344 1082 autem
377 1057 533 1080 caussam
559 1045 632 1079 eius
664 1045 749 1079 facti
778 1044 914 1078 indicet.
965 1046 1127 1079 Alienum
1152 1050 1204 1079 est
1231 1045 1360 1089 etiam,
1387 1046 1477 1089 quod

93 1108 234 1143 Cor-tius
260 1107 371 1150 facile
404 1107 648 1150 interpretatur
679 1107 782 1147 bene;
816 1117 925 1149 neque
957 1106 1049 1140 enim
1083 1107 1171 1140 haec
1204 1106 1370 1140 sententia
1395 1107 1479 1140 huic

91 1171 169 1203 loco
194 1168 378 1209 convenit,
402 1179 513 1211 neque
536 1167 703 1210 exemplis
722 1168 838 1211 facile·
857 1168 1037 1211 princvps,
1066 1169 1095 1210 f.
1120 1167 1348 1200 nobilissimus
1370 1168 1477 1202 stubi-

92 1232 186 1265 litur.
233 1230 352 1274 Quare
367 1230 480 1272 facile
502 1234 602 1263 notus
634 1229 726 1262 hunc
750 1240 886 1262 sensum
911 1227 1036 1261 habet:
1064 1228 1169 1270 facili
1191 1228 1331 1272 negotio
1355 1229 1476 1273 cogni-

90 1298 147 1326 tus
180 1290 254 1324 sive
289 1295 391 1324 notus
415 1292 558 1332 sactus,
594 1289 669 1322 scil.
705 1288 1035 1322 commemoratione
1068 1292 1204 1321 strenue
1236 1288 1407 1321 factorum
1434 1300 1476 1323 ac

90 1353 268 1386 virtutum.
317 1348 551 1393 Participium
586 1353 702 1383 autem
734 1349 886 1384 caussali
928 1347 1101 1391 particula
1134 1360 1235 1393 quum
1272 1349 1474 1383 solvendum

88 1424 162 1447 esse
189 1423 250 1456 per
273 1422 309 1445 se
333 1413 439 1453 patet.
464 1430 507 1435 —-
540 1411 750 1446 Declaratur
779 1423 824 1445 sc.
853 1410 1030 1450 tribunus,
1063 1410 1155 1452 quod
1189 1420 1230 1442 ex
1266 1410 1475 1454 antegressis

88 1472 318 1517 supplendum
342 1475 403 1504 est.

168 1536 214 1576 '§.
236 1531 271 1569 5.
319 1532 362 1565 ab
381 1543 418 1565 eo
443 1531 678 1576 magistratu]
710 1532 808 1565 Ilaec
832 1531 940 1564 verba
964 1531 1173 1565 laumannus
1197 1530 1347 1574 explicat
1366 1537 1472 1576 post

88 1606 165 1629 eum
188 1604 301 1638 mag„
334 1602 424 1636 quae
455 1591 712 1634 interpretatio,
751 1592 779 1626 si
812 1591 1079 1637 grammaticam
1117 1591 1289 1625 rationem
1326 1598 1472 1636 spectas,

86 1653 283 1690 accuratior
316 1656 384 1695 est,
417 1663 523 1696 quam
557 1652 761 1694 Gerlachii,
797 1652 856 1696 qui
900 1651 1154 1685 circumscribit
1186 1664 1224 1686 eo
1259 1655 1473 1698 magistratu

77 1720 233 1761 sanctus.
280 1714 370 1748 Nam
398 1713 574 1757 ordinem,
616 1725 685 1756 quo
716 1714 799 1758 quid
830 1714 977 1747 alterum
1003 1712 1149 1755 excipit,
1183 1713 1299 1747 Latini
1323 1723 1345 1747 a
1369 1725 1470 1757 prae-

85 1774 254 1822 positione
288 1774 503 1819 significant5
538 1785 571 1807 v.
607 1775 722 1808 Hand.
754 1774 796 1807 de
827 1773 976 1807 Particc.
1013 1774 1089 1807 Vol.
1117 1774 1143 1806 1.
1177 1786 1211 1817 p.
1240 1774 1297 1809 43.
1331 1776 1400 1817 111,
1439 1775 1468 1809 l.

86 1838 320 1883 Magistratus
343 1839 480 1877 autem,
505 1846 573 1878 quo
597 1836 769 1869 vocabulo
794 1833 963 1868 militaria
989 1845 1135 1867 munera
1158 1835 1297 1878 proprie
1321 1847 1388 1868 non
1413 1847 1468 1867 so-

84 1900 155 1932 lent
177 1896 389 1942 significari,
412 1897 448 1930 h.
473 1896 496 1929 l.
519 1897 561 1929 de
585 1895 762 1930 tribunatu
790 1894 937 1928 militari
972 1894 1103 1927 dictum
1130 1898 1202 1935 est,
1235 1894 1317 1938 quia
1344 1894 1468 1928 latiore

82 1969 183 1992 sensu
206 1968 249 1991 ea
271 1968 415 1990 munera
435 1956 629 2001 significat,
661 1968 750 2000 qnae
775 1967 796 1989 a
819 1955 948 1998 populo
983 1956 1118 1988 dantur.
1172 1955 1361 1989 Potestates
1384 1966 1467 1989 vero

83 2017 229 2062 quodvis
252 2017 405 2050 muneris
437 2017 547 2050 civilis
571 2027 679 2060 genus
712 2016 912 2059 designant,
947 2015 1071 2057 quibus
1105 2015 1263 2057 opposita
1297 2019 1375 2049 sunt
1399 2017 1463 2049 im*

81 2079 201 2123 peria,
232 2087 380 2120 quorum
405 2088 486 2110 usus
509 2076 545 2109 in
568 2076 661 2110 bello
685 2080 718 2109 et
742 2087 779 2108 re
803 2074 970 2116 milituri3
1005 2075 1049 2108 cf.
1075 2079 1194 2108 notata
1216 2076 1259 2108 ad
1284 2087 1313 2108 c.
1340 2076 1401 2116 Ill,
1430 2077 1461 2109 l.

82 2151 115 2183 p.
141 2138 197 2172 13.
221 2142 255 2172 et
277 2137 475 2171 Daehnium
499 2138 543 2171 ad
568 2138 654 2180 Nep.
680 2137 771 2169 Milt.
793 2136 836 2177 ΙΙ,
860 2135 893 2168 3.
921 2135 992 2168 Cic.
1017 2136 1059 2168 de
1082 2136 1161 2179 lege
1184 2136 1267 2179 Agr.
1288 2137 1331 2177 ll,
1356 2136 1390 2177 7,
1407 2136 1462 2170 1⁷.

83 2201 207 2233 Omnes
239 2203 531 2243 potestates,
575 2197 801 2241 imperia,
842 2197 1037 2230 curationes
1074 2198 1117 2230 ab
1151 2197 1307 2229 universo
1335 2197 1460 2239 populo

83 2262 237 2294 Romano
258 2259 426 2302 proficisci
449 2259 616 2292 convenit.
642 2278 685 2282 —
721 2257 915 2302 Agitabat,-
948 2269 981 2290 v.
1005 2257 1049 2290 ad
1075 2257 1149 2291 Cat.
1175 2256 1302 2295 xxm,
1325 2255 1358 2288 3.
1383 2257 1458 2301 lug.

80 2321 155 2362 LX,
186 2319 218 2356 4.
267 2320 293 2353 Α
328 2330 397 2362 quo
428 2320 535 2353 verbo
568 2330 676 2362 quum
712 2318 859 2362 pendeat
891 2319 926 2351 in
956 2319 1202 2362 potestatibus,
1240 2316 1458 2358 Gerlachius,

80 2392 229 2424 eumque
251 2384 388 2413 secutus
411 2380 640 2421 humanans,
671 2384 710 2413 ut
734 2379 805 2412 vim
838 2378 1101 2422 praepositionis
1132 2379 1187 2418 iu,
1222 2377 1320 2410 nulla
1343 2368 1456 2421 expli-

64 2442 215 2478 ,catione
249 2439 408 2486 egentis,
442 2440 630 2483 explicent,
662 2440 809 2484 pessime
842 2440 1024 2472 conferunt
1055 2438 1266 2473 alienissima
1297 2440 1458 2483 exempla

79 2502 181 2536 Catil.
206 2502 251 2542 11,
275 2501 333 2536 10.
358 2502 434 2546 lug.
463 2502 562 2543 XIV,
586 2501 642 2535 11.
666 2502 821 2542 LXXIV,
850 2501 895 2543 1.,
921 2511 1066 2543 quorum
1091 2511 1180 2543 quae
1201 2499 1290 2534 ratio
1315 2500 1360 2533 sit
1387 2499 1459 2533 suis

80 2562 163 2596 locis
197 2561 357 2596 diximus.
405 2562 507 2605 Quod
537 2561 746 2595 Gerlachius
778 2566 957 2605 praeterea
990 2561 1024 2594 in
1058 2561 1114 2594 his
1145 2560 1377 2594 locutionibus
1410 2561 1456 2594 ab

81 2622 155 2666 ipso
179 2626 307 2657 temere
339 2621 491 2655 contusis
513 2622 683 2665 quendam
706 2622 925 2666 antiquitatis
958 2623 1102 2655 colorem
1139 2621 1249 2655 inesse
1272 2619 1455 2662 contendit,

82 2683 301 2716 vehementer
320 2682 505 2716 ridiculum
530 2686 592 2716 est.

169 2745 205 2786 §-
226 2742 261 2778 6.
309 2743 354 2777 ad
378 2743 414 2777 id
438 2743 606 2786 locorum]
640 2742 661 2776 i.
688 2754 717 2777 c.
755 2743 800 2776 ad
826 2742 861 2776 id
883 2747 1035 2786 tcmpus,
1066 2741 1141 2776 scil.
1172 2753 1240 2785 quo
1263 2740 1457 2785 haruspicis

248 2849 268 2863 J
