1630 3034
1260 89 1277 115 h

426 161 785 206 IUGURTHA.
851 164 981 207 CAP.
1015 164 1217 209 LXXIV.
1435 170 1518 210 391

133 279 369 338 quisquam
397 278 629 324 hominum
658 279 760 324 satis
788 279 1022 339 placebat3
1054 280 1210 324 itinera
1237 281 1519 341 praefectos-

131 391 222 435 que
263 377 308 420 in
344 376 440 420 dies
485 383 682 435 mutare,
734 376 872 421 modo
903 376 1140 420 advorsum
1179 376 1341 434 hostis,
1377 379 1516 422 inter-

130 472 238 517 dum
274 474 319 517 in
358 473 617 518 solitudines
650 487 868 533 pergere,
916 488 1052 532 saepe
1082 473 1126 516 in
1162 473 1294 534 fuga,
1331 489 1383 518 ac
1413 481 1520 535 post

126 570 281 629 paullo
326 570 370 614 iu
413 570 546 615 armis
589 583 719 630 spem
757 568 948 626 habere,
999 569 1227 626 dubitare,
1271 571 1419 615 virtuti
1460 586 1516 615 an

125 746 209 782 licui
233 747 365 782 habent
387 748 507 792 paullo
530 753 634 792 post3
664 746 709 781 cf.
735 746 780 781 ad
804 758 834 781 c.
858 746 946 789 LVI,
969 746 1003 783 3.
1029 747 1154 790 LXXI,
1178 747 1212 782 5.
1238 768 1284 774 —
1308 749 1396 783 Cum
1425 750 1515 783 Ger-

123 808 241 843 lachio
265 808 508 842 revocavimus
529 808 717 853 vulgatum
741 807 930 842 verborum
956 808 1115 843 ordinem
1139 809 1176 843 in
1199 811 1306 844 armis
1329 822 1423 854 spem
1447 811 1514 844 ha—

123 869 224 909 bere3
253 868 392 903 Cottius
420 869 512 903 enim
546 868 640 902 dedit
673 879 768 913 spem
802 868 839 902 in
874 870 980 903 armis
1017 870 1166 911 habere,
1200 870 1343 904 Grutcri
1367 871 1512 905 tacitam

120 928 368 963 auctoritatem
392 934 426 963 et
449 933 519 964 tres
542 929 640 962 codd.
667 940 747 962 suos
771 932 933 970 secutus,
967 929 1094 973 quibus
1118 942 1228 974 nuper
1253 931 1368 965 Venet.
1394 932 1426 965 4.
1455 941 1512 965 ac-

120 989 233 1025 cessit.
281 990 352 1024 Sed
384 991 476 1024 hauc
500 989 730 1023 mutationem
750 999 817 1022 uon
847 989 961 1022 solum
985 990 1160 1024 maximus
1185 995 1382 1025 ceterorum
1406 991 1510 1025 libro-

118 1061 199 1084 rum
223 1061 418 1092 consensus,
442 1051 503 1084 sed
526 1050 631 1084 etiam
657 1049 732 1093 ipsa
754 1049 990 1093 oppositorum
1015 1051 1271 1084 vocabulorum
1295 1055 1328 1084 et
1348 1052 1392 1085 ad
1417 1063 1513 1086 com-

118 1121 224 1144 mune
248 1111 490 1155 praedicatum
515 1111 707 1145 relatorum
730 1110 820 1144 ratio
845 1111 1045 1155 redarguit3
1082 1112 1127 1145 ct'.
1152 1110 1196 1145 ad
1223 1123 1254 1144 c.
1278 1112 1386 1153 Lxx,
1411 1111 1444 1146 5.
1465 1132 1511 1138 —-

118 1170 249 1205 Statim
273 1175 353 1216 post
376 1172 617 1216 popularium,
652 1181 760 1215 quam
790 1181 914 1204 vocem
939 1183 1059 1205 omnes
1084 1183 1193 1215 paene
1216 1172 1313 1206 codd.
1341 1177 1419 1216 post
1432 1174 1512 1217 fide

116 1231 277 1273 habent,
294 1232 435 1266 Cortius
453 1237 530 1277 post
553 1233 676 1266 virtuti
701 1231 908 1273 collocavit,
933 1232 994 1274 qui
1019 1232 1105 1266 ordo
1126 1236 1177 1266 est
1198 1233 1232 1266 in
1255 1232 1394 1266 Fabi-ic.
1421 1233 1454 1267 l.
1476 1233 1510 1267 2.

117 1292 237 1326 Guelf.
261 1291 297 1327 3.
321 1293 356 1328 6.
380 1294 484 1328 Misn.
508 1298 544 1328 et
568 1291 715 1327 Goerlit.
766 1290 836 1324 Sed
861 1302 1074 1335 quamquam
1097 1297 1190 1326 recte
1220 1292 1269 1327 ita
1292 1293 1362 1327 dici
1387 1298 1509 1338 potest,

115 1357 232 1387 tamen
258 1365 369 1398 neque
391 1365 515 1389 caussa
538 1352 732 1398 probabilis
756 1351 871 1385 factae
895 1353 938 1385 de
955 1352 1124 1387 industria
1148 1354 1422 1397 transpositionis
1444 1366 1508 1399 ap-

114 1418 232 1457 paret,
265 1419 299 1448 et
322 1427 442 1449 sensus
465 1415 538 1458 ipse
562 1414 743 1455 utriusque
767 1412 959 1456 scripturae
983 1412 1075 1446 idem
1109 1417 1182 1456 est,
1217 1419 1255 1448 ut
1279 1418 1463 1458 propterea
1486 1425 1508 1449 a

118 1474 280 1508 codicum
305 1475 538 1518 plurimorum
564 1485 731 1508 consensu
756 1473 999 1508 discedendum
1024 1484 1090 1506 non
1115 1480 1290 1517 putemus.
1339 1476 1376 1509 ln
1395 1487 1436 1509 eo
1453 1481 1505 1510 ta-

112 1544 194 1568 men
217 1534 336 1569 Cottio
360 1547 479 1569 sumus
504 1535 679 1578 obsecuti,
715 1535 805 1578 quod
842 1535 914 1577 fide
939 1533 1142 1578 scripsimus
1175 1546 1237 1578 pro
1259 1536 1370 1579 fidei,
1395 1540 1433 1569 ut
1457 1538 1508 1569 est

112 1594 149 1628 in
174 1595 471 1640 vulgata-‘Nam
502 1596 734 1639 antiquiorem
765 1595 874 1629 dativi
909 1594 1050 1638 quintae
1085 1594 1324 1628 declinationis
1356 1596 1505 1629 formam

110 1653 350 1698 incorruptam
373 1660 556 1690 servarunt
588 1656 670 1689 ven.
696 1653 730 1688 1.
763 1658 798 1689 et
822 1655 909 1688 Min.
933 1655 967 1689 2.
1014 1657 1094 1698 Qua
1126 1655 1250 1689 offensi
1284 1656 1419 1690 librarii
1443 1658 1505 1690 du-

108 1713 195 1758 plici
230 1715 336 1748 modo
370 1720 603 1759 structuram,
638 1714 768 1759 quippe
806 1726 910 1758 quam
944 1716 1118 1751 diversam
1151 1721 1331 1760 putarent,
1356 1728 1507 1760 aequare

108 1775 335 1816 studuerunt3
366 1776 510 1821 plurimi
543 1776 658 1816 enim,
693 1775 785 1818 quod
810 1775 843 1808 iu
869 1777 1018 1819 proclivi
1043 1781 1134 1819 crat,
1168 1777 1379 1821 scripserunt
1402 1779 1505 1821 fidei,

107 1835 189 1878 alii,
215 1837 294 1880 fide
325 1837 532 1879 retinentes,
567 1848 630 1881 pro
662 1835 785 1870 virtuti
817 1836 982 1871 dederunt
1005 1837 1153 1878 virtute,
1191 1841 1228 1870 ut
1252 1838 1388 1871 Fabi-ic.
1414 1838 1446 1871 1.
1471 1841 1506 1872 et

106 1895 229 1940 Misn.‚
252 1897 342 1930 unde
366 1897 401 1931 in
427 1898 610 1931 nonnullas
634 1897 711 1930 edd.
740 1896 873 1940 antiqq.
899 1897 1027 1942 duplex
1059 1897 1200 1941 irrepsit
1223 1904 1402 1941 peccatum
1426 1898 1500 1931 vir-

107 1961 182 1991 tute
208 1969 255 1991 an
269 1958 372 2000 fidei.
421 1957 543 1992 Dativi
566 1957 602 1991 in
637 1968 655 1990 e
678 1956 834 1990 exeuntis
866 1957 957 1991 ratio
985 1958 1107 1991 eadem
1134 1961 1205 1999 est,
1229 1969 1319 2001 quae
1341 1957 1500 2003 genitivi,

107 2016 150 2049 de
173 2027 243 2060 quo
266 2028 350 2051 casu
381 2029 415 2052 v,
440 2018 484 2051 ad
508 2030 537 2051 c.
567 2017 668 2058 XXI,
693 2017 728 2053 2.
777 2019 830 2051 De
854 2018 957 2052 tertio
981 2028 1063 2051 casu
1097 2019 1142 2051 cf.
1169 2019 1431 2053 Drakenborch.
1455 2019 1498 2053 ad

106 2077 184 2112 Liv.
209 2077 251 2119 V,
276 2077 333 2118 13,
357 2075 392 2111 5.
415 2078 505 2110 lior.
529 2077 604 2111 Sat.
629 2076 658 2118 I,
681 2077 717 2119 3,
741 2076 800 2112 95.
850 2079 943 2121 Quid
961 2080 1118 2122 sociam,
1142 2079 1172 2113 εἰ
1192 2079 1385 2123 prodiderit
1407 2090 1498 2112 com·

107 2139 213 2171 missa
229 2136 364 2181 side?
394 2157 441 2162 —
462 2138 514 2171 Ad
539 2138 738 2172 intenderat
771 2139 1001 2181 Gerlachius,
1033 2141 1245 2174 laumannus
1275 2143 1309 2173 et
1333 2138 1497 2181 Weisius,

105 2198 179 2232 vim
212 2198 312 2232 verbi
343 2196 564 2243 ignorantes,
596 2199 826 2242 supplendum
860 2205 1000 2234 censent
1022 2202 1160 2243 animo,
1193 2199 1283 2243 ‘luod
1308 2211 1350 2232 ex
1375 2201 1494 2233 eodem

104 2270 232 2306 genere
255 2263 318 2300 est,
341 2263 380 2293 ut
403 2271 433 2293 c.
460 2260 619 2301 LXXIII,
643 2259 679 2294 2.
702 2259 746 2293 ad
765 2260 929 2305 fatigare
953 2262 1136 2295 voluerunt
1157 2260 1314 2305 precibus
1331 2259 1494 2304 intelligi.

103 2320 194 2355 Nam
218 2319 417 2362 intendere,
449 2330 472 2354 a
503 2319 657 2364 simplici
683 2320 826 2354 tendere
858 2331 925 2354 non
950 2321 1014 2354 nisi
1039 2321 1173 2354 maiore
1203 2320 1355 2364 quadam
1381 2321 1414 2353 vi
1440 2321 1492 2354 ‹li-

103 2392 266 2423 vor-sum,
303 2392 365 2424 per
398 2391 436 2414 se
466 2380 576 2414 habet
607 2384 816 2423 potestatem
849 2386 993 2415 conatus
1016 2387 1050 2416 et
1072 2381 1228 2422 consilii,
1264 2381 1308 2415 ad
1335 2381 1492 2425 aliquam

103 2452 179 2476 rem
213 2440 360 2483 directi,
394 2445 430 2475 et
460 2452 523 2485 pro
555 2441 722 2485 cuiusque
756 2441 823 2475 loci
855 2442 992 2476 ratione
1025 2443 1120 2476 valet
1143 2443 1200 2476 vel
1224 2442 1403 2485 aggredi,
1435 2442 1490 2475 vel

102 2506 287 2546 spectare,
320 2501 376 2534 vel
409 2502 612 2536 constituere
642 2503 699 2536 vel
728 2508 846 2546 petere
870 2503 1028 2547 aliquid;
1061 2502 1106 2535 ct'.
1136 2513 1165 2535 c.
1194 2502 1315 2544 Lxlv,
1339 2501 1372 2536 l.
1424 2503 1492 2536 Ubi

103 2562 296 2607 haruspicis
319 2562 414 2596 dicta
437 2563 554 2596 eodem
579 2563 823 2597 intendere
847 2563 950 2596 videt.
977 2563 1201 2603 Lxxxvln,
1223 2563 1258 2596 6.
1311 2565 1417 2607 Quem
1440 2565 1487 2598 1ο-

103 2635 180 2657 cmn
205 2623 341 2657 Marius
373 2635 497 2667 capere
529 2623 751 2658 intendit.
778 2624 853 2664 cn,
876 2623 908 2657 1.
959 2622 1119 2657 Peruenit
1145 2623 1181 2656 in
1206 2624 1390 2668 oppidum,
1422 2636 1487 2668 quo

104 2683 313 2719 intenderat.
344 2684 457 2725 cvn,
491 2683 524 2717 7.
576 2684 651 2726 Quo
681 2684 732 2718 ire
765 2684 1090 2728 intenderant,
1121 2690 1324 2728 perventum
1358 2691 1419 2719 cst.
1452 2695 1483 2717 v.

103 2743 209 2778 etium
231 2748 397 2780 annotata
419 2744 463 2779 ad
484 2755 515 2778 c.
542 2744 627 2786 ΟΝ,
649 2743 682 2779 l.
730 2744 844 2779 Simul
870 2744 1040 2778 notandus
1066 2743 1189 2778 Weisii
1213 2755 1320 2786 error,
1345 2745 1406 2788 qui
1430 2745 1485 2777 in-
