1630 3034
421 152 442 194 Ι
456 153 488 193 U
499 151 578 193 GU
589 151 626 192 P.
640 151 676 191 Τ
689 152 729 190 Η
740 152 784 193 Α.
848 150 879 191 C
891 151 930 190 A
940 151 983 191 Ρ.
1016 150 1161 191 XXV.
1404 155 1488 194 149

246 267 387 312 XXV.
456 267 540 311 His
574 267 726 310 litteris
762 266 951 310 recitatis
996 267 1144 321 fuere,
1194 267 1269 323 qui
1317 268 1489 310 exerci-

105 373 200 409 tum
236 366 279 408 in
310 363 507 408 Africam
543 362 805 406 mittendum
842 370 1096 417 censerent,
1142 369 1187 406 et
1221 377 1356 420 quam
1391 364 1489 423 pfl-

104 476 225 505 mum
262 460 508 505 Adherbali
543 457 925 510 subveniundum3
971 457 1029 501 de
1060 458 1276 517 Iugurtha
1312 460 1485 502 interim

103 558 166 602 uti
194 557 516 609 consuleretur,
553 554 763 612 quoniam
783 554 941 613 legatis
969 569 1058 597 non
1079 555 1311 613 paruisset.
1388 555 1518 602 Sede

102 655 159 697 ab
193 652 336 697 isdem
370 651 452 695 illis
498 651 618 710 regis
662 650 906 694 fautoribus
954 665 1124 693 summa
1168 665 1260 709 ope
1304 652 1486 708 enisum,

99 766 155 815 nle
191 749 279 792 tale
316 747 547 791 decretum
593 748 734 790 fieret.
805 747 873 790 lta
920 747 1086 790 bonum
1136 747 1387 805 publicum,
1433 753 1517 792 ut3

97 847 143 890 in
176 846 403 906 plerisque
439 843 627 903 negotiis
675 843 814 899 solet,
858 843 1032 902 privata
1066 843 1210 902 gratia
1245 843 1480 891 devictum.

96 978 116 993 b

97 1041 304 1081 decernere,
337 1049 496 1079 censere,
541 1038 681 1080 placere
724 1042 758 1072 et
790 1038 965 1075 similibus
998 1042 1205 1085 infinitivus,
1239 1041 1295 1073 vel
1318 1051 1428 1073 accus.
1455 1052 1484 1074 c.

96 1103 191 1144 infin.
224 1106 259 1135 et
290 1106 327 1134 ut
361 1111 388 1133 c.
427 1098 513 1132 coni.
546 1098 652 1131 simul
685 1098 925 1142 subiungatur.
960 1113 993 1134 v.
1027 1101 1289 1135 Drakenborch.
1329 1101 1372 1133 ad
1406 1100 1483 1136 Liv.

96 1161 265 1201 xxxix,
298 1160 366 1201 14,
399 1159 433 1192 9.
467 1158 628 1192 Consules
663 1159 833 1191 aedilibus
866 1163 1040 1195 curulibus
1085 1163 1390 1206 imperarunt,
1437 1167 1483 1195 ut

96 1221 291 1255 sacerdotes
309 1221 382 1253 eius
401 1220 493 1252 sacri
515 1231 630 1252 omues
647 1230 692 1251 co
705 1232 787 1263 πρυ
800 1221 838 1253 ir
853 1228 997 1263 erent,
1029 1224 1350 1266 comprehensosque
1378 1223 1482 1255 libero

95 1282 251 1315 conclavi
273 1282 320 1314 ad
344 1280 589 1325 quaesitionem
623 1286 886 1321 seruarent3
914 1283 1095 1316 aediles
1116 1283 1275 1327 plebis
1309 1283 1480 1324 videre,

94 1354 136 1376 ne
158 1354 227 1386 qua
246 1353 348 1375 sacra
369 1342 405 1373 in
421 1345 537 1384 operto
547 1342 686 1383 fierent.
714 1341 914 1382 xxxvm,
937 1343 1001 1387 35,
1027 1342 1061 1377 9.
1090 1344 1249 1386 Campa
1263 1353 1366 1375 rare
1390 1343 1482 1376 inter

93 1414 128 1436 se
149 1407 210 1436 aut
239 1403 409 1436 sortiri
433 1402 573 1442 iussi,
609 1407 642 1435 et
668 1412 772 1433 noros
800 1403 967 1436 exercitus
995 1404 1218 1442 scribere,
1244 1408 1277 1436 et
1305 1408 1351 1436 ut
1376 1404 1478 1436 sociis

92 1463 214 1496 Latini
234 1464 378 1496 nominis
406 1463 511 1506 quina
535 1462 625 1494 dena
652 1461 762 1494 millia
785 1462 940 1504 peditum
968 1464 1267 1506 imperarent.
1292 1463 1394 1505 Alia,
1419 1464 1478 1497 sed

92 1523 218 1557 similis
240 1523 397 1568 generis,
423 1524 528 1556 habet
552 1523 680 1555 Duker.
705 1521 748 1554 ad
775 1523 922 1563 xxvn,
947 1522 1013 1565 33,
1037 1524 1071 1557 9.
1098 1529 1132 1557 et
1156 1523 1294 1556 Cottius
1318 1524 1360 1556 ael
1388 1523 1477 1557 Sall.

91 1583 236 1628 Fragm.
269 1584 419 1617 Historr.
452 1584 486 1624 1,
524 1582 588 1624 15,
624 1580 679 1615 23.
718 1582 812 1614 Gerl.
849 1583 1012 1616 Ceterum
1046 1585 1099 1617 uti
1129 1590 1211 1617 ante
1244 1585 1479 1618 consuleretur

91 1641 186 1676 deest
218 1641 252 1674 in
283 1642 354 1676 Inc.
390 1644 421 1676 l.
456 1645 562 1678 Fobr.
596 1644 629 1676 2.
660 1642 742 1674 Eue.
779 1642 872 1675 Vrat.
909 1642 942 1675 3.
968 1644 1084 1677 Guelf.
1110 1645 1144 1676 7.
1165 1644 1198 1678 9.
1227 1645 1282 1678 11.
1308 1645 1404 1678 Leid.
1430 1645 1476 1678 H.

89 1702 172 1735 Bas.
194 1701 228 1736 4.
252 1702 370 1736 Ber-ot.
396 1705 428 1738 1.
454 1705 544 1747 quod
568 1715 636 1737 non
658 1708 776 1736 contra
800 1713 902 1736 usum
928 1704 1041 1738 Latini
1064 1705 1233 1738 sermonis
1257 1716 1329 1738 esse
1361 1716 1475 1738 exem-

88 1762 155 1806 plis
187 1763 398 1797 ostendimus
433 1766 476 1797 ad
512 1765 587 1798 cat.
624 1764 764 1803 xxm,
800 1763 832 1795 2.
867 1769 900 1796 et
925 1765 968 1797 ad
992 1765 1149 1804 xxxll,
1173 1765 1207 1798 2.
1233 1777 1265 1808 p.
1292 1766 1371 1800 152.
1399 1766 1473 1799 Liv.

88 1823 263 1864 xxxm,
287 1824 354 1865 31,
379 1826 434 1858 11.
461 1826 686 1858 decretum
710 1828 761 1857 est
783 1824 966 1861 Corinthus
997 1825 1300 1867 redderetur,
1339 1826 1474 1859 Chalci-

88 1885 165 1918 dem
196 1895 237 1917 ac
258 1885 513 1919 Demetriadem
532 1885 750 1918 retineri.
812 1883 880 1916 Sed
906 1884 941 1916 h.
968 1885 992 1917 l.
1018 1884 1175 1917 codicum
1202 1885 1385 1917 meliorum
1412 1895 1474 1918 au-

89 1945 232 1978 ctoritas
255 1946 464 1987 particulam
488 1945 571 1979 satis
594 1944 682 1978 tueri
706 1944 854 1977 ridetur.
882 1964 924 1968 -
950 1944 1038 1976 Cum
1069 1943 1257 1977 Gerlachio
1290 1945 1474 1988 vulgatum

87 2004 274 2036 verborum
297 2005 452 2038 ordinem
471 2006 629 2049 quoniam
650 2015 718 2036 non
732 2005 905 2046 paruisset
927 2005 1056 2048 legatis
1082 2003 1314 2044 mutavimus,
1350 2009 1473 2037 aucto-

88 2062 192 2096 ritate
222 2063 296 2096 cod.
323 2065 405 2098 Bas.
429 2067 460 2099 1.
493 2065 527 2100 4.
559 2065 646 2098 Tur.
670 2063 705 2097 1.
731 2064 836 2096 Rern.
863 2064 894 2095 1.
923 2064 1032 2096 Paris.
1059 2063 1091 2095 b.
1117 2074 1146 2095 c.
1172 2074 1205 2099 x.
1230 2074 1260 2096 z.
1286 2065 1471 2099 Einsiedel.

87 2123 206 2156 Berol.
230 2123 263 2158 1.
286 2123 320 2156 2.
346 2125 449 2158 Misn.
476 2130 510 2158 et
539 2125 683 2158 Goerlit.
709 2124 743 2156 in
769 2123 892 2166 quibus
916 2129 983 2162 est,
1020 2135 1118 2166 quon.
1146 2124 1216 2166 leg.
1242 2135 1311 2156 non
1333 2124 1473 2166 paruis-

87 2189 151 2217 set.
197 2183 288 2217 Nam
315 2184 366 2218 ita
389 2196 472 2217 sane
496 2185 586 2227 quod
612 2184 646 2217 iu
670 2184 737 2218 ista
761 2195 798 2217 re
831 2183 1024 2216 niaximum
1055 2186 1149 2223 erat,
1181 2182 1296 2215 verbis
1328 2183 1472 2227 gravius

87 2243 199 2285 cadit3
228 2255 339 2287 neque
362 2244 497 2278 incuria
521 2244 659 2277 editorr.
682 2249 778 2278 certo
811 2246 945 2278 constat
977 2242 1019 2274 de
1052 2242 1263 2276 relicuorum
1299 2242 1471 2277 librorum

68 2304 268 2348 scriptura.

181 2366 213 2406 S.
244 2364 279 2398 2.
301 2368 338 2399 et
360 2364 394 2398 3.
421 2365 462 2398 ab
485 2365 591 2398 isdem
613 2366 697 2407 mis]
723 2366 834 2398 Isdem
859 2356 1023 2409 praebent
1047 2362 1145 2396 codd.
1170 2362 1250 2396 Sen.
1277 2364 1310 2397 1.
1325 2364 1470 2398 Eccard.

87 2423 202 2458 Guelf.
228 2423 260 2458 1.
287 2424 320 2458 3.
345 2425 377 2458 4.
404 2425 437 2461 9.
464 2426 508 2458 cf.
538 2437 567 2458 c.
592 2426 690 2466 ΧΠ,
716 2425 770 2458 11.
800 2443 841 2450 -
868 2425 941 2457 mis
965 2423 1102 2457 Curtius
1133 2423 1202 2456 fido
1230 2423 1331 2456 unius
1363 2425 1468 2457 Fabr.

85 2483 121 2518 2.
151 2483 336 2528 expunxit,
370 2485 461 2529 quod
495 2498 574 2519 cum
609 2485 817 2519 detrimento
843 2483 1098 2529 perspicuitatis
1123 2484 1254 2517 factum
1277 2495 1352 2518 esse
1376 2489 1469 2518 recte

86 2544 175 2578 vidit
199 2545 419 2579 Gerlachius.
444 2547 524 2581 Hoc
546 2546 637 2580 enim
662 2545 863 2589 pronomine
885 2544 1102 2589 significatur
1125 2544 1195 2578 iam
1219 2555 1325 2588 supra
1348 2555 1469 2578 eorum

87 2604 295 2639 mentionem
326 2617 400 2640 esse
431 2607 572 2640 factam.
606 2606 653 2639 cf.
686 2607 761 2640 Cat.
796 2607 911 2648 mu,
943 2604 976 2638 2.
1017 2604 1176 2638 Metellus
1200 2605 1356 2638 eadem
1380 2605 1412 2638 il
1423 2605 1469 2637 la

89 2664 314 2706 existumans,
338 2678 449 2711 quae
473 2678 614 2711 supra
640 2666 854 2706 diximus,
883 2665 1070 2699 Catilinam
1089 2665 1243 2710 agitare.
1269 2664 1408 2705 xxm,
1433 2663 1467 2696 4.

90 2726 137 2759 At
158 2725 330 2761 Catilinae
349 2727 497 2761 crudelis
514 2727 651 2761 animus
670 2727 828 2761 eadem
851 2726 940 2760 illa
962 2725 1132 2761 movebat.
1159 2724 1289 2766 LVIII,
1313 2724 1370 2759 1⁰.
1395 2725 1469 2758 Ea-
