1630 3034
461 188 801 231 CATILINA.
859 188 996 230 cAP.
1024 189 1095 230 LI.
1379 190 1465 234 251

87 307 208 353 bent.
277 307 365 361 An,
399 305 503 364 quia
537 305 715 366 gravius
749 309 814 348 est
845 303 1067 348 verberari
1101 318 1237 361 quam
1275 304 1532 349 necasti-³23

33 399 36 402 ⁴
89 398 214 454 Quid
256 403 405 442 autem
446 397 656 441 acerbum
700 401 776 439 aut
818 395 945 439 nimis
993 409 1132 454 grave
1166 395 1212 438 in
1254 395 1464 441 hom'mes

88 485 199 533 tanti
232 488 440 534 facinoris
472 486 729 534 convictos?
773 486 878 542 Sin,
913 486 1016 545 quia
1050 486 1188 531 levius
1223 487 1320 531 est?
1364 487 1455 543 Qui
1481 485 1536 528 24

85 699 230 736 Coruus
259 700 301 735 in*
317 699 426 734 verbo
456 699 612 744 permitti
640 698 848 739 haeserunt,
879 697 980 733 vario
1003 699 1107 735 modo
1130 696 1242 732 sensui
1265 707 1472 731 succurren-

90 762 162 798 tes3
194 769 273 792 nam
296 758 404 792 Fabr.
429 756 464 790 2.
498 757 608 791 habet
640 757 740 791 exilio
769 757 945 802 permitti,
976 757 1046 792 Ine.
1074 756 1110 791 2.
1144 766 1228 790 vero
1258 756 1296 789 in
1329 756 1469 789 erilium

88 817 200 857 mitta,
223 814 457 859 superscripto
476 815 644 859 permitti.

181 875 213 916 ἓ.
237 873 294 907 23.
341 872 444 905 nimis
465 872 597 917 grave]
639 871 776 905 Cortins
795 883 839 905 ex
862 871 1002 906 Fabric.
1022 872 1057 905 2.
1082 870 1189 905 edidit
1213 881 1328 916 grave
1351 869 1471 909 nimis,

89 930 181 974 quod
213 929 285 964 iam
316 929 560 963 damnavimus
599 929 643 963 ad
677 941 706 967 c,
731 930 893 969 xxxin,
920 929 956 964 3.
986 949 1032 956 —
1079 928 1232 963 Plurimi
1268 926 1351 960 libri
1390 929 1471 969 post

87 998 200 1033 grave
224 987 353 1020 addunt
377 992 438 1028 est,
461 987 552 1030 quod
568 990 685 1020 tamen
708 986 744 1020 in
764 987 881 1021 Guelf.
900 987 935 1020 3.
961 991 996 1021 et
1017 988 1141 1020 Incert.
1158 987 1193 1020 2.
1215 986 1333 1019 locum
1357 986 1472 1016 mutat

88 1049 124 1079 et
146 1045 183 1079 in
207 1045 303 1079 Leid.
326 1045 370 1081 K.
405 1045 520 1086 deest,
552 1049 592 1078 ut
615 1044 823 1078 Gerlacbius
852 1048 946 1077 ret-xe
976 1043 1119 1076 eiecisse
1148 1042 1329 1082 videatur,
1350 1051 1471 1083 ’quum

87 1101 292 1147 praesertim
316 1102 352 1135 in
375 1102 598 1146 generalibus
620 1101 950 1146 interrogationibus
972 1112 1042 1133 esse
1065 1099 1161 1132 verbi
1182 1098 1313 1142 ellipsis
1336 1095 1471 1130 dicendi

87 1170 155 1193 usu
178 1164 320 1203 recepta
341 1159 404 1201 εἰη
431 1160 475 1192 cf.
495 1159 568 1195 Cic.
591 1160 690 1192 Lacl.
717 1170 746 1192 c.
769 1160 803 1199 6,
825 1158 882 1193 22.
916 1157 999 1202 quid
1023 1157 1178 1196 dulcius,
1216 1167 1319 1200 quam
1344 1154 1471 1187 habere

88 1216 226 1261 quicum
249 1216 368 1249 omnia
399 1216 531 1250 audeas
555 1215 674 1260 loqui?
707 1215 792 1249 ibid.
818 1227 847 1248 c.
876 1214 933 1256 15,
960 1213 1017 1249 55.
1052 1215 1135 1258 quid
1168 1219 1285 1246 autem
1319 1212 1471 1251 stultius,

89 1274 195 1318 quani
217 1292 263 1298 —
286 1274 413 1306 amicos
437 1285 505 1306 non
525 1272 683 1317 parare?
714 1272 763 1306 ib.
788 1284 816 1305 c.
836 1273 893 1313 14,
909 1272 968 1308 49.
1010 1273 1094 1316 quid
1130 1272 1220 1304 enim
1251 1275 1326 1303 tam
1350 1269 1471 1301 absur-

88 1331 193 1372 dum,
217 1342 321 1376 quam
345 1331 512 1364 delectari
532 1331 691 1364 inanibus
713 1329 841 1363 rebus?
876 1331 1046 1365 Goerenz.
1070 1330 1115 1362 ad
1138 1329 1237 1362 Finn.
1258 1328 1314 1366 lv,
1329 1326 1395 1366 28,
1410 1325 1471 1361 78.

89 1389 174 1433 quid
205 1389 295 1422 enim
317 1393 391 1421 tum
413 1399 636 1433 repugnans,
671 1396 774 1433 quam
800 1391 862 1421 etc.
886 1387 938 1420 ih.-
969 1387 1013 1429 11,
1044 1386 1101 1427 15,
1121 1386 1178 1420 50.
1211 1384 1301 1429 ςμιίεζι
1326 1384 1473 1428 turpiusr,

90 1453 195 1490 qvam
228 1448 293 1480 ete.
324 1445 395 1486 m,
421 1445 463 1487 9,
487 1445 548 1480 31.
599 1446 709 1479 Plura
741 1445 859 1479 attulit
889 1444 1005 1478 Can-ol.
1037 1444 1185 1477 Beierus
1212 1442 1258 1476 ad
1291 1442 1367 1475 Cim·
1398 1440 1474 1474 Off.

89 1502 135 1544 ss,
166 1501 201 1544 2,
228 1502 263 1536 7.
293 1503 354 1544 111,
384 1501 442 1544 13,
468 1501 528 1537 55.
561 1513 596 1535 v.
629 1502 736 1545 ctiam
760 1503 843 1536 Ern.
867 1501 1013 1536 Weberi
1044 1500 1253 1535 Exercitatt.
1288 1498 1371 1544 styli
1395 1499 1471 1532 Lat.

89 1558 136 1594 T.
155 1560 183 1594 1.
217 1571 251 1603 p.
270 1558 352 1593 314.
1322 1561 1326 1576 ¹
1395 1575 1397 1577 ·

182 1618 215 1658 ἓ.
238 1615 296 1650 24.
344 1616 423 1660 sin]
454 1616 583 1650 Paullo
612 1616 758 1650 liberius
780 1616 869 1650 haec
891 1616 1063 1660 particula
1085 1616 1199 1660 posita
1220 1612 1333 1648 videri
1354 1611 1474 1657 possit,

89 1673 261 1718 siquidem
292 1684 429 1718 semper
452 1675 496 1708 ad
527 1685 771 1719 praegressum
795 1675 844 1716 si,
877 1675 935 1707 vel
967 1675 1138 1718 positum,
1171 1673 1229 1706 vel
1262 1670 1475 1715 cogitatione

89 1731 332 1776 supplendum,
354 1736 511 1775 spectare
534 1732 647 1772 debet,
670 1743 704 1768 ν.
728 1733 865 1775 Zumpt.
891 1732 1049 1766 Gramm'.
1074 1733 1150 1766 Lat.
1175 1734 1205 1774 ἓ,
1221 1728 1277 1770 m,
1291 1728 1325 1762 ⁴.
1348 1727 1474 1772 p-239.

90 1789 302 1824 Ramshorn.
328 1801 362 1833 p.
381 1788 461 1823 591.
493 1790 578 1823 Ern.
602 1790 746 1823 lVebeni
768 1789 971 1824 Exercitatt.
993 1789 1080 1834 styli
1102 1789 1177 1822 Lat.
1206 1788 1250 1822 T.
1279 1787 1306 1820 l.
1338 1798 1372 1830 p.
1392 1785 1476 1820 306.

92 1848 262 1882 Goerenz.
300 1847 337 1881 in
361 1847 475 1880 Iahnii
499 1848 614 1881 Anall.
646 1847 776 1880 Philol.
802 1851 836 1880 et
858 1847 1013 1890 Paedag.
1040 1846 1068 1886 Ι,
1091 1845 1125 1878 2.
1161 1857 1194 1890 p.
1222 1843 1302 1878 323.
1329 1844 1376 1877 c'f.
1397 1843 1471 1875 hoc

89 1903 166 1950 ipso
189 1905 303 1949 capite
327 1907 359 1947 ἓ.
389 1905 423 1938 8.
448 1916 480 1938 c.
511 1905 585 1947 Lll,
615 1904 673 1939 16.
705 1904 780 1948 lug.
811 1904 839 1945 1,
864 1903 898 1938 4.
930 1903 1021 1943 Vm,
1045 1902 1080 1936 2.
1115 1903 1160 1944 X,
1188 1903 1224 1937 6.
1258 1901 1388 1940 xxm,
1417 1899 1475 1935 19.

91 1962 256 2004 xxxnl,
276 1961 310 1998 4.
333 1962 373 2003 Ia,
391 1962 447 2002 6.;
479 1963 539 1996 sed
568 1962 606 1996 h.
630 1962 655 1995 l.
687 1959 895 2005 praegressa
929 1960 1161 2004 interrogatio
1191 1970 1293 1993 sensu
1323 1969 1393 1990 non
1425 1962 1478 1991 est

92 2020 230 2054 diversa
253 2021 297 2053 ab
320 2019 561 2054 enunciatione
582 2019 837 2061 condicionali,
874 2028 944 2061 qua
973 2017 1160 2050 Sallustius
1190 2020 1377 2060 propterea
1407 2025 1476 2047 non

91 2089 174 2112 usus
197 2080 270 2119 est,
301 2077 393 2120 quod
417 2076 454 2110 in
483 2077 674 2110 fervidiore
702 2076 877 2116 oratione,
911 2077 1000 2118 quae
1030 2074 1126 2117 prior
1156 2072 1366 2107 dilemmatis
1395 2082 1478 2114 pars

92 2145 168 2168 esse
191 2134 359 2177 debebat,
392 2144 472 2168 eam
506 2135 655 2168 alteram
679 2133 781 2176 quasi
803 2136 939 2176 partem
968 2130 1200 2165 antecedentis
1228 2128 1479 2163 enunciationis

94 2191 254 2225 fecit.—
287 2192 351 2225 Est
381 2196 463 2235 post
493 2193 602 2226 levius
633 2200 753 2224 omnes
782 2188 864 2222 libri
895 2192 1031 2229 tenent,
1063 2192 1200 2231 praeter
1235 2186 1332 2220 Laid.
1361 2186 1406 2219 K.
1443 2188 1479 2219 et

94 2249 202 2284 Fabr.
221 2248 256 2282 2.
280 2249 338 2281 cui
360 2260 427 2283 sec.
451 2259 499 2284 m.
523 2249 660 2282 adiecit.
709 2246 797 2279 Eius
819 2245 1026 2279 auctoritate
1049 2245 1188 2278 Cottius
1211 2243 1350 2284 delevit,
1374 2253 1479 2285 quem

94 2305 240 2351 plurimi
269 2305 377 2339 secuti
405 2309 495 2338 sunt.
548 2305 616 2339 Sed
650 2303 785 2337 librarii
821 2313 1027 2347 praegressa
1067 2301 1307 2334 enunciatione
1345 2299 1480 2342 decepti

95 2364 205 2398 fuisse
228 2362 400 2403 videntur,
425 2362 523 2395 cuius
546 2362 619 2395 alia
641 2361 731 2394 ratio
753 2365 814 2394 est.
838 2378 883 2386 —
918 2361 986 2393 Pro
1009 2359 1068 2403 qui
1091 2360 1245 2392 convenit
1269 2357 1369 2391 codd.
1393 2356 1479 2391 satis

95 2420 193 2462 boni,
215 2423 256 2454 ut
277 2421 360 2454 Bas.
380 2419 413 2453 1.
437 2419 544 2452 Fabr.
569 2419 600 2452 1.
633 2421 667 2451 et
700 2417 856 2450 nonnulli
876 2416 952 2457 alii,
976 2417 1059 2461 quid
1083 2417 1260 2457 convenit,
1291 2427 1334 2449 cx
1356 2418 1480 2458 aperta

96 2477 385 2521 interpolatione,
424 2476 547 2511 scribis
578 2476 757 2519 antiquum
791 2475 985 2509 ablativum
1019 2473 1271 2518 ignorantibus.
1328 2474 1423 2506 Eum
1456 2483 1480 2506 a

96 2536 158 2580 qui
188 2534 392 2579 pronomine
422 2533 550 2568 ducunt
581 2533 763 2576 Zumptius
796 2533 956 2566 Gramm.
991 2532 1066 2566 Lat.
1104 2534 1136 2574 §-
1166 2530 1224 2566 35.
1267 2542 1301 2574 p.
1330 2529 1410 2563 115.
1445 2532 1481 2563 et

97 2591 353 2626 Bamshornius
378 2591 535 2626 Gramm.
560 2592 640 2626 Lat.
665 2594 697 2634 §.
715 2590 795 2630 174,
814 2589 848 2624 1.
881 2594 952 2624 not.
974 2589 1009 2623 ⁴1.
1041 2601 1077 2633 p.
1096 2587 1176 2622 495.
1225 2587 1364 2621 Cortius
1395 2597 1480 2620 vero

98 2648 144 2684 ad
166 2649 204 2685 h.
229 2649 253 2683 l.
279 2648 534 2682 nominativum
556 2650 632 2694 quis
653 2659 728 2682 esse
750 2647 855 2688 dicit,
883 2657 990 2691 quam
1012 2645 1186 2680 rationem
1210 2645 1313 2679 etiam
1337 2644 1481 2678 Iahnius

99 2706 145 2741 ad
174 2705 272 2751 virg.
307 2706 392 2741 Aen.
419 2707 479 2749 xl,
504 2705 586 2744 822.
616 2706 791 2751 sequitur,
832 2701 924 2740 hanc
956 2702 1197 2749 interrogativi
1231 2704 1382 2738 formam
1415 2712 1478 2735 unu
