1630 3034
248 151 304 194 30
852 149 1008 190 INDEX

246 265 370 306 Ellipsis
397 263 540 296 subiecti
567 249 802 295 instructura
833 263 1019 295 accusativi
1048 272 1074 294 c.
1120 261 1210 294 infin.
1248 261 1376 305 quando
1426 263 1539 301 liceat,
1589 259 1630 296 C.3

338 318 394 359 31,
413 318 444 352 7.
494 317 519 351 Ι.
545 318 601 358 46,
620 317 650 351 6.
1578 311 1584 316 ”

247 376 372 417 Ellipsis
404 374 682 419 praepositionum
706 374 798 407 nulla
832 379 895 414 est,
938 374 972 407 C.
1001 374 1056 414 31,
1075 375 1105 407 3.

247 432 371 473 Ellipsis
414 431 508 464 nulla
537 434 590 463 est
621 431 727 463 aientis
743 431 839 464 verbi
864 441 1062 474 praegresso
1092 435 1248 471 negante.
1266 431 1291 464 1.
1312 430 1389 471 106,
1405 431 1434 465 3.

245 488 372 530 Ellipsis
401 497 464 520 non
490 496 562 519 cum
591 488 774 519 anacolutho
804 487 1049 526 confundenda,
1078 487 1103 520 Ι.
1136 487 1213 528 112,
1233 487 1264 521 3.

247 544 398 585 Eloquens
427 543 585 586 quomodo
615 543 747 576 differat
774 543 815 576 ab
841 535 950 576 diserto
983 548 1018 576 ct
1040 545 1184 584 facundo,
1213 543 1238 576 Ι.
1265 543 1320 583 85,
1342 544 1395 579 26.

246 600 427 641 Eloquentia
458 599 616 642 quomodo
649 599 781 632 differat
802 600 842 632 ab
875 601 1040 641 loquentia,
1067 599 1102 632 C.
1130 600 1162 639 5,
1189 600 1218 632 5.
1463 598 1472 603 “

216 680 217 683 .
247 655 390 688 Ementiri
417 656 574 698 quomodo
604 655 737 688 differat
768 666 788 688 a
814 657 945 695 mentiri,
995 654 1029 688 C.
1056 655 1112 696 49,
1132 657 1163 689 4.

248 713 396 744 Emerilus
422 712 534 744 activo
560 717 595 744 et
618 712 754 755 passivo
779 722 884 745 sensu
906 712 1041 751 dietum,
1074 711 1098 744 Ι.
1117 711 1173 752 84,
1191 713 1224 746 2.

246 769 385 801 Emeritis
419 769 577 810 stipendiis
609 769 710 808 homo,
757 767 781 800 Ι.
808 768 864 807 84,
881 768 914 802 2.

195 859 200 867 f
251 825 390 857 Emittere
416 834 481 856 non
506 824 629 857 ‹lici'tur
657 834 714 867 pro
741 825 882 867 simplici
907 825 1050 865 mittere,
1085 823 1108 858 Ι.
1141 823 1196 858 77.
1216 826 1247 858 4.

249 881 353 912 Emori
385 880 553 913 diversum
583 891 602 913 a
627 882 716 921 mori,
745 881 769 914 Ι.
799 881 853 920 14,
871 881 924 912 24.

247 938 293 969 En
319 937 412 970 vocis
440 937 572 980 propria
599 937 665 977 vis,
691 936 715 969 Ι.
745 936 777 976 9,
794 937 827 971 2.

237 988 300 1026 Ἕν
318 990 379 1026 διὰ
394 993 492 1026 δυοῖν
518 993 623 1034 figura
651 994 761 1025 rarius
787 992 1004 1029 admittenda,
1039 991 1074 1025 C.
1102 992 1135 1032 2,
1153 993 1184 1027 2.
1237 993 1268 1029 3.
1289 995 1317 1025 5.
1369 993 1391 1026 Ι.
1420 993 1543 1033 -107,4.

237 1046 304 1082 ’Ἐν
317 1048 377 1084 διὰ
392 1051 491 1083 δυοῖν
516 1049 572 1082 ubi
597 1049 704 1083 locum
736 1049 859 1082 habere
890 1053 1044 1092 nequeat,
1070 1049 1095 1082 Ι.
1115 1049 1172 1087 43,
1190 1050 1220 1082 4.

247 1107 335 1140 Enim
361 1117 394 1139 v.
424 1108 525 1139 etiam
548 1106 634 1139 Nam.

248 1164 336 1196 Enim
369 1165 402 1196 in
432 1163 605 1196 nectendis
638 1162 818 1195 sententiis
847 1162 1015 1202 omissum,
1042 1161 1077 1194 C.
1104 1161 1158 1201 17,
1173 1161 1204 1195 7.
1255 1161 1310 1202 39,
1326 1165 1357 1196 4.

248 1219 334 1251 Enim
362 1219 578 1263 parenthesin
605 1219 708 1251 infert
739 1219 997 1252 antecendentia
1025 1219 1258 1262 explicantem,
1291 1216 1316 1252 I.
1339 1217 1461 1258 108,1.

246 1275 357 1308 Enisus
385 1276 522 1319 passivo
555 1285 658 1308 sensu
689 1275 824 1315 dictum,
850 1275 874 1308 1.
894 1275 996 1316 25,2.

248 1331 363 1365 Enixus
390 1341 456 1364 usu
482 1331 616 1379 differet
644 1331 684 1364 ab
713 1333 825 1371 enisus,
853 1330 880 1365 Ι.
905 1331 962 1371 22,
979 1331 1011 1365 2.

249 1389 291 1420 Εο
323 1398 396 1421 cum
425 1388 650 1431 comparativo
675 1398 739 1420 non
765 1397 894 1432 semper
917 1387 1064 1421 refertur
1092 1387 1133 1420 ad
1167 1397 1238 1429 quo,
1265 1388 1324 1421 sed
1349 1388 1447 1421 etiam
1472 1388 1512 1421 ad
1539 1390 1630 1429 quod,

338 1444 363 1477 Ι.
391 1443 447 1484 31,
467 1442 520 1478 17.

249 1500 291 1532 Eo
327 1501 491 1533 interdum
517 1504 570 1533 est
593 1501 616 1533 i.
644 1509 674 1543 q.
702 1501 756 1540 ibi,
786 1500 811 1533 Ι.
848 1499 952 1540 60,1.

248 1556 291 1588 Eo
323 1558 420 1599 maqis
452 1566 553 1590 voces
586 1557 782 1589 coniunctae
810 1556 852 1590 ad
878 1556 1243 1592 verbumreferuntur.
1273 1556 1295 1590 Ι,
1322 1556 1377 1591 20.
1396 1557 1427 1590 6.

250 1612 292 1644 Eo
327 1614 350 1646 i.
370 1624 400 1655 q.
435 1614 466 1644 in
499 1613 542 1652 id,
571 1613 597 1646 Ι.
631 1612 685 1653 75,
705 1613 737 1645 4.

250 1669 348 1710 Eques
377 1678 443 1701 vox
474 1668 532 1701 alii
562 1668 684 1701 nomini
712 1670 875 1711 apposita.
926 1668 1086 1703 C.59.1.

248 1725 326 1766 Equi
350 1735 407 1768 pro
438 1726 598 1766 equilibus,
630 1723 656 1756 Ι.
689 1723 744 1763 49,
763 1725 794 1757 5.

249 1781 395 1822 Equidem
423 1791 487 1823 qua
518 1781 551 1813 vi
577 1785 729 1824 ponatur,
772 1780 806 1812 C.
850 1779 904 1817 51,
923 1780 976 1812 20.
1028 1780 1119 1824 Quae
1144 1781 1322 1824 explicatio
1357 1787 1570 1819 retractatur.
1606 1784 1627 1816 Ι.

343 1836 396 1877 10,
415 1836 446 1869 6.

252 1893 399 1934 Equidem·
432 1903 496 1933 eqo,
531 1892 555 1925 Ι.
582 1892 636 1932 10,
655 1893 685 1925 6.

250 1950 406 1990 Equiculus
435 1949 599 1991 singulari
627 1950 769 1993 positum
802 1950 1024 1992 praedicatum
1051 1950 1151 1983 habet
1168 1950 1309 1994 plurale.
1344 1951 1367 1985 Ι.
1397 1951 1452 1985 91.
1471 1952 1503 1985 4.
1523 1951 1630 1988 95,1.

249 2005 406 2046 Equitalus
431 2005 553 2049 plurali
586 2015 721 2038 numero
750 2006 903 2049 positum,
938 2006 961 2039 Ι.
984 2005 1038 2041 46.
1058 2006 1089 2040 7.

250 2062 334 2102 Erat,
369 2072 402 2095 v.
436 2063 521 2095 Esse.

250 2119 329 2159 Erqo
355 2118 387 2150 in
416 2119 676 2159 interrogatione
706 2119 778 2151 sine
803 2129 840 2149 m·
870 2119 1013 2162 ponitur.
1046 2119 1069 2152 Ι.
1091 2119 1191 2158 14,st

251 2174 374 2215 Eriqere
406 2174 563 2216 quomodo
593 2174 727 2207 differat
759 2174 799 2206 ab
830 2177 973 2216 arriyere,
1009 2175 1044 2208 C.
1077 2175 1133 2210 39.
1152 2176 1182 2209 3.
1234 2176 1257 2208 1.
1276 2175 1383 2210 23.1.
1433 2176 1488 2215 68,
1508 2176 1539 2210 3.

251 2230 376 2272 Eripere
403 2240 502 2273 saepe
535 2231 608 2263 sine
643 2231 755 2263 dativo
788 2240 948 2272 personae
982 2232 1125 2274 ponitur.
1155 2231 1179 2264 Ι.
1219 2231 1248 2270 1,
1269 2231 1300 2264 3.

251 2287 418 2319 Escendere
451 2291 485 2318 et
517 2287 678 2319 ascendere
710 2285 860 2325 confusa,
892 2287 926 2320 C.
955 2287 1056 2323 55.3.
1107 2288 1135 2320 l.·
1165 2287 1220 2323 93.
1239 2289 1271 2320 5.
1319 2287 1376 2328 97,
1394 2289 1425 2321 5.

252 2343 325 2375 Esse
352 2351 425 2375 cum
451 2343 598 2384 genitivo
624 2342 828 2375 substantivi
855 2347 889 2376 et
912 2344 1079 2387 participii
1119 2343 1222 2377 futuri
1259 2344 1385 2387 passivi
1407 2345 1630 2385 coniunctum,

252 2443 325 2475 Esse
343 2397 723 2484 2.quql,n7.wkuss8‚aqi.n
747 2453 849 2476 sensu
880 2444 1003 2477 dicitur
1034 2454 1128 2487 quam
1161 2456 1226 2478 csse
1263 2446 1293 2478 in
1331 2447 1406 2487 aliq.
1430 2448 1577 2489 periculo,
1602 2447 1628 2481 Ι.

344 2498 398 2538 57,
417 2498 448 2530 6.

253 2555 325 2586 Esse
350 2564 420 2587 cum
447 2554 606 2588 adverbio
622 2557 845 2594 coniunctum,
872 2556 908 2590 C.
936 2556 990 2593 58,
1010 2557 1042 2589 9.
1073 2557 1096 2589 1.
1125 2556 1156 2592 7,
1176 2557 1207 2589 6.
1240 2557 1293 2594 14.
1314 2557 1365 2591 11.
1402 2557 1498 2594 75.7.
1519 2558 1575 2598 85,
1595 2559 1626 2593 6.

254 2611 324 2642 Esse
348 2611 403 2643 ubi
430 2610 613 2647 infinitivo,
655 2612 709 2654 qui
747 2613 920 2655 participio
956 2613 1002 2647 fil.
1045 2624 1106 2645 non
1140 2613 1300 2647 addatur.
1329 2616 1364 2646 (Ζ.
1394 2614 1470 2650 1,3.
1520 2615 1575 2650 20.
1595 2616 1626 2649 3.

343 2667 397 2699 48.
418 2669 447 2697 ε’».
499 2667 522 2698 Ι.
549 2667 603 2703 ⁸20,
629 2667 654 2699 Ι.
704 2667 808 2703 22.1.
860 2669 960 2702 4004.
1011 2668 1064 2701 79.
1084 2668 1114 2700 7.
1164 2669 1220 2702 82.
1244 2669 1270 2701 Ι.
