1630 3034
399 141 763 186 IUGURTHA.
825 141 951 184 CAP.
981 140 1105 183 XIV.
1400 144 1456 185 79

63 261 285 322 ginienses
331 260 578 304 incolumes
622 259 772 313 fuere,
818 258 912 301 iure
958 257 1105 301 omnia
1142 271 1274 301 saeva
1308 257 1454 317 patie-

63 359 247 410 bamur-3
290 356 441 400 hostes
485 356 543 400 ab
592 356 756 413 latere,
811 369 898 404 vos>
944 354 1075 397 amici
1118 353 1305 414 procul,
1349 369 1455 413 spes

63 455 204 499 omnis
239 455 284 497 in
320 454 452 498 armis
487 458 593 497 erat.
662 452 910 510 Postquam
942 451 1019 494 illa
1048 450 1187 510 pestis
1218 463 1275 494 ex
1300 450 1458 495 Africa

64 550 205 594 eiecta
237 555 324 605 est,
358 549 462 594 laeti
495 564 658 609 pacem
695 548 997 609 agitabamus3
1032 547 1207 606 quippe
1240 548 1336 605 quis
1367 546 1456 590 ho-

63 646 137 690 stis
170 647 314 691 nullus
350 652 457 702 erat,
493 645 574 690 nisi
608 645 725 689 forte
761 659 896 703 quem
928 658 1009 687 vos
1044 643 1291 689 iussissetis.
1329 643 1519 693 Ecce11

61 799 181 833 peram
214 789 367 823 damnet.
414 789 579 823 Ceterum
609 792 762 834 nugatur
794 787 1028 828 Gerlachius,
1061 785 1123 830 qui
1157 786 1287 821 omissa
1320 798 1395 820 cum
1421 790 1457 821 et

60 861 125 895 que
150 850 276 884 vocula
297 849 406 883 etiam
430 850 538 883 scribi
561 861 661 893 posse
686 849 827 884 coniicit
851 861 950 894 quem
974 853 1013 882 tu
1035 858 1190 891 parem
1216 847 1332 881 liberis
1354 848 1457 892 regni

58 911 351 954 participem
375 911 521 953 fecisti,
559 921 688 944 vanam
721 910 959 944 coniecturam
991 909 1085 942 male
1116 907 1362 951 interpretatus
1386 919 1457 941 ae-

59 982 146 1016 que
172 982 221 1004 ac
250 971 429 1004 liberos
456 976 550 1015 part.
569 973 642 1014 sec.
661 990 707 995 -—
732 971 933 1015 Numquam
955 979 1039 1012 ergo
1063 967 1267 1010 scripsimus
1290 969 1360 1002 fide
1382 969 1459 1002 Vat.

63 1031 104 1064 A.
127 1030 221 1065 Leid.
247 1031 288 1067 L.
307 1032 354 1065 H.
378 1032 475 1066 Vrat.
496 1031 529 1065 3.
555 1031 672 1065 Guelf.
694 1031 749 1066 11.
767 1036 801 1065 et
815 1032 922 1071 Ecc.;
953 1028 1081 1062 relicui
1102 1040 1352 1073 numquamne
1372 1040 1458 1073 crgo

60 1095 197 1132 tenent,
222 1103 290 1134 quo
313 1091 523 1126 Gerlachius
550 1091 739 1125 sententiae
767 1091 841 1124 vim
867 1090 991 1135 augeri
1020 1093 1131 1133 putat.
1179 1089 1249 1123 Sed
1269 1089 1457 1123 videndum

59 1163 103 1184 ne
125 1151 289 1195 loquendi
313 1152 392 1185 usui
413 1156 585 1197 repugnet
610 1163 653 1185 ne
678 1151 850 1195 particula
876 1163 956 1185 cum
981 1162 1065 1196 ergo
1092 1150 1236 1191 iuncta3
1260 1150 1459 1194 ubicunque

61 1212 155 1246 enim
187 1213 345 1246 dolorem
378 1214 436 1245 vel
469 1212 745 1257 indignationem
779 1212 830 1246 ita
871 1212 1072 1257 significare
1102 1211 1225 1245 volunt
1257 1211 1393 1255 Latini,
1419 1215 1459 1246 ut

60 1274 243 1307 ostendant
276 1273 312 1306 id
344 1272 436 1316 quod
468 1276 661 1315 queruntur
694 1276 755 1305 aut
779 1272 950 1306 mirantur
977 1273 1071 1306 male
1094 1271 1281 1305 convenire
1305 1284 1385 1305 cum
1404 1282 1458 1313 eo,

59 1334 151 1377 quod
175 1333 252 1366 fieri
277 1334 417 1375 deceat,
441 1334 516 1367 sola
542 1345 626 1378 crgo
650 1332 823 1375 particula
845 1337 1002 1367 utuntur.
1027 1333 1075 1366 cf.
1098 1331 1215 1365 Tacit.
1239 1332 1378 1368 Annali.
1394 1332 1457 1373 111,

58 1394 116 1434 17,
138 1404 159 1427 a
179 1405 226 1426 m.
260 1394 298 1426 id
322 1405 431 1438 ergo
462 1397 526 1437 sas
551 1395 676 1435 aviae,
702 1394 971 1436 interfectricem
998 1393 1133 1437 nepotis
1161 1392 1336 1435 aspicere,
1365 1393 1457 1425 allo—

58 1455 139 1498 qui,
172 1454 306 1497 eripere
331 1454 499 1488 senatui?
537 1455 646 1488 Plura
670 1465 712 1487 ex
735 1453 845 1496 poetis
868 1453 1043 1498 congessit
1071 1451 1254 1486 Heindorf.
1287 1452 1333 1485 ad
1366 1453 1457 1485 Hor.

59 1514 135 1549 Sat.
161 1515 206 1555 11,
231 1513 267 1555 5,
293 1514 374 1549 1⁰1.
408 1527 493 1560 ergo
532 1527 622 1548 nunc
659 1515 777 1547 Dama
808 1515 938 1549 sodalis
961 1524 1130 1558 nusquam
1165 1511 1247 1547 est?
1271 1513 1315 1546 cf.
1340 1513 1457 1546 Hand.
1526 1558 1529 1562 s

59 1575 103 1609 de
128 1574 282 1609 Particc.
308 1575 400 1610 Latt.
427 1576 505 1613 vol.
531 1576 575 1609 11.
612 1586 645 1618 p.
670 1573 752 1608 454.
774 1577 807 1617 §-
832 1575 866 1609 3.
913 1575 1046 1608 Eadem
1067 1573 1263 1618 particulae
1286 1573 1380 1606 ratio
1407 1576 1459 1607 est

58 1634 166 1669 etiam
191 1635 226 1668 in
250 1634 507 1669 bimembribus
538 1634 894 1679 interrogationibus,
929 1635 991 1669 ubi
1016 1647 1038 1669 a
1060 1633 1188 1669 maiori
1213 1634 1258 1667 ad
1281 1633 1396 1667 minus
1418 1634 1459 1667 fit

59 1695 248 1730 conclusio.
283 1697 331 1731 cf.
362 1697 441 1731 Car.
474 1696 592 1730 Beier.
626 1696 671 1729 ad
709 1695 782 1729 Cic.
811 1697 855 1729 de
885 1695 958 1730 Off.
993 1696 1030 1738 1,
1055 1695 1123 1736 31,
1146 1693 1226 1729 114.
1260 1706 1295 1738 p.
1319 1693 1398 1729 245.
1424 1698 1459 1729 et

59 1755 230 1790 Goerenz.
255 1756 299 1789 ad
324 1756 427 1791 Finn.
450 1757 497 1800 11,
523 1756 582 1798 33,
608 1756 687 1790 110.
722 1769 756 1800 p.
780 1756 861 1791 286.
887 1768 977 1800 quae
1001 1755 1261 1790 enunciationes
1285 1754 1367 1789 licet
1390 1755 1458 1789 ali-

58 1820 111 1850 ter
135 1816 348 1860 compositae
372 1817 460 1859 sint,
485 1821 603 1851 tamen
630 1827 710 1850 cum
734 1816 805 1865 illis
830 1821 989 1861 respectu
1013 1814 1299 1861 interrogationis
1321 1816 1395 1849 sine
1412 1828 1458 1850 ne

58 1878 171 1912 elatae
194 1877 415 1911 conveniunt.
441 1896 488 1903 -—
517 1878 740 1912 Versabimur
764 1882 820 1912 sat
843 1877 947 1911 multi
969 1876 1052 1910 libri
1076 1880 1214 1918 tenent3
1247 1888 1380 1921 magna
1403 1881 1457 1911 ta-

56 1949 138 1972 men
161 1949 242 1982 pars
268 1939 465 1972 versabitur
488 1937 595 1971 habet
627 1950 669 1971 ex
704 1938 847 1982 antiqua
878 1937 1165 1981 interpolatione,
1199 1948 1305 1980 quam
1331 1938 1457 1971 Gerla-

57 1999 180 2040 chius,
204 2010 315 2042 quum
340 1999 375 2032 in
411 1999 621 2032 Commentt.
645 2010 679 2041 p.
704 1997 788 2032 235.
820 1997 972 2040 primam
996 2009 1182 2041 personam
1205 1997 1456 2041 elegantiorem

57 2058 270 2100 iudicasset,
293 2059 330 2093 in
354 2060 407 2093 ed.
431 2058 569 2092 minore
591 2057 734 2101 recepit.
766 2058 874 2092 Male.
921 2058 961 2091 In
985 2057 1105 2101 aprico
1130 2061 1181 2091 est
1207 2057 1301 2090 enim
1324 2057 1458 2091 scribas

59 2119 159 2153 verbi
193 2130 380 2163 personam
403 2118 537 2152 nomini
560 2128 768 2161 praegresso
802 2118 1138 2152 accommodandam
1163 2117 1355 2162 censuisse,
1387 2129 1457 2152 non

58 2179 243 2215 sentientes
267 2184 443 2213 oratorem
466 2178 624 2223 graviter
656 2181 871 2211 commotum
906 2178 978 2212 iam
1002 2190 1085 2212 suas
1107 2188 1165 2212 res
1192 2189 1273 2212 cum
1299 2178 1459 2213 familiae

58 2241 202 2274 fortuna
225 2240 448 2284 coniungere.
495 2238 586 2273 Nam
610 2249 718 2281 quum
743 2239 917 2284 sanguine
940 2250 982 2273 ac
1004 2242 1099 2280 ferro
1126 2249 1236 2282 aeque
1259 2239 1303 2273 ad
1327 2239 1455 2273 Hiem-

59 2301 195 2345 psalem
217 2304 322 2344 atque
346 2299 390 2332 ad
414 2298 651 2333 Adherbalem
683 2303 834 2343 spectet,
859 2302 958 2344 suga
981 2304 1075 2334 certe
1098 2300 1141 2333 de
1163 2299 1234 2333 hoc
1257 2299 1331 2334 solo
1353 2299 1456 2334 intel-

59 2361 201 2406 ligenda
224 2365 286 2394 est.
333 2360 522 2393 Praeterea
549 2360 655 2393 etiam
679 2370 829 2404 zeugma
852 2360 1026 2403 quoddam
1049 2359 1192 2405 agnosci
1216 2359 1329 2401 debet,
1346 2371 1455 2404 quum

58 2422 193 2456 versari
231 2422 269 2455 in
295 2423 396 2464 ferro
429 2431 492 2463 per
523 2431 559 2453 se
588 2431 658 2454 non
682 2420 766 2455 satis
788 2421 970 2455 commode
994 2420 1064 2454 dici
1087 2421 1276 2462 videatur3
1309 2422 1354 2455 cf.
1375 2421 1453 2465 lug.

59 2481 254 2524 xxxvlll,
268 2480 302 2515 9.
327 2481 468 2514 tametsi
491 2482 603 2525 ipsum
615 2483 716 2525 same
733 2484 965 2526 ferroque
989 2483 1194 2516 clausum
1217 2486 1323 2516 tenet.
1344 2481 1453 2523 XLII,

58 2543 91 2578 4.
116 2544 242 2577 multos
258 2545 399 2586 ferro
424 2545 486 2574 aut
502 2543 602 2586 suga
627 2542 854 2576 extinxit.
879 2552 913 2575 v.
942 2553 1050 2586 supra
1071 2542 1115 2576 ad
1140 2543 1172 2584 §-
1197 2541 1232 2575 4.

151 2607 183 2647 ἓ.
209 2603 267 2638 10.
314 2601 406 2645 iure]
431 2601 508 2634 Hoc
542 2612 610 2635 non
631 2606 682 2636 est
705 2603 844 2643 meriti,
876 2601 950 2636 sive
974 2603 1019 2636 ob
1044 2602 1183 2646 culpam
1208 2601 1366 2644 aliquam
1388 2611 1451 2634 no-

58 2665 191 2706 utram,
227 2663 286 2698 sed
310 2663 393 2708 quia
416 2673 532 2696 rerum
561 2662 715 2696 condicio
743 2663 796 2697 ita
814 2662 979 2705 serebat,
1005 2667 1042 2696 ut
1066 2673 1201 2696 necesse
1224 2666 1323 2702 enat,-
1346 2663 1450 2696 aliter

57 2724 135 2762 tien*
155 2734 224 2757 non
243 2727 406 2767 poterat.
428 2734 532 2767 quam
559 2727 598 2757 ue
616 2741 663 2749 --
680 2727 891 2767 pateremur.
917 2723 962 2757 ef.
985 2723 1030 2757 ad
1053 2722 1186 2757 Hister.
1214 2723 1359 2767 Fragm.
1375 2723 1446 2755 Ine.
