1630 3034
166 206 251 247 436
544 200 588 243 G.
618 200 933 245 SALLUSTI
965 199 1182 245 GRISPI

168 318 356 362 vinciam
391 317 647 363 Numidiam
671 319 869 379 populus
905 317 1046 374 iussit,
1084 323 1215 363 antea
1248 319 1337 362 iam
1370 318 1552 364 infestus

167 414 410 469 nobilitati,
444 420 540 459 tum
573 430 682 460 vero
712 416 874 460 multus
910 421 1046 474 atque
1081 415 1209 460 ferox
1242 416 1432 468 instare3
1469 416 1553 460 sin-

167 547 325 593 aliquam
359 559 435 582 rem
476 559 547 584 esse
583 549 620 583 in
655 549 803 583 alicuius
842 548 1069 582 commodum.
1127 547 1198 582 Sed
1240 552 1277 583 ιιι
1316 548 1409 583 ratio
1451 548 1557 583 huius

167 612 363 644 structurae
394 609 531 653 penitus
559 609 800 655 intelligatur,
834 609 1022 643 tenendum
1053 610 1130 653 est,
1165 607 1227 642 ubi
1251 609 1294 642 de
1316 610 1420 643 rebus
1443 609 1477 643 in
1501 621 1556 642 co-

165 670 274 705 mitiis
307 669 394 704 actis
426 680 541 704 sermo
573 674 646 712 est,
681 670 797 704 iubere
835 668 878 702 de
909 669 1037 713 populo
1069 669 1203 704 dictum
1225 669 1320 703 hunc
1343 669 1558 714 peculiarem

164 740 268 764 usum
289 730 446 773 habere,
471 734 511 764 ut
533 741 615 764 cum
638 730 791 775 simplici
816 730 1019 765 accusativo
1042 730 1168 764 obiecti
1191 728 1418 765 coniunctum
1440 731 1558 765 valeat

165 791 352 836 aliquid
384 791 608 834 confirmare,
631 793 859 833 constituere,
883 796 1001 826 ratum
1019 792 1155 834 facere,
1181 791 1386 833 decernere3
1410 791 1455 825 cf.
1479 790 1556 825 Liv.

164 852 225 894 111,
248 850 307 894 55,
331 852 366 888 3.
416 853 546 897 Legem
578 853 709 894 tulere,
741 859 801 896 ut,
835 853 951 899 quod
980 852 1138 888 tributim
1168 852 1285 896 plebes
1315 852 1556 895 iussisset,

161 913 327 957 populum
350 917 494 947 teneret.
526 910 666 955 XXXI,
692 911 734 955 8,
759 914 792 948 1.
842 915 884 948 In
907 913 1121 958 suffragium
1155 913 1252 947 missi
1276 913 1442 946 bellum
1466 912 1557 946 ius-

162 978 337 1008 serunt.
371 973 476 1015 XXI,
508 973 577 1016 17,
608 973 642 1007 4.
691 973 841 1008 Adorati
865 973 938 1016 dii,
970 977 1010 1008 ut
1034 973 1118 1007 bene
1142 985 1184 1007 ac
1210 975 1368 1017 feliciter
1392 974 1556 1015 eveniret,

162 1033 254 1079 quod
286 1033 459 1068 bellum
487 1035 638 1078 populus
668 1033 770 1070 Rom.
801 1034 1038 1069 iussisset.
1071 1034 1219 1076 XXXII,
1241 1034 1301 1076 22,
1326 1033 1383 1069 12.
1429 1034 1558 1079 Argivi

162 1094 324 1137 concilio,
358 1095 449 1139 quod
484 1095 716 1131 inclinaverat
755 1096 814 1130 ad
848 1096 1046 1130 Romanam
1089 1095 1368 1130 societatem
1400 1095 1557 1130 iuben-

162 1156 285 1200 dam,
317 1160 545 1191 excesserunt.
582 1156 638 1195 X,
669 1155 714 1200 8,
743 1155 800 1190 12.
849 1156 928 1202 Ego
959 1155 1076 1189 hanc
1118 1157 1267 1202 legem
1309 1156 1557 1191 iubendam

161 1227 291 1251 censeo.
317 1216 389 1250 Cic.
416 1216 459 1250 de
483 1217 563 1261 lege
587 1216 714 1261 Agr-ar.
739 1217 782 1259 ll,
802 1216 861 1259 22,
884 1216 944 1251 58.
994 1216 1086 1250 Hoc
1109 1216 1193 1260 quia
1215 1227 1276 1250 vos
1292 1219 1320 1260 s
1325 1217 1467 1252 oedus
1490 1228 1559 1251 non

159 1278 438 1321 iusseritis,
470 1281 609 1312 veretur
635 1278 837 1322 Hiempsal,
871 1281 910 1312 ut
933 1277 1021 1312 satis
1037 1277 1235 1321 firmum
1260 1277 1308 1312 sit
1331 1282 1364 1313 et
1387 1280 1556 1313 ratu'rn.

160 1339 207 1374 id.
233 1351 267 1383 p.
293 1339 411 1373 Balbo
434 1349 465 1371 c.
489 1337 547 1380 17,
571 1336 629 1371 38.
679 1338 935 1383 Responderem
966 1337 1009 1372 le
1018 1349 1046 1383 g
1059 1349 1121 1372 em
1152 1339 1318 1383 populum
1345 1339 1443 1374 Rom.
1467 1339 1481 1373 i
1489 1351 1557 1374 us-

159 1399 279 1434 sisse
303 1400 347 1433 de
370 1399 512 1433 civitate
536 1398 734 1433 tribuenda.
781 1399 858 1433 Iam
881 1398 911 1433 si
932 1397 1092 1444 legitime
1115 1398 1243 1434 dicitur
1259 1400 1377 1434 iubere
1399 1400 1556 1446 aliquam

158 1471 255 1502 rem,
289 1451 379 1494 nihil
403 1460 520 1494 obstat
551 1459 739 1504 quominus
762 1459 884 1494 dativs
907 1470 1076 1504 personae
1109 1459 1244 1495 adiecto
1266 1460 1438 1495 indicetur
1460 1461 1558 1496 cuius

158 1525 333 1566 respectu,
358 1520 383 1554 i.
415 1532 446 1554 e.
478 1520 514 1554 in
537 1515 638 1555 cuius
660 1520 884 1555 commodum
916 1521 972 1555 vel
994 1520 1256 1555 incommodum
1278 1521 1411 1567 aliquid
1434 1522 1556 1558 iubea-

158 1584 237 1624 tur;
262 1582 308 1616 cf.
333 1581 495 1623 Liv.1v,
519 1580 578 1623 43,
602 1581 637 1617 2.
696 1582 773 1616 lam
807 1582 900 1617 enim
932 1582 1200 1628 Anagninis
1237 1583 1555 1629 Hernicisque

157 1642 278 1677 aliis
303 1643 429 1676 bellum
452 1642 584 1676 iussum
619 1645 708 1676 erat.
740 1641 788 1677 id.
817 1642 931 1684 XLII,
956 1641 1014 1684 33,
1039 1642 1074 1677 1.
1124 1643 1249 1677 Consul
1271 1645 1554 1679 senatusconsul-

157 1707 232 1737 tum
268 1702 411 1737 recitari
444 1702 562 1746 iussit,
602 1702 693 1747 quod
729 1702 855 1736 bellum
885 1706 1026 1736 senatus
1061 1703 1224 1738 Perseo
1266 1704 1432 1740 iussisset.
1477 1703 1555 1739 Non

158 1762 232 1798 alia
255 1767 375 1798 autem
397 1762 554 1804 ratione,
579 1761 647 1796 nisi
673 1762 765 1806 quod
786 1761 926 1797 dativus
952 1763 1140 1805 commodi,
1166 1775 1272 1808 quem
1295 1764 1437 1807 dicunt,
1463 1764 1553 1799 obti-

157 1827 238 1868 net,
264 1824 395 1858 dictum
419 1827 471 1858 est
495 1824 644 1858 Mario
675 1823 972 1868 provinciam
998 1824 1205 1858 Numidiam
1225 1825 1375 1869 populus
1399 1825 1552 1868 iussit,

156 1885 202 1919 ad
226 1885 376 1919 eundem
398 1885 500 1928 plane
522 1885 688 1927 modum,
714 1887 753 1919 ut
776 1895 806 1918 c.
832 1882 988 1926 xxvn,
1022 1883 1057 1918 3.
1108 1884 1394 1920 Provinciae
1419 1887 1553 1930 futuris

155 1946 444 1980 consulibua
479 1946 652 1981 Numidia
686 1950 792 1990 atque
829 1945 941 1979 Italia
975 1944 1224 1988 decretae,
1253 1949 1288 1980 et
1311 1946 1404 1991 apud
1429 1946 1554 1982 Vellei.

155 2006 201 2047 11,
225 2005 283 2048 18,
307 2004 340 2040 5.
392 2007 566 2052 Sulpicius
591 2008 705 2054 legem
731 2006 833 2047 tulit,
860 2016 930 2050 qua
959 2005 999 2040 C.
1032 2006 1182 2040 Mario
1216 2007 1378 2042 bellurn
1402 2007 1553 2042 decer-

155 2071 350 2101 neretur
384 2067 664 2104 Mithridaticum
674 2081 688 2110 ‚·
718 2067 754 2102 in
791 2067 861 2102 hac
892 2067 986 2101 enim
1017 2070 1195 2102 structura
1229 2068 1346 2104 iubere
1370 2068 1406 2104 vi
1430 2073 1465 2104 et
1488 2080 1553 2104 usn

156 2138 224 2160 non
256 2126 375 2162 differt
402 2139 425 2163 a
461 2129 645 2164 decernere
682 2129 803 2166 verbo.
862 2128 934 2173 Qui
968 2128 1080 2174 igitur
1112 2129 1342 2172 concesserit,
1366 2130 1554 2166 concedent

155 2191 275 2222 autem
299 2199 442 2230 omnes,
465 2189 579 2224 dativi
603 2189 776 2224 rationem
800 2201 841 2224 ex
865 2189 942 2234 ipso
966 2190 1074 2223 verbo
1098 2190 1282 2225 decernere
1305 2191 1474 2236 pendere,
1499 2192 1551 2225 ei-

154 2248 234 2282 dem
268 2248 375 2283 simul
406 2253 460 2284 est
490 2251 748 2286 concedendum
781 2251 898 2286 iubere
929 2262 1069 2295 quoque
1100 2254 1195 2285 recte
1228 2262 1309 2286 cum
1340 2251 1446 2287 tertio
1467 2262 1550 2287 casu

154 2308 333 2355 coniungi.
381 2310 421 2344 In
445 2321 564 2345 errore
588 2311 698 2356 igitur
722 2316 905 2348 versantur
930 2312 1069 2347 Cottius
1095 2312 1138 2346 nd
1162 2312 1200 2347 h.
1230 2312 1268 2356 l.,
1289 2313 1483 2350 Burmann.
1505 2313 1550 2348 ad

154 2369 294 2403 Petron.
323 2381 353 2403 c.
378 2370 514 2413 Lxxl„
538 2372 669 2407 Duker.
707 2373 753 2408 ml
784 2374 861 2408 Liv.
886 2373 1036 2415 xxvu,
1059 2372 1120 2417 2⁴,
1146 2372 1183 2407 3.
1216 2372 1480 2407 Drakenborch.
1505 2373 1549 2408 nd

154 2430 289 2474 XXVI,
314 2431 384 2472 41,
409 2431 479 2476 18„
511 2433 571 2476 qui
604 2434 765 2469 dativum
799 2435 844 2469 ab
870 2433 999 2469 omisso
1033 2434 1114 2467 dari
1146 2433 1205 2467 vel
1229 2445 1303 2468 esse
1324 2433 1549 2477 repetendum

154 2494 338 2533 censeant,
374 2491 550 2528 diversam
574 2498 784 2531 structuram
809 2495 1005 2530 miscentes.
1052 2494 1143 2529 Nam
1178 2505 1261 2529 sune
1284 2495 1391 2529 etiam
1413 2494 1462 2528 ite
1477 2518 1486 2536 ,
1510 2498 1548 2528 ιιι

151 2551 205 2585 ἰΙΙί
229 2552 423 2587 orationem
446 2555 601 2599 suppleri
625 2556 769 2600 volunt,
793 2557 982 2601 loquuntur
1004 2554 1142 2596 Latin13
1168 2554 1214 2589 cf.
1236 2555 1312 2589 Liv.
1338 2553 1463 2597 XXVI,
1486 2553 1545 2597 41,

152 2611 209 2646 18.
249 2613 308 2646 Dii
328 2613 540 2649 immortales
563 2617 727 2651 centuriis
755 2618 911 2652 omnibus
935 2621 974 2651 ut
999 2616 1111 2650 mihi
1144 2615 1388 2660 imperium
1421 2614 1543 2648 iube-

153 2678 258 2707 rent
290 2674 390 2707 dari
407 2677 511 2717 sucre
538 2683 707 2714 auctores.
742 2678 789 2713 id.
817 2678 903 2713 ibid.
928 2690 958 2714 c.
982 2677 1047 2720 18,
1072 2676 1107 2713 9.
1156 2677 1212 2711 Ad
1235 2688 1340 2711 unum
1364 2686 1480 2710 ornnes
1506 2675 1542 2710 Ρ.

152 2734 368 2777 Scipioni
399 2735 641 2780 imperium
676 2750 773 2775 csse
798 2740 834 2775 in
860 2740 1034 2784 Hispania
1059 2740 1316 2773 iusserunt.
1349 2737 1463 2780 XXX,
1485 2736 1543 2779 41,

150 2792 181 2827 «Ι.
222 2795 298 2828 Cui
329 2796 547 2833 iuberent
580 2799 614 2832 in
643 2800 816 2845 Hispania
842 2801 1070 2845 imperium
1096 2798 1227 2835 cuc?
1251 2798 1382 2840 xxxi,
1404 2796 1461 2838 50,
1481 2796 1539 2832 ll·
