1630 3034
118 212 204 252 4⁰6
487 203 533 248 G.
565 201 895 246 SALLUSTI
925 201 1141 247 CRISPI

122 331 216 369 tum
257 326 378 377 erat,
423 319 598 380 oppido
651 318 792 363 modo
843 319 1001 380 potiti3
1050 320 1223 381 praeda
1268 322 1409 366 omnis
1453 323 1511 367 ab

91 418 332 482 6perfugis
367 422 592 477 corrupta.
658 415 696 460 Ii
724 422 965 477 postquam
993 433 1171 462 murum
1205 418 1415 463 arietibus
1443 419 1511 464 fe-

124 518 201 562 riri
230 530 396 574 resque
432 530 532 559 suas
563 514 751 558 afflictas
778 512 954 572 vident,
991 531 1148 559 aurum
1185 521 1322 573 atque
1349 530 1518 576 argen-

128 620 224 658 tum
256 619 300 658 et
344 613 451 666 alia,
493 627 610 670 quae
654 612 803 671 prima
838 611 1082 668 ducuntur,
1130 611 1315 655 domum
1349 613 1522 673 regiam

131 714 439 771 comportant3
473 709 537 753 ibi
567 709 672 753 vino
704 715 748 754 et
784 709 928 770 epulis
959 710 1131 754 onerati
1158 709 1324 767 illaque
1360 715 1405 754 et
1437 710 1523 754 do-

131 823 257 853 mum
302 814 348 853 et
390 812 532 851 semet
570 807 664 868 igni
708 813 1026 869 corrumpunt,
1072 812 1117 850 et
1161 821 1272 866 quas
1317 807 1420 852 victi
1466 808 1524 852 ab

138 993 203 1027 pus
239 979 336 1014 coire
371 982 528 1022 censent,
562 980 661 1015 cuius
687 981 742 1015 vis
776 991 799 1015 a
827 980 1022 1026 composito
1051 992 1121 1014 non
1144 980 1310 1023 differat,
1342 993 1423 1015 cum
1445 981 1530 1024 alia,

136 1052 246 1087 quam
269 1041 434 1085 proxima
455 1052 542 1075 voce
564 1046 617 1076 est
638 1042 920 1087 coniungentium
937 1069 946 1085 ‚
970 1045 1010 1076 ut
1034 1042 1126 1085 apud
1150 1041 1290 1076 Terent.
1315 1041 1421 1076 Andr.
1446 1043 1472 1084 1,
1495 1043 1531 1085 2,

137 1103 173 1138 4.
208 1102 299 1136 Heri
322 1114 499 1148 semper
533 1104 713 1138 lenitas
744 1104 891 1137 verebar
922 1115 1084 1147 quorsum
1108 1103 1295 1143 evaderet,
1321 1103 1384 1136 ubi
1407 1103 1533 1137 Ruhn-

138 1163 262 1199 kenius
285 1168 379 1198 recte
402 1164 490 1198 vidit
511 1175 582 1198 non
605 1177 685 1199 cnm
717 1166 856 1199 Donato
882 1175 956 1198 esse
982 1164 1250 1197 construendum
1272 1175 1406 1209 semper
1422 1183 1468 1190 —
1486 1165 1536 1199 Ie-

141 1226 256 1267 m'tas,
290 1225 350 1259 sed
386 1236 520 1270 semper
548 1227 592 1260 ad
616 1227 762 1261 verebar
788 1225 986 1270 pertinere3
1022 1225 1067 1259 cf.
1099 1225 1365 1260 Drakenborch.
1391 1225 1435 1259 ad
1459 1225 1536 1260 Liv.

139 1287 183 1329 V,
210 1286 246 1330 3,
276 1287 311 1321 2.
359 1286 488 1330 Aliqua
511 1298 553 1319 ex
577 1291 674 1330 parte
697 1287 793 1322 idem
818 1287 939 1321 statuit
962 1286 1227 1319 Ramshornius
1257 1286 1420 1320 Gramm.
1459 1287 1536 1321 Lat.

145 1348 179 1394 §.
203 1348 348 1384 206.st
371 1347 406 1382 4.
431 1348 467 1382 b.
491 1360 525 1392 p.
549 1348 631 1383 715.
655 1350 708 1383 ed.
731 1350 772 1391 1.,
799 1359 1012 1393 quamquam
1045 1347 1081 1381 in
1103 1347 1183 1382 aliis
1206 1347 1332 1381 veteris
1364 1347 1541 1382 doctrinae

143 1411 304 1445 retinens.
351 1408 443 1445 Nam
477 1407 508 1442 si
541 1409 683 1444 Curtius
716 1411 806 1446 dixit
838 1411 885 1452 V,
918 1410 961 1453 2,
995 1408 1053 1442 16.
1106 1409 1337 1442 Macedonum
1377 1413 1540 1443 aetate

147 1481 313 1516 graves
342 1470 544 1514 praesidere
568 1472 658 1505 arcis
694 1472 870 1508 custodiae
893 1471 998 1512 iussi,
1034 1469 1111 1513 quis
1133 1470 1202 1503 hoc
1224 1469 1368 1514 hyphen
1391 1480 1473 1503 cum
1501 1470 1541 1504 V.

147 1532 189 1565 D.
215 1530 379 1576 putabit?
404 1531 473 1565 Aut
497 1534 672 1574 quomodo
695 1534 766 1568 hue
791 1533 942 1578 pertinet
962 1531 1032 1565 Cic.
1057 1531 1146 1575 Epp.
1175 1532 1220 1565 ad
1243 1530 1347 1565 Attic-
1373 1531 1467 1573 XIII,
1484 1530 1543 1566 50.

150 1592 319 1634 Quaeris,
351 1592 435 1636 quid
467 1594 615 1637 cogitem
652 1596 695 1628 de
729 1596 907 1629 obviam
942 1594 1115 1635 itione,
1149 1603 1258 1636 quum
1287 1593 1545 1628 substantivum

150 1653 293 1687 verbale
320 1656 533 1686 structuram
568 1655 668 1688 verbi
691 1656 859 1697 retineat,
892 1665 995 1688 nemo
1018 1657 1138 1687 autem
1162 1654 1296 1687 obviam
1317 1654 1370 1687 ire
1396 1665 1459 1697 per
1477 1654 1544 1698 hy-

150 1713 245 1758 phen
269 1712 401 1746 dictum
424 1712 547 1755 putet?
580 1715 663 1749 Ana
686 1727 808 1751 eorum
835 1717 1076 1759 exemplorum
1107 1719 1160 1748 est
1183 1718 1328 1756 natura,
1360 1714 1420 1748 ubi
1436 1723 1545 1757 'prae-

154 1772 281 1818 positio
306 1772 465 1806 adverbii
491 1778 662 1818 potestate
688 1777 802 1821 posita
826 1787 906 1809 cum
931 1775 1152 1810 substantivo
1183 1775 1219 1809 in
1240 1785 1347 1809 unam
1370 1775 1548 1808 notionem

154 1833 302 1869 conflari
333 1833 494 1875 videtur,
523 1837 620 1870 velut
653 1838 751 1883 Virg.
785 1838 872 1872 Aen.
910 1837 945 1878 I,
978 1835 1059 1869 198.
1117 1836 1146 1868 0
1181 1836 1285 1869 socii!
1313 1847 1423 1880 neque
1455 1837 1547 1870 enim

125 1912 131 1917 ·
156 1895 279 1941 ignari
303 1905 419 1928 sumus
445 1901 552 1930 ante
587 1900 818 1933 malorum.
866 1897 937 1931 Sed
963 1908 1069 1940 quem
1093 1896 1340 1931 adverbiorum
1364 1898 1490 1930 circum
1514 1900 1550 1931 et

156 1957 250 1990 cirea
273 1967 375 1989 usum
397 1955 717 2000 frequentissimum
742 1969 816 1993 esse
838 1957 1154 1992 demonstravimus
1177 1959 1222 1992 ad
1243 1958 1350 1994 Catii.
1377 1958 1491 2001 XXX,
1513 1957 1548 1994 8.

156 2029 194 2061 p.
220 2016 315 2060 137„
339 2021 379 2049 ut
401 2016 560 2051 absolute
584 2019 697 2062 posita
719 2020 754 2054 υἱ
779 2019 1033 2054 enunciationis
1055 2019 1306 2060 secundariae,
1341 2019 1489 2052 relativo
1517 2025 1554 2054 et

160 2089 234 2112 esse
254 2078 362 2111 verbo
387 2079 598 2122 explendae,
631 2081 674 2115 ad
699 2093 823 2116 nomen
848 2079 1048 2115 accuratius
1072 2079 1305 2113 definiendum
1326 2079 1551 2123 pertinerent,

160 2139 306 2172 eundem
330 2137 437 2172 etiam
461 2139 497 2172 in
529 2140 586 2174 his
617 2142 801 2177 structuris
828 2142 986 2177 obtinere
1018 2144 1152 2173 certum
1175 2144 1238 2173 eet.
1265 2141 1312 2173 cf.
1338 2140 1466 2174 eamn.
1491 2141 1550 2182 IV,

161 2199 218 2234 11.
269 2200 337 2233 Ubi
362 2200 427 2234 iste
457 2207 561 2244 post
591 2203 821 2247 phaselus
851 2208 936 2237 ante
958 2203 1034 2245 fuit
1066 2206 1205 2235 comata
1237 2202 1348 2243 silva,
1381 2200 1404 2234 i.
1441 2212 1472 2237 e.
1495 2203 1555 2246 qui

161 2266 283 2306 postea
300 2261 396 2304 suit,
419 2272 480 2295 seu
502 2269 623 2306 postea
642 2266 779 2306 sactus.
806 2264 924 2297 Plaut.
949 2262 1125 2306 Amphitr.
1151 2262 1206 2304 II,
1229 2261 1274 2303 2,
1300 2261 1380 2296 138.
1416 2263 1471 2296 Tu
1493 2263 1555 2297 ἰπ-

163 2328 234 2357 tus
262 2327 476 2367 patera-m
508 2327 666 2369 proferto
684 2327 808 2368 foras,
842 2325 868 2358 i.
891 2337 923 2359 e.
949 2337 1039 2369 quae
1062 2325 1156 2358 intus
1181 2329 1252 2366 est,
1285 2329 1444 2367 pateram
1468 2336 1503 2368 p.
1527 2325 1554 2358 I'.

166 2384 215 2419 Id.
239 2383 335 2417 Pers.
360 2383 422 2425 III,
447 2383 480 2426 1,
505 2384 564 2419 57.
614 2386 695 2420 Non
727 2392 765 2420 tu
789 2396 905 2419 nunc
937 2386 1166 2419 hominum
1201 2396 1312 2419 mores
1334 2385 1452 2427 vidos,
1477 2384 1501 2419 i.
1525 2397 1556 2420 e.

167 2445 226 2489 qui
249 2457 338 2478 nunc
362 2449 455 2479 eunt.
504 2447 606 2480 Hanc
636 2457 759 2481 veram
794 2446 900 2481 huius
930 2450 1125 2481 structurae
1155 2446 1326 2480 rationem
1350 2457 1425 2479 esse
1447 2457 1558 2492 eugu-

167 2505 312 2539 robatur
343 2506 416 2540 iam
448 2507 716 2541 Ruddimnnnus
744 2507 870 2542 Institt.
905 2508 1065 2541 Gramm.
1105 2508 1179 2541 Vol.
1215 2507 1256 2541 n.
1294 2518 1329 2551 p.
1351 2506 1448 2548 396„
1469 2508 1559 2541 unde

171 2566 259 2598 hacc
288 2567 449 2609 exempla
480 2569 761 2613 desumpsiinins;
802 2579 913 2611 neque
945 2569 1094 2602 inultum
1128 2570 1223 2602 t'nvet
1251 2567 1389 2610 ineptae
1421 2567 1559 2612 figurae

171 2627 434 2664 Drakenborch.
457 2629 501 2662 ad
527 2630 603 2663 Liv.
630 2630 686 2672 11,
713 2629 780 2671 52,
805 2630 840 2663 7.
867 2635 902 2664 et
925 2630 968 2663 ad
993 2631 1034 2671 V,
1057 2630 1092 2670 3,
1117 2630 1165 2671 2.,
1198 2640 1303 2673 quam
1327 2629 1455 2662 nonem
1479 2640 1560 2673 pro-

172 2687 292 2720 batam
317 2687 425 2721 tuisse
446 2690 626 2735 Herzogio
649 2692 692 2725 ad
716 2691 815 2724 Caes.
841 2691 883 2723 B.
909 2691 953 2724 G.
980 2692 1028 2734 V,
1048 2689 1104 2723 54.
1154 2691 1274 2734 Neque
1301 2694 1418 2723 tamen
1441 2695 1561 2725 nostro

174 2748 255 2781 Ioco
280 2753 386 2790 onte,
412 2753 451 2783 ut
473 2752 565 2794 npnd
590 2751 688 2796 Vin-g.
715 2751 798 2785 Aen.
826 2752 861 2793 I,
883 2752 976 2795 198„
1010 2753 1054 2786 nd
1083 2752 1314 2786 definiendum
1340 2762 1472 2785 ‘nomen
1506 2753 1559 2786 Ia-

175 2807 256 2842 borc
279 2809 446 2852 pertinet,
477 2811 535 2844 scd
571 2811 675 2846 simul
700 2823 780 2846 cum
806 2813 964 2858 fatigati
996 2817 1127 2857 spectat
1151 2813 1194 2848 ud
1224 2812 1429 2858 primariam
1452 2824 1558 2848 enun-

590 2956 615 2991 't
