1630 3034
409 243 751 290 eA'r1L1NA.
803 221 938 286 cAr.
975 244 1047 286 111.
1370 248 1424 288 19

29 381 143 425 que,
177 364 324 410 studio
361 364 421 408 ad
457 361 784 422 rempublicam
820 360 933 404 latus
967 375 1078 415 sum,
1122 359 1275 418 ibique
1309 358 1423 403 mihi

31 458 223 501 advorsa
256 457 396 501 multa
431 456 571 499 fuere.
639 454 755 498 Nam
790 465 877 511 pro
913 451 1119 511 Pudore,
1162 465 1248 510 pro
1284 451 1421 495 absti-

29 549 203 603 nentia,
238 563 324 606 pro
358 547 541 600 virtute,
577 542 788 598 audacia,
823 541 1030 602 largitio,
1076 541 1256 585 avaritia
1289 542 1419 602 vige--

27 637 148 682 bant.
227 638 358 694 Quae
401 636 574 681 tametsi
622 635 792 679 animus
839 633 1179 692 aspernabatur,
1224 632 1458 691 insoletns4

28 729 249 773 malarum
294 728 480 783 artium,
531 733 680 771 tamen
723 726 837 769 inter
879 730 1002 768 tanta
1046 723 1150 768 vitia
1193 723 1421 769 imbecilla

29 862 132 896 Patet
154 861 271 906 enim,
304 863 339 896 in
363 861 431 896 ista
454 860 592 894 ratione
613 869 721 903 supra
753 855 1068 902 praepositionem,
1099 855 1190 890 unde
1214 866 1257 889 ea
1281 856 1418 900 pendet,

31 920 304 965 grammaticum
327 917 579 953 enuntiationis
602 918 769 950 obiectum
793 927 887 956 esse,
921 912 1021 957 quasi
1054 917 1177 946 auctor
1201 912 1342 947 dixisset
1366 914 1420 947 his

29 978 292 1022 superiora,
335 977 392 1010 vel
416 977 551 1016 maiora
584 974 659 1008 sive
693 973 778 1006 hacc
802 971 1025 1009 excedentia,
1060 979 1151 1013 quae
1182 970 1273 1004 ratio
1298 977 1372 1005 tum
1397 982 1419 1006 a

33 1032 243 1069 Latinorum
276 1045 361 1075 usu,
386 1039 460 1067 tum
493 1044 514 1067 a
537 1030 834 1076 praepositionum
855 1033 981 1063 natura
1004 1027 1217 1061 alienissima
1239 1031 1302 1061 est.
1348 1029 1420 1062 Ne-

32 1100 100 1135 que
133 1093 208 1125 ulla
240 1103 282 1125 ex
306 1095 405 1135 parte
437 1091 568 1124 similia
596 1093 676 1123 sunt
700 1089 858 1132 exempla
880 1097 902 1120 a
925 1085 1046 1119 cortio
1071 1089 1105 1117 et
1129 1084 1312 1129 Herzogio
1342 1084 1419 1120 lau-

33 1151 138 1190 data,
163 1149 235 1185 Cic.
260 1149 348 1193 Epp.
382 1149 426 1182 ad
450 1149 587 1181 Famm.
616 1139 708 1185 XIV,
737 1144 770 1178 1.
796 1144 886 1178 med.
940 1142 1073 1176 Pisonis
1097 1153 1194 1175 amor
1216 1147 1334 1175 tantus
1357 1148 1419 1183 est,

34 1211 75 1240 ut
107 1207 196 1239 nihil
227 1216 364 1248 supra
392 1205 509 1248 possit.
552 1203 641 1236 Plin.
667 1203 799 1246 Paneg.
826 1213 854 1234 c.
880 1199 938 1241 (Π,
959 1198 992 1233 5.
1029 1199 1200 1243 superatis
1229 1200 1301 1232 iam
1324 1201 1418 1234 mille

36 1259 233 1303 liminibus,
256 1262 384 1294 ultra
409 1271 543 1304 semper
565 1261 684 1304 aliqua
709 1260 798 1292 dura
822 1262 854 1291 et
878 1257 1072 1298 obstantia,
1095 1256 1219 1300 quibus
1242 1257 1348 1298 locis,
1379 1262 1419 1292 ut

34 1319 198 1363 plurimis
230 1318 330 1359 aliis,
363 1316 574 1360 praepositio
598 1316 758 1350 absolute
780 1315 893 1358 posita.
916 1317 989 1355 est,
1013 1324 1117 1355 casu,
1149 1314 1208 1357 qui
1231 1314 1311 1347 inde
1332 1326 1419 1358 pena

35 1377 117 1409 dere
142 1375 260 1415 debet,
284 1385 326 1406 ex
350 1373 554 1417 antegressis
577 1373 778 1417 supplendo.
826 1371 991 1405 Eiusdem
1015 1371 1089 1403 rere
1111 1371 1248 1415 generis
1270 1377 1321 1405 est
1342 1372 1418 1406 Cat.

34 1432 75 1474 V,
94 1432 146 1466 3..
167 1431 234 1464 nisi
268 1430 319 1464 ibi
350 1441 454 1474 supra
481 1430 518 1464 vi
551 1430 709 1466 adverbii
735 1440 799 1473 pro
822 1426 938 1473 magis
962 1428 1116 1472 positum
1138 1433 1282 1463 statuas.
1342 1430 1420 1464 Non

33 1487 190 1522 melioris
213 1491 315 1521 notae
347 1491 445 1528 sunt,
478 1498 569 1530 quae
591 1488 682 1532 Aug.
707 1486 885 1531 Schlegel.
910 1485 945 1519 in
971 1483 1132 1517 Seebodii
1157 1481 1249 1519 Bibl.
1275 1486 1361 1521 crit.
1386 1498 1417 1520 a.

32 1545 135 1579 18¹9.
169 1545 245 1578 vol.
265 1543 310 1578 11.
335 1555 368 1586 p.
389 1543 469 1578 715.
504 1545 660 1587 protulit.
706 1546 739 1579 Is
775 1544 887 1585 enim,
919 1552 1026 1585 quum
1051 1542 1342 1576 constructionem
1375 1545 1420 1578 ad

34 1602 270 1647 graecismum
311 1604 469 1644 revocet,
510 1599 604 1637 ὄντα
635 1602 863 1646 supplendum
897 1611 1056 1641 censens,
1089 1601 1248 1643 exempla
1287 1601 1419 1635 Latina

34 1660 162 1701 affert,
200 1670 243 1692 ex
267 1658 370 1695 Ovid.
393 1659 478 1693 Met.
502 1660 531 1701 Ι,
558 1659 616 1693 20.
651 1666 686 1694 et
710 1661 880 1703 Pompon.
905 1659 999 1691 Mela
1020 1657 1079 1699 ΙΙΙ,
1100 1658 1134 1699 6,
1161 1658 1193 1691 1.
1218 1658 1278 1699 ΙΠ,
1300 1657 1334 1700 6,
1358 1658 1419 1693 fin.

32 1717 94 1757 111,
110 1716 146 1758 9,
161 1716 196 1749 3.
222 1717 340 1760 petita,
362 1716 398 1750 in
417 1716 542 1760 quibus
565 1718 638 1751 sine
662 1717 811 1762 legitur3
834 1727 975 1760 prorsus
999 1715 1103 1749 aliter
1119 1722 1160 1748 ac
1184 1719 1300 1749 nostro
1329 1716 1420 1749 loco.

33 1773 307 1817 Simplicissima
329 1778 446 1807 autem
470 1773 562 1808 ratio
583 1775 741 1815 videtur,
767 1778 804 1807 ut
826 1775 934 1807 verba
955 1783 1061 1816 supra
1087 1783 1129 1805 ea
1153 1773 1300 1815 pendere
1324 1770 1420 1806 dicas

33 1842 56 1866 a
86 1830 299 1876 praegressis
330 1842 418 1876 quae
450 1832 591 1876 quisque
625 1836 746 1876 putat,
779 1831 827 1864 ita
859 1835 898 1864 ut
929 1830 989 1863 hic
1024 1841 1162 1873 qnoque
1202 1829 1420 1875 intelligatur

33 1900 123 1934 quae
143 1893 261 1933 putat.
307 1889 410 1932 Quod
432 1892 472 1922 ut
494 1887 571 1923 fieri
593 1888 724 1932 possit,
750 1888 938 1922 semicolon
964 1891 1041 1931 post
1065 1888 1191 1930 accipit
1223 1887 1259 1920 in
1283 1898 1420 1923 comma

33 1947 241 1979 mutandum
264 1944 444 1987 ‹luximus3
475 1945 612 1980 maiore
645 1945 738 1979 enim
763 1944 1038 1988 interpunctione
1060 1944 1174 1988 posita
1187 1945 1335 1985 ,³verba
1362 1956 1420 1978 su—

30 2014 100 2047 pra
134 2012 178 2036 ea
209 2012 337 2036 novam
366 2002 527 2037 videntur
557 2002 836 2038 enunciationem
860 2001 1034 2045 incipere,
1069 2002 1332 2036 constructionis
1356 2003 1419 2037 ob-·-

34 2059 199 2095 scm-itate
220 2060 447 2094 laborantem.

129 2119 159 2159 ἓ.
186 2117 219 2151 3.
269 2119 339 2151 sed
364 2129 428 2163 ego
454 2117 728 2152 adulescentulus
751 2116 868 2157 initio,
903 2115 1005 2149 sicuti
1025 2115 1201 2159 plerique,
1233 2114 1345 2148 studio
1369 2114 1419 2148 ad

36 2175 202 2219 rempubl.
228 2175 321 2208 latus
344 2175 456 2218 surm]
502 2175 571 2208 Pro
594 2175 708 2207 studio
732 2172 940 2207 multi‘libri
963 2171 1093 2205 habent
1117 2184 1139 2204 α
1164 2172 1299 2211 studio,
1323 2180 1417 2205 ‘non-

33 2232 122 2266 nulli
146 2232 253 2265 etiam
277 2231 394 2264 addita
417 2230 535 2274 glossa
559 2231 775 2271 litterarum,
799 2228 855 2261 vel
881 2228 1036 2262 litteralir
1102 2229 1155 2261 De
1179 2229 1247 2261 hoc
1269 2229 1369 2270 loco,
1395 2239 1417 2262 a

32 2289 207 2332 prioribus
242 2287 430 2322 editoribus
464 2287 664 2330 neutiquam
696 2287 893 2327 intellecto,
922 2285 1055 2328 optime
1077 2285 1220 2318 meritus
1250 2288 1302 2319 'est
1335 2285 1414 2319 Car.

34 2347 143 2382 Henr.
162 2347 401 2386 Frotscherus,
427 2345 594 2378 Observv.
618 2344 654 2377 in
678 2343 819 2376 Sallust.
844 2343 882 2375 P.
906 2343 930 2375 1.
955 2341 1120 2386 p-19.sq.
1155 2341 1186 2374 ls
1209 2340 1301 2374 enim
1323 2341 1417 2374 clare

36 2404 307 2446 demonstravit,
341 2404 434 2436 hunc
467 2402 584 2435 locum
616 2411 726 2443 neque
759 2400 803 2432 ad
835 2400 920 2442 Cap.
945 2398 1003 2439 IV,
1032 2398 1065 2431 2.
1103 2402 1281 2441 spectare,
1304 2409 1416 2440 nequo

36 2474 60 2496 α
82 2459 195 2495 studio
228 2461 369 2504 probari
405 2471 519 2503 posse,
553 2458 644 2502 quod
673 2455 872 2501 Schlegelio
903 2454 1017 2489 visum
1053 2455 1088 2489 in
1123 2454 1288 2489 Seebodii
1312 2451 1414 2488 Bitu.

37 2518 122 2552 erit.
145 2518 280 2552 Hildes.
303 2518 403 2552 1819.
423 2517 466 2551 11.
491 2529 524 2560 pl
545 2515 650 2556 716.,
674 2524 783 2556 neque
813 2512 965 2545 studium
997 2512 1039 2545 dc
1075 2512 1268 2546 litterarum
1299 2511 1415 2545 studio

36 2586 109 2609 esse
133 2574 382 2617 accipiendum,
404 2573 462 2605 sed
487 2573 598 2606 studio
615 2572 708 2614 sev-ri
731 2569 929 2614 significare
953 2569 1086 2602 ardenti
1111 2570 1238 2611 animo,
1262 2568 1353 2606 sive,
1374 2571 1414 2601 ut

37 2632 110 2666 eius
133 2631 249 2665 verbis
271 2636 371 2670 utar,
395 2629 589 2664 inconsulta
610 2629 759 2672 quadam
784 2625 893 2660 animi
914 2625 1137 2660 inclinatione
1165 2626 1208 2659 nd
1233 2626 1314 2668 aliq.
1340 2635 1414 2659 rem

36 2690 126 2733 rapi,
136 2699 225 2733 quae
242 2687 408 2723 sententia
425 2698 492 2720 non
510 2686 625 2732 magis
648 2686 759 2720 studio
774 2695 878 2728 quam
893 2683 988 2725 ferri
1009 2684 1184 2716 vocabulo
1203 2682 1416 2723 continetur-3

38 2758 145 2792 quare
168 2747 257 2781 nihil
279 2746 398 2780 valent
421 2744 580 2788 exempla
603 2753 626 2778 a
649 2743 802 2778 Miillero
827 2742 954 2782 allata,
981 2739 1053 2774 Cic.
1078 2732 1259 2774 CatsMai.
1283 2740 1338 2781 23,
1357 2739 1414 2774 83.

1046 2800 1141 2843 2*
