1630 3034
5 220 162 253 intendere
179 231 265 252 arma
281 221 403 254 dictum
421 222 460 254 de
478 222 532 259 iis,
551 223 606 264 qui
625 222 775 264 impetum
794 221 915 261 facturi
931 225 1022 259 sunt,
1048 220 1072 252 Ι.
1094 219 1168 259 105,
1187 222 1218 253 4.

5 276 162 309 Intendere
176 278 242 316 iter,
263 276 287 309 Ι.
311 276 384 311 107.
403 276 434 309 7.

6 332 136 365 Intentus
153 334 308 370 exercitus,
334 332 358 364 Ι.
379 332 433 371 46,
453 334 483 365 5.
533 332 588 373 49,
607 333 638 366 3.
921 369 926 372 ,

4 388 136 421 intentus
153 388 254 420 alicui
271 389 320 420 rei
338 393 373 420 et
389 389 500 430 aliqua
517 399 565 428 re,
593 388 627 421 C.
646 389 680 427 2,
699 389 729 421 9.
781 389 804 421 1.
832 387 886 422 76.
903 385 942 421 2]

5 445 86 477 Inter
97 444 255 487 quomodo
273 444 405 476 differat
421 445 461 476 ab
480 447 568 483 intra.
586 445 610 477 Ι.
630 445 685 477 92.
703 445 734 477 8.

4 500 85 532 inter
101 501 122 532 i.
144 510 174 542 q.
193 500 226 532 in
243 501 360 532 medin.
378 499 402 531 I.
424 500 478 539 92,
498 502 528 533 5.

1 556 84 588 Inter
97 556 136 588 de
153 560 297 598 tempore
316 556 448 588 dictum.
465 555 489 588 Ι.
509 555 563 595 40,
582 558 612 588 4.

2 611 84 644 ‘Inter
100 622 132 644 se
148 621 247 644 voces
263 616 407 643 mutuam
425 612 544 652 agendi
563 613 721 644 rationem
740 613 927 653 designant.
947 613 971 645 Ι.
993 613 1045 646 41.
1067 613 1097 643 2.
1149 612 1203 650 66,
1223 613 1254 644 2.

4 667 84 699 Inter
98 677 130 699 se
151 677 252 699 voces
274 667 463 699 distantiam
489 668 624 700 duarum
650 678 758 700 rerum
783 669 824 701 ad
850 678 886 701 se
920 669 1099 701 relatarum
1123 668 1324 709 significant,
1352 670 1374 701 1.

95 723 150 757 98.
169 723 201 756 3.

4 761 209 811 intercedendi
225 781 270 810 ius
287 779 452 811 habebant
476 780 599 811 tribuni
616 780 734 822 plebis.
754 779 775 811 1.
797 779 851 812 37.
871 781 902 811 2.

4 835 155 868 Interdum
172 835 350 881 respondet
365 835 549 877 particulae
568 837 668 874 modo,
686 835 710 868 Ι.
731 835 784 868 62.
803 835 834 867 9.

3 891 116 923 Interea
133 896 167 923 et
182 892 298 923 interim
317 890 466 930 confusa,
492 891 516 923 Ι.
536 890 590 931 40,
611 891 642 924 1.

3 947 126 979 Interest
142 947 240 979 etiam
259 957 330 979 cum
348 947 549 979 nominativo
566 948 613 979 rei
632 948 847 986 construitur,
875 947 898 980 Ι.
922 947 998 986 111,
1021 948 1048 980 1.

2 1003 168 1043 interficere
184 1006 339 1044 quomodo
357 1002 489 1034 differat
506 1012 525 1034 a
543 1013 659 1041 necare.
678 1003 701 1035 I.
722 1003 776 1042 26,
796 1003 827 1035 3.

0 1058 123 1091 interim
138 1058 315 1090 adhibetur
330 1059 364 1090 in
377 1059 520 1091 transitu
537 1058 577 1090 ad
591 1058 681 1090 aliud
699 1059 895 1098 subiectum,
913 1059 937 1091 Ι.
954 1058 1009 1098 49,
1028 1060 1059 1092 4.

1 1114 245 1156 [interpolationes
263 1118 354 1146 ortae
380 1124 422 1146 ex
445 1114 598 1154 neglecta
633 1114 673 1146 ab
690 1119 824 1147 auctore
839 1115 1041 1157 aequalitate
1058 1119 1259 1154 structurae,
1277 1116 1299 1148 Ι.
1322 1114 1374 1153 78,

91 1171 134 1210 2;
153 1171 184 1203 4.
237 1170 312 1210 103,
331 1169 362 1202 7.

0 1226 190 1268 Inter-ponere
200 1228 299 1266 ficiem.
318 1226 342 1258 Ι.
358 1225 412 1258 32.
434 1225 462 1257 1.

1 1282 193 1324 Interpretari
207 1282 341 1325 passivo
358 1291 460 1314 sensu
478 1281 611 1319 dictum.
630 1281 656 1314 Ι.
677 1280 729 1320 17,
747 1280 777 1313 7.

1 1338 240 1380 Interpunctione
258 1342 386 1370 mutata
410 1337 562 1371 Sallustii
587 1337 691 1370 verba
714 1337 907 1377 emendata,
938 1338 974 1370 C.
993 1339 1026 1377 4,
1048 1338 1075 1370 1.
1126 1340 1158 1377 5,
1186 1339 1215 1371 1.
1269 1337 1321 1378 10,
1340 1340 1370 1371 6.

93 1394 147 1434 13,
167 1393 198 1426 3.
249 1393 362 1432 16,1;
397 1393 428 1425 2.
481 1393 532 1425 18.
559 1393 589 1425 6.
639 1393 695 1433 29,
715 1393 746 1426 3.
796 1393 852 1432 48,
866 1394 898 1426 8.
948 1393 1078 1426 52.11.
1128 1394 1152 1426 Ι.
1179 1394 1212 1433 8,
1240 1393 1270 1427 1.
1321 1394 1373 1432 11,

91 1450 124 1483 2.
173 1450 228 1489 31,
257 1448 308 1481 11.
359 1449 413 1482 31.
443 1448 493 1480 18.
545 1449 601 1488 31,
626 1449 679 1481 25.
731 1449 785 1488 31,
812 1448 866 1481 27.
917 1449 971 1489 38,
1007 1449 1037 1482 9.
1088 1450 1142 1487 45,
1179 1450 1208 1483 1.
1258 1449 1313 1487 49,
1341 1450 1371 1482 4.

92 1505 198 1545 61,1.
249 1506 303 1546 63,
325 1507 355 1539 6.
407 1506 461 1545 70,
480 1507 512 1540 3.
562 1504 668 1544 72,1.
716 1504 772 1543 86,
790 1504 820 1538 3.
871 1505 926 1544 92,
945 1507 975 1538 5.
1027 1505 1082 1544 94,
1096 1506 1128 1538 4.
1178 1505 1234 1544 95,
1252 1505 1283 1538 3.

0 1561 200 1602 Interpunctio
219 1562 314 1594 nimis
333 1562 448 1594 crebra
465 1566 590 1600 notata.
618 1562 652 1594 C.
672 1561 727 1599 32,
748 1560 775 1593 1.

0 1617 181 1658 Interroyari
197 1618 260 1658 leae
276 1618 330 1650 vel
349 1619 474 1658 Ieyibas,
494 1617 529 1650 C.
551 1617 602 1656 18,
621 1618 652 1650 2.

0 1672 208 1713 Interroyandi
222 1674 370 1705 vocabula
386 1676 445 1706 duo
463 1675 546 1706 ina-ta
563 1674 725 1711 collocata,
751 1671 786 1705 C.
807 1672 862 1712 23,
882 1674 912 1705 4.

0 1728 247 1769 interrogationes
264 1731 342 1762 dnae
356 1731 391 1762 in
406 1730 520 1762 eadem
537 1729 768 1762 enunciatione
787 1733 958 1768 coeuntes,
976 1727 1012 1760 C.
1031 1727 1086 1767 47,
1106 1728 1136 1760 1.

0 1784 249 1830 interrogationes
260 1782 421 1826 'ymerales
438 1786 510 1818 sine
528 1796 592 1818 esse
607 1785 709 1818 verbo
727 1784 921 1823 efferuntur,
941 1784 976 1817 C.
997 1783 1051 1823 51,
1069 1784 1123 1817 23.
1175 1784 1198 1816 Ι.
1217 1784 1273 1821 24,
1292 1785 1323 1817 8.

0 1840 248 1883 interrogationes
265 1851 329 1874 non
346 1846 397 1873 aut
413 1842 578 1884 particula
595 1841 740 1881 disiungi
758 1844 906 1882 possunt,
924 1839 947 1872 Ι.
968 1838 1022 1878 67,
1038 1840 1070 1872 3.

0 1896 234 1938 interroqatione
249 1898 438 1929 continetur
455 1897 654 1935 adhortatio,
673 1895 698 1927 Ι.
717 1895 773 1934 31,
792 1895 844 1927 11.

0 1953 216 1993 interraqatira
241 1953 408 1983 enunc³atio
426 1952 498 1983 sine
517 1951 743 1991 interrogandi
762 1960 843 1982 voce
861 1955 1030 1993 concepta,
1056 1950 1079 1982 Ι.
1097 1949 1151 1989 31,
1168 1949 1219 1982 17.

0 2007 157 2040 intervallo
174 2008 306 2047 dicitur,
325 2017 388 2039 non
406 2009 434 2038 in
452 2008 620 2046 intervallo,
639 2007 681 2039 ad
699 2007 887 2039 distantiam
915 2007 1050 2039 duorum
1075 2006 1218 2038 locorum
1242 2007 1370 2047 signifi-

88 2064 237 2102 candam,
263 2063 287 2096 Ι.
305 2062 360 2103 75,
377 2063 410 2097 2.

0 2119 179 2152 intestabilis
197 2119 218 2151 i.
237 2129 268 2162 q.
287 2120 465 2158 scelestus,
490 2118 515 2151 1.
534 2116 589 2157 67,
607 2117 637 2151 3.

0 2175 79 2207 Intra
96 2175 252 2218 quomodo
270 2175 403 2208 differat
419 2175 459 2207 ab
477 2176 563 2214 inter,
588 2173 613 2207 1.
633 2173 688 2212 92,
704 2173 736 2206 8.

0 2231 79 2263 tmra
96 2231 239 2273 aliquam
255 2240 336 2270 rem,
362 2232 383 2263 i.
405 2241 435 2273 q.
451 2231 538 2262 haud
555 2230 692 2262 multum
709 2239 729 2261 a
746 2239 781 2261 re
799 2229 937 2265 distans.
965 2228 987 2260 1.
1011 2227 1062 2265 18,
1081 2229 1111 2259 5.

0 2286 80 2319 Intra
98 2287 245 2318 oceanum
262 2288 284 2319 i.
306 2296 336 2329 q.
355 2297 453 2330 prope
471 2286 512 2318 ab
529 2285 673 2323 Oceano,
699 2284 723 2318 1.
745 2283 798 2323 18,
818 2285 848 2316 5.

0 2341 112 2375 Intrare
128 2347 282 2386 respectu
298 2343 410 2374 finium
426 2342 560 2380 dictum,
585 2341 610 2373 1.
632 2339 707 2373 110.
726 2340 759 2373 8.

0 2397 201 2438 hammaim,
218 2407 251 2430 v.
274 2399 368 2430 Verba
381 2398 579 2429 intransitiva.

0 2454 120 2486 introivi
135 2459 170 2486 et
184 2455 298 2494 introii,
322 2453 348 2486 Ι.
368 2453 423 2494 71,
436 2454 469 2486 4.

0 2510 112 2542 inultas
129 2509 300 2542 confusum
316 2519 388 2542 cum
403 2510 526 2547 multus,
550 2508 574 2541 Ι.
595 2506 649 2541 67.
667 2508 698 2539 2.

0 2565 110 2597 inaltus
128 2565 151 2597 i.
169 2575 200 2608 q.
219 2575 283 2597 nou
295 2565 442 2608 punitus,
468 2564 492 2597 1.
514 2562 571 2604 70,
588 2564 619 2596 4.

0 2620 141 2654 invadere
156 2621 308 2654 absolute
324 2621 477 2663 positum.
503 2619 538 2653 C.
559 2618 613 2658 10,
631 2619 662 2651 6.

415 109 586 150 RERUM
615 110 678 150 Ac
708 109 979 151 VERBORUM
1326 107 1379 148 45
1442 127 1456 135 -
