1630 3034
154 182 240 224 862
464 176 486 207 -‘
526 177 572 222 e.
603 178 928 236 SApLUSTI
959 154 1185 238 emsrl

125 293 501 355 4aggrediuntur.
572 294 701 339 Idem
756 295 915 355 plebes
967 295 1100 356 facit,
1147 311 1253 356 pars
1284 295 1449 352 ‚edocti
1489 297 1549 341 ab
1618 356 1621 359 ‚

158 391 412 448 nobilitate,
449 391 521 435 alii
552 391 699 436 studio
735 392 888 436 talium
922 408 1074 437 rerum
1108 393 1289 451 incitati,
1318 393 1415 452 quis
1450 399 1551 438 acta

160 489 484 548 consiliumque
526 488 835 549 ignorantibus
880 490 1093 535 tumultus
1138 490 1236 552 ipse
1281 495 1327 535 et
1358 505 1429 535 res
1463 505 1549 535 no-

159 601 241 631 vae
277 586 377 631 satis
412 585 669 646 placebant.

251 753 286 798 §.
309 752 345 789 3.
368 756 402 788 et
425 753 458 788 4.
507 754 625 789 domos
648 754 751 799 suas]
785 753 824 788 111
858 752 992 797 aliquot
1026 752 1127 790 codd.
1154 751 1190 787 z'n
1226 751 1386 788 additum
1405 750 1550 797 legitur,

158 815 251 859 quod
275 815 418 858 quidem
441 827 511 850 non
535 816 664 850 falsum
691 819 770 857 est,
800 815 953 849 sed-uon
983 814 1229 849 necessarium.
1276 814 1367 849 Nam
1393 813 1552 859 vulgaris

158 878 352 920 structura,
379 887 447 918 qua
472 877 593 911 domus
616 887 683 910 vox
707 875 782 910 sine
805 875 1061 920 praepositione
1084 876 1242 920 ponitur,
1273 875 1474 919 saepissime
1496 885 1552 908 re-

159 935 306 979 tinetur,
343 937 404 970 uhi
429 937 484 970 vel
508 937 765 982 possessivum,
790 937 847 971 vel
873 936 1106 979 adicMivum,
1132 937 1190 970 vel
1213 936 1390 982 genitivus
1414 935 1552 970 additus

158 999 231 1037 est3
259 997 305 1030 cf.
329 997 467 1041 Zumpt.
495 999 569 1033 Lat.
592 999 750 1034 Gramm.
775 1000 808 1041 §-
830 997 889 1040 71,
913 996 946 1031 8.
971 1001 1043 1032 not.
1070 997 1105 1032 3.
1135 1009 1168 1042 p.
1193 997 1273 1032 319.
1300 997 1353 1030 ed.
1378 996 1436 1030 lv.
1462 995 1550 1031 Sall.

158 1057 235 1101 lug.
257 1057 413 1100 Lxxvl‚
437 1059 470 1094 6.
519 1062 652 1094 Aurum
676 1065 780 1104 atque
814 1063 1002 1104 argentum
1038 1059 1212 1093 domum
1242 1059 1426 1105 regiam
1460 1069 1551 1092 com-

155 1122 310 1162 portant.
335 1118 421 1162 Nep.
446 1120 568 1163 Pelop.
593 1121 647 1162 11,
671 1119 705 1153 5.
754 1108 815 1154 lili
838 1120 1019 1154 duodecim
1047 1139 1090 1145 —
1117 1120 1290 1154 domum
1322 1118 1552 1153 Charonis

157 1180 382 1214 devenerunt.
405 1179 492 1214 Sall.
515 1181 591 1215 cat.
617 1180 778 1222 XXVIII,
804 1181 838 1214 1.
866 1180 938 1214 Cic.
962 1180 1053 1225 Epp.
1078 1182 1120 1216 ad
1139 1182 1279 1217 Famm.
1304 1181 1362 1223 lv,
1379 1180 1415 1222 7,
1435 1179 1551 1213 10.—

157 1241 227 1274 Pro
250 1241 417 1283 inermos,
451 1243 544 1285 quod
578 1254 658 1276 cum
687 1240 807 1276 Curtio
838 1240 994 1285 plerique
1018 1254 1138 1276 omnes
1162 1242 1364 1284 ediderunt,
1397 1238 1553 1275 restitui-

158 1313 235 1336 mus
267 1303 427 1344 inermis,
456 1314 561 1347 quam
595 1304 747 1337 formam
772 1313 891 1336 omnes
914 1302 1012 1337 codd.
1045 1307 1206 1346 tuentur,
1239 1301 1391 1346 exceptis
1415 1300 1553 1334 duobus

157 1363 277 1406 Rivii,
314 1364 398 1398 Bas.
423 1363 457 1397 1.
489 1363 584 1397 Ιιείἀ.
622 1367 658 1398 et
686 1363 798 1398 Paris.
833 1375 863 1397 z.
900 1363 1132 1408 primitusque
1165 1363 1215 1398 ita
1246 1363 1418 1407 scriptum
1444 1359 1553 1394 fuisse

157 1424 352 1458 clarissime
375 1429 470 1468 patet
499 1437 541 1459 cx
572 1425 705 1459 vimar.
730 1425 784 1467 2.,
814 1425 875 1458 ubi
910 1425 1025 1459 scriba
1056 1437 1120 1469 pro
1147 1425 1287 1459 inermis
1310 1421 1404 1456 dedit
1430 1422 1467 1454 in
1491 1432 1552 1454 ar-

157 1485 250 1524 mis,·
274 1485 318 1519 cf.
343 1485 386 1518 ad
412 1486 515 1519 Catil.
542 1486 632 1524 LIX.
655 1485 689 1520 5.
719 1497 753 1530 p.
771 1485 853 1519 318.
877 1506 921 1511 —
947 1487 989 1519 In
1015 1486 1080 1520 tali
1104 1486 1160 1519 dic
1183 1485 1268 1519 satis
1293 1482 1552 1518 illustravimus

156 1545 202 1578 ad
227 1545 301 1580 Cat.
326 1545 485 1589 XLVIII,
504 1545 539 1580 5.’
563 1558 596 1590 p.
622 1547 703 1581 222.
750 1548 941 1591 Pei-peram
966 1546 1075 1592 igitur
1099 1547 1270 1580 Gruterus
1293 1545 1420 1590 probat
1444 1543 1553 1577 omis-

155 1616 231 1638 sam
255 1606 292 1638 in
316 1606 611 1650 praepositionem
644 1607 680 1641 in
710 1607 786 1642 cod.
821 1608 1010 1653 Bongars.‚
1046 1607 1104 1641 cui
1125 1607 1260 1642 accedit
1286 1607 1405 1642 Guelf.
1432 1605 1465 1640 3.
1490 1605 1552 1639 Vi-

154 1676 243 1699 mar.
270 1665 303 1699 2.
328 1684 375 1690 —-
399 1667 451 1700 De
476 1678 541 1700 usu
565 1668 638 1701 sine
662 1668 931 1712 praepositionis
955 1680 986 1702 ν.
1013 1668 1058 1702 ad
1081 1680 1112 1703 c.
1135 1669 1236 1712 LIV,
1256 1667 1291 1702 6.
1316 1686 1362 1692 -·
1387 1668 1438 1700 De
1456 1670 1550 1705 stru-

156 1728 259 1760 ctura
278 1737 363 1771 pars
387 1727 540 1761 edocti
565 1739 596 1761 v.
621 1728 666 1761 ad
691 1740 720 1763 c.
747 1729 820 1772 XV,
841 1729 876 1763 2.
892 1751 938 1755 —
955 1729 1038 1772 Quis
1062 1728 1100 1761 h.
1124 1729 1149 1761 l.
1174 1739 1283 1772 paene
1307 1739 1425 1761 omnes
1449 1727 1550 1760 codd.

153 1787 313 1828 habent,
352 1786 572 1831 paucissimis
613 1789 777 1834 exceptis.
814 1809 860 1813 —
892 1790 971 1834 Ipse
1004 1789 1028 1824 i.
1061 1801 1092 1825 e.
1123 1801 1188 1834 per
1220 1800 1278 1829 se,·
1312 1789 1358 1822 cf.
1394 1788 1487 1823 infra
1517 1799 1547 1825 c.

156 1847 329 1889 LXXXV,
354 1847 410 1884 31.
435 1848 632 1890 LXXXIX,
656 1848 689 1883 5.
722 1853 757 1883 et
780 1860 870 1893 quae
894 1849 1138 1884 annotavimus
1163 1849 1207 1883 ad
1233 1862 1262 1883 c.
1286 1849 1370 1891 Lu,
1396 1850 1426 1884 1.
1460 1850 1550 1885 Goe-

155 1920 248 1943 renz.
273 1909 317 1943 ad
343 1908 416 1944 Cic.
443 1909 485 1942 de
508 1909 609 1943 Finn.
634 1911 703 1953 111,
730 1908 771 1952 5,
799 1911 856 1946 16.
881 1912 923 1945 de
948 1912 1059 1956 chg-
1085 1911 1122 1953 1,
1147 1909 1204 1953 18,
1227 1909 1284 1944 48.
1335 1912 1460 1945 Omnes
1485 1913 1552 1946 viri

155 1971 235 2004 boni
257 1970 399 2014 ipsam
424 1971 635 2015 aequitatem
660 1977 694 2005 et
717 1972 770 2005 ius
794 1973 938 2016 ipsum
964 1976 1095 2006 amant.
1120 1971 1169 2006 ib.
1193 1972 1253 2014 111,
1271 1971 1328 2014 14,
1352 1971 1409 2006 31.
1427 1972 1551 2007 Schel-

155 2031 219 2065 ler.
245 2030 346 2066 obse.
369 2042 404 2075 p.
429 2031 511 2065 223.
538 2032 687 2076 Grysar.
711 2033 784 2067 Art.
809 2033 933 2068 Latine
956 2032 1130 2067 scribendi
1154 2044 1188 2076 p.
1212 2032 1272 2067 5-1.

246 2091 384 2128 van.
417 2093 451 2137 ἕ.
483 2092 516 2128 l.
565 2093 718 2128 Romani
745 2113 786 2118 —
817 2095 1017 2139 tre1›idare,·
1049 2095 1098 2128 ad
1129 2106 1244 2128 arcem
1265 2112 1309 2118 —-
1335 2094 1552 2139 praesidium

155 2154 323 2194 hostiumn,-
347 2154 437 2198 etc.]
483 2153 596 2188 liuius
627 2154 696 2188 loci
727 2154 963 2199 interpunctio
999 2155 1082 2190 olim
1119 2155 1223 2188 vnlulc
1254 2152 1441 2188 obscurata
1474 2153 1551 2187 suit.

114 2231 117 2238 s
155 2215 206 2249 lta
230 2215 323 2249 enim
348 2215 487 2249 eortius
511 2227 590 2249 cum
618 2215 794 2259 prioribus
828 2216 1020 2250 editoribus
1044 2217 1132 2250 haec
1156 2216 1265 2250 verba
1287 2213 1444 2258 scripsit:
1478 2214 1549 2247 Ro-

154 2278 252 2310 mani
267 2296 312 2301 —
330 2277 509 2320 trepidare
531 2277 578 2310 ad
602 2289 720 2311 arcem
746 2277 886 2321 oppidi,
911 2279 970 2311 ubi
993 2279 1099 2323 signa
1123 2283 1156 2312 ct
1180 2283 1279 2311 scuta
1304 2281 1424 2317 eram,-
1445 2287 1551 2320 prae-

155 2338 280 2371 sidium
305 2338 471 2376 hostium,
502 2343 625 2382 portae
658 2343 740 2372 autc
765 2339 904 2372 clausae
929 2341 1061 2384 sugam
1084 2339 1333 2384 1²rolzibcban13
1366 2341 1431 2371 etc.
1480 2336 1549 2370 Sed

154 2399 340 2442 quominus
378 2400 470 2433 hanc
511 2399 777 2444 interpungendi
815 2400 985 2434 rationem
1021 2412 1138 2434 verum
1176 2405 1355 2444 putemus,
1395 2398 1548 2443 primum

155 2460 272 2494 obstat
296 2460 351 2494 vis
375 2463 410 2494 ct
433 2471 514 2493 usus
540 2461 717 2504 trepidare
742 2461 863 2503 verbi,
895 2463 985 2505 qnod
1010 2460 1185 2507 significat
1206 2461 1408 2506 perturbato
1433 2459 1549 2493 animo

160 2525 192 2554 ct
226 2520 310 2564 quid
343 2522 518 2566 agendum
554 2513 599 2555 sit
635 2522 748 2556 nescio
781 2523 846 2556 huc
871 2523 951 2556 illuc
975 2534 1010 2557 sc
1043 2527 1177 2556 vertere
1209 2528 1241 2556 ct
1267 2522 1480 2560 discum-cre,-
1503 2520 1547 2552 cs.

158 2591 263 2624 supra
287 2592 317 2616 c.
344 2582 536 2623 xxxvm,
560 2581 593 2616 5.
644 2583 810 2625 Romani,
832 2584 981 2627 perculsi
1003 2583 1152 2617 tumultu
1178 2583 1337 2623 insolito,
1361 2592 1462 2614 arma
1489 2593 1548 2614 ca-

155 2652 236 2686 pere
261 2643 335 2685 alii,
361 2643 424 2675 alii
447 2655 483 2676 sc
508 2644 646 2685 abdere,
669 2655 754 2688 pars
778 2644 916 2678 territos
934 2646 1154 2685 confirmare,-
1179 2643 1414 2687 trepidare
1439 2643 1547 2675 omni-

158 2703 218 2736 bus
242 2704 334 2739 locis.
369 2716 397 2737 c.
426 2705 602 2745 mxxv,
632 2704 676 2738 10
739 2704 846 2737 Homo
880 2705 1004 2738 verm-is
1034 2705 1220 2749 prosapiae
1243 2723 1287 2729 —
1311 2705 1347 2737 in
1381 2709 1482 2738 tanta
1512 2716 1548 2737 rc

158 2765 356 2811 ignarus
390 2777 450 2799 om
467 2767 585 2799 nium
620 2766 859 2810 trcpidat.
888 2767 1049 2808 j'mc'z'nut.
1099 2764 1257 2800 Plurima
1289 2776 1329 2800 ex
1365 2765 1462 2800 Livio
1489 2777 1546 2809 pc-
