1630 3034
144 192 229 232 396
514 186 559 229 C.
591 185 916 228 SALLUSTI
948 183 1172 229 CRISPI

100 311 260 353 4utres
290 302 427 347 modo
464 309 508 347 et
543 303 629 347 alia
677 317 822 361 aquae
859 301 1021 346 idonea
1070 301 1253 363 portari.
1323 301 1534 346 Praeter-

143 418 198 447 ea
241 399 464 459 conquirit
499 415 556 444 ex
593 400 714 460 agris
756 414 891 457 quam
926 399 1167 459 plurimum
1196 404 1346 459 potest
1381 399 1537 443 domiti

142 499 336 560 pecoris,
373 511 520 556 eoque
554 496 745 557 imponit
772 511 876 540 vasa
913 496 1127 556 cuiusque
1155 496 1293 553 modi,
1324 495 1406 541 sed
1440 495 1537 556 ple-

139 650 277 694 oppido.
327 649 380 682 Eo
417 647 557 681 Cottius
591 652 772 691 permotus
795 650 868 690 est,
902 652 942 680 ut
976 646 1086 680 verba
1114 645 1146 680 si
1169 646 1243 680 eins
1265 647 1384 692 oppidi
1404 645 1538 690 potitus

134 715 232 755 soret
257 709 355 743 uncis
377 708 591 750 includeret,
615 709 650 742 iu
673 713 755 742 nota
780 707 986 741 subiiciens:
1012 707 1126 749 „nihil
1150 707 1291 749 verius,
1318 716 1424 750 quam
1447 705 1538 739 haec

140 773 186 806 ab
211 772 331 816 glossa
355 782 430 803 esse
453 770 649 813 profecta-‘⁶
698 769 766 802 Sed
790 769 855 801 has
878 779 991 812 nugas
1016 780 1110 809 esse,
1139 767 1380 803 verissimum!

233 836 265 876 ἓ.
291 832 325 866 3.
372 833 528 866 iumenta
560 831 704 865 sarcinis
739 831 885 864 levari
916 830 1030 871 iubet,
1067 829 1161 863 nisi
1189 833 1426 873 frumento
1462 827 1535 860 die-

139 907 217 928 rum
252 893 391 937 decem]
423 893 492 926 Per
532 892 707 936 quandam
747 890 990 924 attractionem
1021 891 1201 936 zeugmati
1235 890 1378 924 affinem
1414 887 1536 927 levari,

139 956 232 1000 quod
261 954 372 999 priori
403 957 539 987 tantum
571 953 729 985 membro
752 951 935 992 convenit,
969 951 1077 986 etiam
1113 952 1156 986 ad
1181 951 1352 996 posterius
1374 950 1537 983 refertur.

139 1016 268 1051 Sensus
294 1019 346 1049 est
369 1013 481 1048 onim:
505 1014 604 1047 iubet
628 1013 810 1054 iumentis,
846 1013 1011 1046 detractis
1035 1013 1202 1054 sarcinis,
1225 1025 1293 1046 non
1317 1012 1431 1045 maius
1453 1021 1538 1044 onus

139 1077 282 1122 imponi,
304 1086 411 1119 quam
437 1076 651 1108 frumentum
676 1074 795 1108 decem
819 1074 978 1115 dierum3
1003 1085 1093 1117 quae
1115 1072 1286 1108 sententia
1308 1083 1351 1106 eo
1373 1070 1539 1112 eflicitur,

139 1139 231 1182 quod
256 1136 352 1171 notio
378 1135 612 1169 minuendi
638 1136 750 1169 oneris
782 1134 1000 1180 impositi
1033 1138 1272 1168 commutatur
1294 1145 1375 1167 cum
1399 1131 1540 1166 notione

136 1198 276 1244 parvi
299 1197 412 1231 oneris
437 1197 711 1241 imponendi.
737 1214 779 1219 —
807 1197 929 1240 Aquae
953 1196 1047 1229 deest
1075 1196 1110 1229 in
1141 1196 1258 1229 Guelf.
1282 1196 1316 1231 3.
1340 1199 1374 1229 et
1397 1194 1470 1229 Inc.
1488 1192 1538 1234 2.,

138 1259 232 1303 quod
256 1257 394 1292 Curtius
418 1268 603 1302 perperam
627 1257 763 1300 probat.
803 1256 900 1290 Licet
923 1256 1017 1290 enim
1042 1257 1185 1291 idoneus
1206 1255 1440 1302 grammatice
1463 1253 1538 1289 siue

137 1332 220 1355 casu
248 1319 329 1364 poni
363 1319 494 1362 possit,
528 1323 647 1352 tamen
679 1318 715 1350 h.
739 1318 764 1351 I.
790 1317 867 1361 ipsa
892 1330 947 1352 res
970 1319 1125 1362 postulat
1149 1329 1264 1363 aquae
1288 1315 1393 1359 addi,
1428 1326 1537 1360 quum

137 1383 212 1416 sine
236 1392 278 1415 ea
301 1392 385 1413 voce
408 1379 580 1413 sententia
605 1379 754 1411 obscura
786 1379 923 1412 evadat.
950 1399 996 1404 -
1032 1380 1174 1414 Portari
1202 1379 1364 1413 absolute
1395 1377 1538 1422 quidem

136 1443 288 1486 positum
312 1445 382 1480 est,
409 1439 460 1473 ita
483 1443 623 1481 tamen,
649 1443 687 1473 ut
706 1439 750 1472 ad
775 1439 982 1474 sententiam
1005 1442 1211 1485 explendam
1236 1439 1450 1485 cogitatione
1472 1437 1535 1472 ad-

137 1505 241 1538 datur
266 1503 309 1536 ab
334 1501 509 1536 iumentis.

229 1566 261 1607 §.
286 1563 319 1597 4.
370 1575 475 1607 coque
506 1563 671 1607 imponit]
705 1562 757 1596 Ita
791 1565 886 1596 reete
910 1561 1019 1596 edidit
1042 1561 1192 1596 Cortius.
1241 1561 1448 1596 Gerlachius
1471 1571 1537 1605 que

136 1625 288 1667 abiecit,
324 1624 421 1658 codd.
449 1624 573 1657 Reuss.
605 1623 686 1657 Sen.
710 1623 742 1657 2.
776 1624 948 1658 Commel.
985 1624 1081 1658 Leid.
1107 1624 1146 1658 L.
1184 1623 1277 1657 Med.
1302 1623 1336 1657 2.
1361 1622 1395 1656 7.
1421 1621 1452 1657 8.
1481 1621 1535 1655 in-

134 1686 294 1721 consulto
317 1690 465 1718 secutus.
514 1685 566 1718 De
587 1688 765 1718 structura
788 1685 963 1729 imponere
987 1684 1086 1718 verbi
1111 1684 1261 1718 diximus
1286 1685 1330 1718 ad
1346 1696 1377 1717 c.
1395 1683 1533 1723 xmu,

135 1748 171 1783 2.
216 1749 267 1781 Eo
302 1746 436 1780 seilicet
468 1746 675 1780 adverbium
700 1750 770 1787 est,
804 1745 847 1779 ad
881 1756 962 1779 eum
996 1746 1139 1779 modum
1173 1750 1397 1786 usurpatum,
1429 1755 1534 1787 quem

134 1808 391 1844 illustravimus
416 1807 460 1840 ad
485 1806 590 1841 Cutil.
616 1808 656 1849 V,
681 1806 714 1840 2.
734 1810 770 1839 et
794 1807 837 1839 ad
863 1806 939 1850 lug.
965 1807 1062 1849 XIII,
1087 1806 1120 1841 5.
1144 1826 1186 1832 —-
1218 1807 1288 1840 Sed
1313 1811 1393 1839 ante
1412 1806 1533 1849 plera-

134 1882 200 1916 que
224 1868 344 1903 omisit
367 1866 526 1910 Cottius,
556 1866 646 1900 nibil
678 1867 720 1900 de
742 1866 813 1900 suis
846 1867 945 1901 codd.
971 1868 1097 1902 dicens.
1146 1867 1215 1902 Nos
1241 1878 1321 1901 cum
1342 1865 1533 1899 Gerlacbio

132 1929 392 1970 revocavimus,
416 1940 524 1973 quum
550 1928 654 1972 pauci
679 1932 814 1962 tantum
839 1927 934 1970 libri,
958 1939 1068 1972 neque
1094 1928 1119 1962 ii
1140 1929 1349 1962 auctoritate
1368 1927 1532 1971 insignes,

135 1993 318 2038 ignorent,
349 2001 468 2024 sensus
498 1995 618 2024 autem
648 1990 754 2023 valde
791 1990 1032 2031 commendet,
1067 1988 1195 2033 quippe
1226 2000 1296 2032 quo
1328 1998 1534 2034 praegreosu

134 2054 241 2088 dictio
277 2053 319 2087 ad
353 2050 594 2096 angustiorem
635 2050 814 2095 quandam
855 2050 1031 2085 notionem
1069 2050 1315 2096 astringatur3
1358 2060 1392 2084 v.
1424 2049 1470 2083 ad
1501 2059 1530 2082 c.

134 2115 305 2157 LXXXV,
330 2112 386 2148 15.

226 2180 259 2220 §.
292 2175 325 2211 5.
386 2174 526 2208 Metello
562 2173 755 2217 dederant]
796 2173 977 2207 Dederant
1011 2184 1130 2207 omnes
1163 2173 1236 2206 fere
1267 2170 1350 2205 libri
1386 2171 1531 2213 habent,

135 2238 235 2272 cuius
260 2238 338 2271 loco
372 2235 407 2268 in
438 2233 695 2278 antiquioribus
728 2235 804 2270 edd.
837 2235 972 2280 legitur
1003 2235 1229 2276 dediderant,
1262 2232 1354 2277 quod
1380 2231 1532 2265 Weisius

132 2311 243 2342 nuper
271 2297 431 2347 repetiit3
466 2297 526 2329 sod
560 2296 594 2330 id
626 2295 710 2330 huic
746 2296 822 2330 loco
856 2296 1000 2330 minime
1032 2299 1152 2339 aptum
1185 2306 1259 2328 esse
1291 2293 1465 2339 intelliges
1488 2304 1529 2327 ex

133 2364 216 2395 notu
239 2359 284 2394 ad
309 2371 340 2392 c.
366 2357 524 2398 xxxu,
554 2356 588 2391 5.
614 2369 646 2400 p.
673 2357 752 2392 198.
779 2377 822 2382 -—
864 2358 1025 2398 Metello,
1051 2357 1142 2397 quod
1167 2367 1286 2389 omnes
1308 2355 1407 2389 codd.
1431 2359 1530 2389 tuen-

134 2428 209 2461 tur,
247 2422 394 2454 fortasse
419 2418 574 2452 offendat
606 2418 780 2461 aliquem,
816 2429 924 2462 quum
951 2417 1244 2452 totaenunciutio
1269 2417 1311 2452 ad
1345 2417 1530 2450 Metellum

133 2482 317 2516 referatur.
366 2479 434 2514 Sed
466 2490 681 2522 quamquam
715 2478 831 2513 dicere
862 2479 991 2523 possis,
1025 2477 1241 2522 negligentia
1273 2476 1429 2512 auctoris
1453 2477 1529 2511 Me-

137 2543 212 2578 telli
236 2553 384 2583 nomen,
408 2540 568 2583 proximo
595 2541 702 2574 *erbo
727 2541 876 2584 imperat
900 2544 1112 2582 contentum,
1139 2539 1171 2572 in
1197 2537 1403 2573 necrinduriu
1420 2548 1527 2572 cunn—

136 2603 288 2639 ciutioue
323 2602 449 2636 iterum
484 2601 637 2645 positum
672 2601 801 2644 fuisse,
838 2606 953 2635 tumen
979 2599 1233 2645 perspicuitatis
1263 2610 1385 2632 caussu
1416 2597 1449 2630 id
1475 2599 1526 2631 su—

135 2670 229 2700 ctum
253 2675 327 2698 esse
350 2664 545 2705 concedas,
579 2675 689 2708 quum
714 2662 934 2707 pronomini,
968 2662 1059 2705 quod
1085 2672 1163 2695 cum
1190 2661 1357 2695 dederant
1384 2657 1527 2702 coniun-

135 2730 259 2772 gatur,
298 2725 355 2759 vix
388 2727 485 2759 locus
516 2725 574 2760 sit.
606 2746 638 2751 -
677 2725 748 2759 I‘ro
777 2728 934 2768 portaret
967 2723 1104 2756 (lortius
1146 2734 1187 2756 ex
1219 2731 1286 2754 uno
1320 2719 1436 2753 (ἕης-ΗΣ
1473 2719 1526 2755 Η.

136 2787 272 2832 scripsit
308 2792 520 2832 portarcm5
558 2787 650 2830 quod
696 2797 758 2820 eur
795 2785 1027 2820 damnandum
1069 2784 1112 2818 eit
1148 2782 1299 2817 diximus
1339 2781 1381 2816 ud
1422 2780 1524 2816 catil.
