1630 3034
119 200 205 240 230
489 193 533 236 C.
565 191 887 239 SALLUSTI
920 193 1142 236 CRISPI

123 319 193 356 tos
228 311 394 369 quique
429 308 644 369 perfugas
690 307 996 366 tradidissent,
1043 310 1150 354 item
1186 310 1262 368 qui
1297 310 1355 354 de
1389 325 1503 370 pace

87 414 199 452 2aut
242 407 363 451 bello
409 421 511 450 cum
563 406 766 450 hostibus
812 406 1043 465 pactiones
1090 407 1310 451 fecissent.
1387 407 1506 451 Huic

124 504 344 564 rogationi
379 503 542 564 partim
578 503 741 546 conscii
778 503 882 559 sibi,
920 503 992 546 alii
1027 517 1084 546 ex
1119 497 1313 562 partium
1348 503 1510 547 invidia

125 601 326 661 pericula
379 606 647 657 metuentes,
702 600 913 658 quoniam
965 605 1121 659 aperte
1174 601 1378 644 resistere
1422 614 1511 643 non

126 703 358 758 poterant,
395 697 501 756 quin
535 697 612 740 illa
647 703 693 740 et
727 697 813 740 alia
847 696 951 740 talia
985 697 1166 756 placere
1202 697 1281 740 sibi
1313 697 1510 739 fateren-

127 800 223 852 tur,
269 794 447 838 occulte
490 809 573 853 per
618 795 805 850 amicos,
851 809 903 837 ac
948 809 1155 837 maxume
1191 809 1273 854 per
1307 793 1512 837 homines

129 907 182 940 ed.
196 906 258 940 Kr.
282 906 318 940 in
341 905 571 940 sextodecimo
592 906 779 940 Annalium
795 905 903 939 dixit:
930 907 1089 941 Omnium
1115 913 1271 942 nostrum
1297 907 1515 951 neglege-

130 967 171 1001 ri
180 972 195 1001 t
218 968 472 1001 auctoritatem.
499 986 542 993 -—·
570 968 622 1001 De
644 965 779 1003 ratione
801 967 938 1000 numeri
963 968 1111 1010 pluralis
1133 969 1170 1001 in
1196 968 1428 1013 legationibus
1452 971 1515 1000 aut

129 1026 281 1071 imperiis
303 1037 337 1063 V.
363 1027 408 1061 ad
431 1027 534 1064 Catil.
557 1027 648 1068 xlv,
672 1025 695 1060 5
732 1028 809 1071 lug.
833 1028 964 1068 LXIII,
987 1026 1020 1062 5.

223 1090 256 1130 §-
278 1087 312 1121 2.
341 1099 407 1132 per
430 1088 582 1123 homines
604 1090 751 1122 nominis
777 1089 896 1123 Latini
919 1094 953 1123 et
976 1088 1082 1122 socios
1112 1089 1247 1121 Italicos
1270 1089 1517 1133 impedimenta

129 1150 321 1194 parabant]
354 1149 492 1183 Coi-tius
516 1150 626 1183 levem
650 1148 882 1192 suspicionem
906 1149 990 1183 iacit
1012 1150 1154 1184 Italicos
1178 1160 1297 1182 vocem
1322 1149 1518 1189 abundat-<23

132 1209 191 1243 scd
215 1220 283 1252 quo
308 1209 398 1243 hanc
421 1210 657 1244 coniecturam
679 1209 753 1253 ipse
775 1209 954 1243 infirmare
978 1211 1110 1252 studet,
1143 1221 1268 1243 nomon
1294 1209 1457 1242 Latinum
1485 1214 1520 1243 et

133 1269 245 1304 socios
262 1271 404 1304 italicos
427 1271 461 1304 in
486 1271 623 1315 legibus
648 1270 798 1304 ferendis
821 1282 885 1304 sua
901 1270 1074 1315 suffragia
1088 1270 1264 1310 hahuisse,
1288 1281 1400 1313 coque
1416 1270 1521 1304 modo

133 1330 352 1375 rogationem
381 1331 579 1366 Mamiliam
613 1331 782 1376 impedire
814 1331 988 1376 potuisse,
1028 1342 1134 1374 quam
1167 1331 1370 1365 sententiam
1404 1331 1520 1375 praei-

135 1395 234 1424 verat
266 1391 388 1436 Sigon.
421 1392 464 1425 dc
498 1394 577 1426 Ant.
609 1393 679 1427 Iur.
712 1392 792 1426 Ital.
816 1393 852 1434 Ι,
878 1391 911 1425 4.
945 1396 981 1426 et
1004 1392 1081 1435 21„
1117 1392 1256 1436 repetiit
1288 1393 1452 1427 Gerlach.
1483 1392 1520 1426 in

136 1451 346 1486 Commentt.
370 1465 403 1496 p.
429 1452 535 1492 274..
567 1453 602 1487 id
637 1457 771 1487 tantum
795 1454 893 1487 abest
915 1457 954 1487 ut
983 1453 1093 1487 verba
1125 1452 1308 1494 defendat,
1346 1459 1384 1487 ut
1407 1453 1524 1498 magis

135 1512 240 1545 etiam
265 1513 432 1556 impedita
455 1514 587 1548 reddat.
634 1515 706 1548 Esti
731 1515 823 1548 enim
847 1514 1189 1561 concedendumrest,
1211 1513 1431 1558 rogationem
1454 1513 1523 1548 im-

135 1572 248 1617 pediri
272 1574 424 1617 potuisse
447 1575 628 1620 suffragiis
651 1582 772 1608 contra
797 1575 959 1616 ferendis,
983 1580 1099 1608 tamen
1124 1579 1320 1618 temporum
1344 1575 1435 1609 ratio
1458 1576 1523 1610 ob-

138 1637 225 1678 stat,
259 1636 443 1678 quominus
474 1636 616 1670 Latinos
648 1639 683 1669 et
705 1635 842 1669 italicos
864 1635 976 1669 socios
1001 1635 1034 1668 id
1061 1635 1225 1678 perficere
1247 1635 1399 1678 potuisse
1424 1641 1522 1679 pute-

138 1704 227 1728 mus.
274 1695 357 1729 Fuit
387 1696 526 1739 quidem
555 1697 793 1730 nonnullorum
824 1696 1032 1739 populorum
1057 1696 1259 1729 batinorum
1292 1695 1398 1729 etiam
1432 1695 1523 1730 anti-

138 1754 261 1798 quiore
285 1760 442 1800 tempore
466 1757 520 1791 ius
543 1757 705 1802 suffragii
729 1757 873 1797 ferendi,
899 1760 938 1789 ut
961 1756 1077 1790 docuit
1103 1756 1312 1789 lleinecciun
1333 1756 1367 1789 in
1386 1757 1522 1801 Antiqq.

139 1816 208 1852 lur.
232 1817 335 1850 Rom.
360 1817 515 1862 Append.
549 1817 611 1851 lib.
634 1818 662 1851 Ι.
695 1829 724 1852 c.
749 1817 784 1851 2.
824 1808 855 1860 δ’.
883 1817 941 1852 92.
975 1829 1010 1861 p.
1033 1817 1114 1851 306.
1150 1817 1204 1851 cd.
1231 1817 1428 1857 Haubold.;
1463 1818 1523 1851 sed

139 1887 248 1920 quum
273 1877 375 1921 pauci
399 1882 533 1912 tantum
559 1889 599 1912 co
623 1878 698 1911 inre
722 1883 920 1920 uterentur,
954 1877 1074 1912 multis
1098 1878 1203 1911 etiam
1228 1877 1341 1911 modis
1365 1877 1521 1912 circum-

140 1937 288 1981 scripto,
327 1949 450 1982 parum
488 1938 523 1971 id
560 1938 701 1972 valebat
737 1939 781 1972 ad
820 1939 1040 1984 rogationem
1073 1938 1226 1981 aliquam
1259 1938 1524 1981 impediendam.

141 1999 320 2033 Universis
344 2004 459 2033 autem
484 1999 616 2033 Latinis
639 1999 776 2043 populis
799 2010 908 2042 quum
933 1998 1056 2032 civitas
1078 2010 1157 2032 cum
1181 1998 1345 2043 suffragii
1368 1999 1443 2033 inre
1466 2001 1525 2033 de-

141 2069 238 2093 mum
263 2070 295 2094 a.
320 2070 353 2095 u.
377 2059 456 2094 661».
482 2070 513 2093 a.
539 2060 622 2093 Chr.
648 2071 681 2095 n.
705 2059 762 2093 90.
787 2060 869 2094 data
897 2061 962 2103 sit,
990 2059 1066 2094 ltali
1091 2066 1206 2093 autem
1231 2059 1316 2093 socii
1341 2060 1433 2092 idem
1459 2060 1526 2094 ali-

141 2123 227 2163 quot
250 2120 348 2153 annis
371 2124 448 2164 post
472 2119 643 2154 consecuti
668 2120 736 2154 sint
758 2121 810 2163 (v.
827 2121 989 2154 lieinccc.
1016 2121 1037 2154 l.
1056 2121 1080 2154 l.
1105 2119 1290 2164 Appendic.
1316 2119 1375 2153 lib.
1394 2120 1418 2153 1.
1443 2132 1471 2153 c.
1492 2120 1526 2154 1.

144 2182 177 2223 §-
201 2180 236 2214 9.
273 2193 305 2224 p.
329 2180 398 2214 23⁴
417 2192 490 2223 αφ,
523 2180 684 2214 Creuzeri
715 2181 852 2225 Antiqq.
888 2182 992 2216 Rom.
1027 2184 1059 2224 §.
1084 2182 1163 2215 206.
1200 2193 1231 2225 p.
1264 2180 1342 2214 313.
1375 2181 1429 2215 ed.
1452 2181 1526 2224 lt),

144 2241 240 2274 nullo
267 2244 370 2284 pacto
394 2240 544 2284 intelligi
568 2245 679 2284 potest
702 2242 875 2285 quomodo
899 2241 970 2275 iam
995 2252 1037 2275 eo
1060 2246 1225 2285 tempore,
1251 2253 1321 2285 quo
1344 2241 1433 2276 baec
1453 2243 1526 2275 Ro·

144 2311 224 2334 mae
249 2301 342 2334 facta
365 2306 463 2342 sunt,
502 2301 526 2335 i.
550 2312 581 2335 e.
618 2313 708 2336 anno
732 2314 763 2338 a.
789 2303 872 2336 Chr.
900 2314 932 2337 n.
956 2302 1037 2336 11⁰.
1068 2314 1102 2336 u.
1128 2315 1158 2338 c.
1181 2302 1264 2336 6⁴⁴.
1292 2314 1355 2347 per
1378 2303 1528 2337 homines

145 2362 290 2395 nominis
315 2361 435 2395 Latini
461 2367 493 2397 et
517 2363 623 2396 socios
647 2364 786 2397 Italico·
817 2364 1075 2408 suffragiis
1102 2363 1309 2407 ferendis
1338 2363 1392 2397 illi
1416 2375 1526 2409 roga-

146 2421 231 2456 tioni
260 2421 507 2465 impedimenta
530 2422 647 2466 parari
671 2422 858 2467 potuerint.
905 2423 1024 2466 Quare
1047 2425 1266 2458 statuendum
1293 2427 1362 2466 eat,
1395 2424 1527 2458 nobile·

147 2481 204 2515 hie
226 2481 429 2516 hominihus
452 2494 532 2517 usos
556 2495 629 2518 ease
653 2484 697 2517 ad
721 2484 840 2518 turbas
864 2484 1056 2529 rogationis
1079 2484 1140 2518 die
1159 2484 1369 2526 excitandae,
1393 2483 1527 2527 istoque

148 2541 251 2575 modo
276 2542 407 2587 legem,
441 2555 530 2587 qnae
551 2545 763 2589 parabatur,
796 2544 1060 2587 impediendam.
1106 2545 1313 2579 Coniectura
1335 2545 1423 2580 haec
1444 2555 1527 2578 cou-

149 2602 311 2636 firmatur
333 2603 440 2637 etiam
464 2605 572 2639 simili
595 2606 674 2640 loco
697 2617 726 2638 c.
753 2605 868 2646 xun,
894 2605 925 2641 l.
950 2605 1101 2649 Operam
1126 2606 1327 2640 italicorum
1352 2616 1394 2638 ac
1416 2604 1527 2638 socio-

151 2674 241 2704 rum,
264 2663 370 2697 etiam
389 2663 499 2698 intimi
524 2665 664 2707 ordinis,
686 2677 754 2699 non
779 2666 880 2710 plane
902 2666 1005 2700 nihili
1029 2666 1186 2700 habitam
1210 2677 1283 2700 esse
1306 2670 1401 2710 patet
1423 2666 1526 2699 etiam

151 2734 192 2757 ex
218 2723 396 2757 Plutarch.
420 2723 483 2758 vit.
507 2724 547 2758 C.
573 2725 724 2759 Grac-ch.
749 2739 778 2760 c.
803 2727 870 2769 12,
902 2726 979 2762 init.
1002 2731 1036 2761 et
1059 2739 1087 2762 c.
1112 2726 1177 2767 13,
1211 2726 1285 2760 init.
1317 2726 1363 2759 ct.
1387 2725 1527 2760 omnino

149 2793 238 2826 quae
269 2783 312 2820 do
343 2783 633 2827 perniciosissimo
668 2796 764 2820 more
793 2786 938 2821 comitia
970 2786 1129 2822 turbandi
1161 2786 1351 2831 dioputavit
1386 2785 1526 2820 Ferdin.
