1630 3034
176 164 261 204 530
546 150 590 202 C.
622 156 954 200 SALLUSTI
985 156 1202 201 CRISPI

176 275 308 319 tumis
345 288 485 334 agere
521 273 804 326 decreverat;
837 289 988 332 neque
1022 281 1172 319 tamen
1203 275 1388 320 victoria
1413 291 1582 321 socors·

180 377 255 416 aut
285 371 477 415 insolens
513 371 681 424 factus;
727 369 808 415 sed
849 371 1017 430 pariter
1063 381 1196 430 atque
1239 372 1286 415 in
1322 381 1565 433 conspectu

142 468 374 518 2hostium
403 467 623 527 quadrato
653 467 833 528 agmine
862 467 1083 512 incedere.
1143 468 1269 512 Sulla
1299 484 1403 513 cum
1438 469 1566 529 equi—

180 571 274 610 tatu
306 564 429 626 apud
454 565 703 619 dextumos‚
739 564 784 608 in
816 564 989 608 sinistra
1021 565 1077 610 A.
1106 564 1301 610 Manlius
1326 582 1427 610 cum
1462 567 1567 610 fun-

180 662 394 708 ditoribus
447 668 492 707 et
536 661 795 723 sagittariiS‚
838 668 1073 721 praeterea
1118 662 1312 708 cohortis
1349 663 1569 724 Ligurum

179 829 258 852 men
290 822 433 862 propter
464 817 721 851 humanitatem
754 821 789 851 et
826 817 1030 851 modestiam
1053 818 1146 851 malo
1170 818 1323 860 salvam,
1348 829 1452 863 quam
1473 829 1569 863 pro-

177 883 282 923 pter
312 889 437 913 usum
466 888 625 918 meum,
649 877 673 910 i.
698 887 729 910 e.
756 888 826 918 eo,
860 882 910 920 ut
942 878 1039 912 illius
1060 889 1161 911 usum
1185 878 1363 913 habere
1391 879 1569 923 possim.

177 938 298 973 lustin.
322 939 385 980 xl,
408 938 443 980 7,
466 938 501 972 4.
554 938 655 972 Urbis
675 937 867 982 potiundae
890 950 959 972 non
981 943 1172 982 propter
1199 939 1423 983 praedam
1447 939 1570 983 cupido

179 1010 257 1033 eum
282 999 384 1044 cepit.
410 1017 454 1023 —-
478 999 594 1033 Verba
618 998 766 1033 victoria
789 1010 901 1033 socors
931 997 1070 1033 Cottius
1093 998 1231 1033 inverso
1254 999 1377 1034 ordine
1399 999 1570 1042 exhibuit,

178 1060 216 1094 id
240 1059 374 1094 factum
407 1058 524 1093 dicens
548 1070 589 1094 er
611 1070 704 1094 more
732 1058 847 1103 Crispi
854 1071 868 1099 ‚·
893 1070 1109 1103 quamquam
1132 1058 1200 1093 iste
1223 1070 1300 1095 mos
1322 1071 1390 1095 non
1414 1059 1571 1105 plurium

178 1121 352 1155 librorum
385 1119 615 1161 auctoritate,
652 1130 762 1164 quam
793 1119 872 1154 cod.
905 1120 1052 1166 Berger.
1085 1124 1120 1155 et
1149 1121 1267 1156 Guelf.
1292 1121 1328 1156 3.
1363 1122 1572 1166 comproba-

178 1185 247 1217 tur.
273 1201 316 1209 —
340 1181 437 1216 Idem
461 1192 503 1215 ex
526 1180 646 1224 paucis
668 1180 769 1215 libris
791 1192 854 1226 pro
875 1182 1013 1227 pariter
1043 1185 1184 1226 atque
1207 1181 1253 1215 in
1277 1184 1414 1218 soloece
1436 1182 1574 1226 scripsit

176 1254 255 1287 par.
282 1254 333 1277 ac
364 1243 430 1286 in,
463 1242 556 1287 quod
581 1241 772 1277 Gerlachio
796 1243 832 1277 in
856 1243 911 1278 ed.
930 1243 1016 1280 mai.
1040 1242 1184 1286 placuit.
1207 1243 1248 1277 V.
1272 1242 1317 1277 ad
1341 1253 1372 1278 c.
1396 1240 1571 1282 LXXXV,

178 1303 236 1339 12.
263 1322 307 1330 —
335 1305 398 1347 Qu
414 1304 497 1337 adr
509 1306 584 1337 ato
618 1303 760 1347 agmine
783 1303 808 1337 i.
831 1315 862 1339 e.
889 1304 1043 1339 exercitu
1067 1304 1118 1338 ita
1150 1304 1338 1345 instructo,
1361 1305 1401 1337 ut
1424 1300 1572 1345 impedi-

177 1363 303 1398 mentis
335 1364 370 1398 in
406 1363 560 1398 medium
591 1363 729 1397 conatis
760 1364 813 1407 (v.
836 1364 936 1398 Serv.
970 1365 1016 1400 ad
1039 1365 1138 1411 virg.
1161 1368 1248 1400 Aen.
1272 1364 1352 1406 ΧΠ,
1378 1363 1480 1408 121.)
1504 1373 1573 1396 non

177 1425 293 1459 solum
329 1424 484 1469 primum
518 1429 553 1460 et
588 1428 806 1469 postremum
841 1436 988 1471 agmen,
1023 1426 1083 1460 sed
1118 1426 1225 1461 etiam
1261 1430 1450 1468 utrumque
1481 1425 1573 1457 latus

178 1486 293 1520 subito
324 1486 480 1521 hostium
512 1485 660 1531 impetui
681 1497 752 1520 non
785 1488 932 1530 pateret.
981 1486 1075 1521 Tale
1102 1498 1232 1533 agmen
1252 1485 1443 1522 Sallustius
1466 1496 1574 1527 supra

179 1558 209 1580 c.
233 1547 355 1590 XLVI,
379 1547 414 1581 6.
438 1548 623 1583 ⁴munitum
656 1547 766 1587 dixit,
799 1551 1031 1592 accurateque
1063 1549 1268 1593 descripsit,
1297 1553 1337 1583 nt
1368 1551 1501 1593 pateret
1524 1547 1574 1581 ita

179 1607 286 1641 fuisse
309 1613 572 1652 comparatum,
596 1612 634 1643 ut
665 1619 868 1654 quacunque
893 1609 1095 1644 accederent
1118 1610 1251 1653 hostes,
1272 1611 1572 1655 propulsarentur.

178 1668 280 1702 Istius
301 1672 419 1702 autem
443 1668 572 1703 ordinis
603 1680 671 1703 non
701 1669 737 1702 in
761 1679 881 1712 pugna
905 1680 1009 1702 usum
1032 1670 1164 1712 fuisse,
1196 1671 1256 1704 sed
1279 1671 1414 1706 itineris
1437 1668 1575 1705 tutandi

179 1739 303 1764 caussa
323 1740 398 1764 esse
417 1729 629 1771 institutum,
653 1740 763 1773 quum
786 1728 853 1772 ipsi
871 1729 1079 1773 scriptorum
1102 1731 1173 1765 loci
1195 1732 1389 1773 ostendunt,
1411 1734 1487 1764 tum
1511 1740 1572 1773 pa-

179 1793 228 1824 tet
250 1800 293 1823 cx
319 1794 489 1833 potestate
514 1802 644 1836 agmen
676 1789 867 1831 vocabuli3
901 1791 947 1823 cf.
970 1792 1126 1836 Herzog.
1155 1793 1199 1826 ad
1223 1793 1320 1827 Caes.
1345 1792 1388 1826 B.
1414 1791 1457 1825 G.
1484 1790 1573 1825 Vm,

178 1849 213 1890 8,
238 1853 328 1885 extr.
360 1851 482 1886 Davis.
516 1852 561 1885 ad
594 1852 695 1886 Auct.
719 1851 764 1885 Β.
797 1851 987 1886 Alexandr.
1022 1865 1054 1889 c.
1077 1852 1144 1896 43,
1167 1852 1201 1887 3.
1233 1853 1354 1888 Senec.
1385 1852 1453 1895 Ep.
1483 1850 1572 1884 mx.

181 1911 292 1945 Movit
314 1922 369 1945 me
391 1912 512 1957 imago
538 1913 582 1946 ab
606 1913 666 1946 illo
688 1912 827 1957 posita,
851 1912 923 1947 ire
954 1914 1191 1958 quadrato
1227 1913 1419 1959 agmine
1452 1922 1572 1946 exer-

179 1971 336 2014 citum,
371 1973 431 2007 ubi
462 1974 569 2008 hostis
605 1974 650 2008 ab
673 1973 766 2008 omni
798 1979 900 2018 parte
925 1979 1101 2019 suspectus
1125 1979 1196 2017 est,
1225 1985 1372 2020 pugnae
1393 1976 1571 2017 paratum.

180 2044 212 2066 v,
239 2032 391 2068 Nitschii
417 2034 558 2078 Antiqq.
589 2035 694 2069 Rom.
729 2034 836 2069 Tom.
860 2035 905 2069 11.
939 2047 974 2080 p.
1002 2035 1104 2070 1191.
1135 2035 1189 2069 ed.
1222 2035 1284 2070 111.
1314 2031 1481 2068 Creuzeri
1505 2031 1572 2066 An-

181 2093 265 2138 tiqq.
291 2094 397 2127 Rom.
421 2097 454 2137 §.
477 2094 560 2130 255.
586 2108 621 2140 p.
647 2095 730 2130 391.
752 2095 807 2133 ed.
829 2096 873 2130 Π.

273 2156 305 2197 ς.
330 2154 365 2188 2.
413 2157 510 2199 apud
543 2157 748 2201 destumos]
786 2157 922 2192 Forma
956 2157 1164 2193 insolentior
1184 2157 1362 2192 dextumos
1391 2154 1427 2189 in
1451 2162 1575 2189 caussa

181 2214 274 2257 fuit,
308 2226 371 2248 cur
404 2216 542 2251 scribae
573 2217 610 2251 in
633 2217 808 2252 nonnullis
835 2219 935 2253 codd.
969 2218 1090 2253 darent
1114 2218 1271 2259 dextros,
1295 2217 1331 2251 in
1357 2215 1438 2251 aliis
1461 2221 1575 2250 extre-

180 2286 273 2316 mos,
306 2276 466 2311 Wassius
497 2280 615 2312 autem
647 2278 833 2314 conticeret
870 2280 1032 2321 extimos,
1067 2279 1164 2314 utin
1186 2280 1274 2313 Tur.
1298 2280 1331 2316 1.
1363 2277 1574 2322 conspicitur

183 2335 273 2370 inter
295 2348 427 2373 versus.
467 2338 537 2373 Sed
562 2339 745 2384 vulgatam
772 2343 909 2383 praeter
931 2339 1089 2373 codicum
1113 2339 1346 2383 plurimorum
1368 2349 1573 2373 consensum

182 2401 297 2432 tuetur
330 2398 500 2433 Prisciani
533 2399 792 2443 testimonium,
825 2400 887 2444 qui
920 2400 984 2442 ΠΙ,
1006 2401 1041 2443 3,
1068 2401 1123 2435 19.
1158 2402 1212 2434 ed.
1236 2401 1299 2435 Kr.
1327 2400 1372 2433 de
1393 2399 1574 2434 vocabulis

184 2459 355 2494 dextimus
377 2464 413 2494 et
436 2460 623 2494 sinistimus
661 2471 770 2505 agens
794 2465 951 2496 nostrum
984 2462 1102 2496 locum
1126 2462 1256 2497 laudat.
1283 2461 1329 2497 cf.
1353 2460 1504 2496 Nonium
1526 2459 1572 2499 ΙΙ,

185 2519 262 2553 198.
288 2525 323 2555 et
344 2521 487 2555 Festum
511 2533 544 2565 p.
569 2520 626 2555 56.
652 2532 733 2555 cum
758 2521 989 2557 Lindemanni
1015 2525 1170 2558 annotat.
1197 2535 1230 2567 p.
1254 2521 1336 2557 406.
1361 2539 1406 2547 —
1437 2521 1489 2554 De
1513 2530 1570 2553 ra-

183 2581 276 2614 tione
299 2593 375 2615 cum
400 2582 592 2625 particuiae
615 2582 688 2616 iam
713 2582 863 2617 diximus
888 2583 931 2616 nd
964 2594 996 2618 c.
1023 2584 1146 2625 xmx,
1170 2584 1203 2618 1.
1253 2584 1349 2617 Cave
1371 2581 1465 2616 enim
1489 2591 1571 2614 con-

184 2642 308 2687 iungas
332 2643 439 2676 verba
470 2654 546 2677 cum
582 2644 740 2687 equitatu
773 2643 945 2683 curabat,
979 2643 1078 2686 quasi
1101 2643 1270 2687 equitatui
1293 2643 1464 2688 quaedam
1487 2653 1570 2675 con-

183 2703 290 2735 sortio
322 2703 466 2736 curandi
501 2715 580 2737 cum
615 2703 715 2737 Sulla
746 2703 877 2743 suerit,
910 2715 997 2737 neve
1030 2704 1215 2738 vernacu!a
1238 2707 1353 2737 vertas
1381 2704 1479 2736 Sulla
1504 2703 1566 2735 be-

178 2763 393 2808 scleligte
439 2765 518 2797 mit
564 2765 644 2797 der
686 2764 907 2799 Reitcrei
941 2767 1011 2806 auf
1039 2764 1100 2797 ‹Icr
1124 2764 1262 2798 rechten
1285 2764 1390 2799 Seite.
1441 2762 1569 2798 Sensus
