1630 3034
141 162 225 204 482
512 154 558 197 (L
588 151 912 199 SALLUSTI
940 150 1163 198 GRISPI

277 271 377 318 XC.
448 271 590 333 igitur
627 272 809 327 consul,
846 270 1054 315 omnibus
1087 269 1354 330 exploratis,
1394 269 1533 314 credo
1572 288 1576 291 ·

147 371 213 416 dis
247 370 389 414 fretus
412 367 537 428 (nam
566 376 721 413 contra
755 374 900 412 tantas
934 367 1222 412 difficultates
1252 367 1434 412 consilio
1468 383 1537 411 sa-

148 469 201 512 tis
246 447 489 528 providere
543 482 633 512 non
677 471 886 528 poterat3
939 465 1114 526 quippe
1159 465 1291 509 etiam
1327 465 1539 509 frumenti

147 565 300 625 inopia
352 564 606 609 tentabatur
625 600 639 624 ‚
695 563 821 623 quod
875 563 1099 608 Numidae
1146 563 1316 623 pabulo
1363 562 1540 624 pecoris

71 661 86 670 “
150 663 293 724 magis
342 676 480 721 quam
528 676 636 706 arvo
680 661 892 719 student,
939 667 984 706 et
1025 661 1343 720 quodcumque
1390 665 1542 704 natum

149 801 359 848 praegnanti
387 812 490 836 sensu
524 800 631 836 etiam
656 804 779 846 potum
802 801 1085 846 comprehendit,
1118 811 1331 845 quamquam
1353 798 1414 834 hic
1438 798 1545 833 inter-

151 865 236 899 dum
269 863 397 897 diserte
428 863 658 906 nominatur,
687 868 727 898 ut
759 864 852 906 apud
881 864 958 898 Liv.
992 863 1093 902 xxi,
1118 861 1152 904 4,
1178 861 1212 897 6.
1262 861 1457 894 Hannibali
1481 860 1548 893 cibi

148 926 366 971 potionisque
383 926 564 959 -modus
575 925 717 969 finitus.
765 923 885 958 Nostri
918 923 990 958 loci
1014 923 1141 956 similis
1165 926 1217 956 est
1243 922 1331 955 Veu.
1355 921 1401 961 11,
1425 919 1482 963 41,
1512 920 1546 953 2.

153 989 286 1021 Caesar
309 997 444 1030 semper
467 986 563 1020 cibo
588 986 625 1019 in
648 986 779 1027 vitam,
812 997 881 1018 non
905 985 942 1019 in
964 985 1177 1029 voluptatem
1202 984 1376 1018 utebatur.
1425 982 1545 1015 Incon-

150 1049 242 1082 sulto
271 1047 384 1092 igitur
422 1046 575 1080 IVeisius
609 1058 652 1080 ex
684 1047 757 1082 suis
789 1047 885 1081 editt.
919 1046 1048 1090 antiqq.
1083 1044 1225 1089 scripsit
1261 1044 1355 1078 cibus
1397 1048 1548 1087 potus-

151 1122 243 1155 que.
268 1128 312 1134 --
337 1108 440 1153 Quod
463 1107 651 1142 Sallustius
684 1108 720 1142 in
751 1107 979 1142 describenda
1008 1106 1242 1141 Numidarum
1266 1110 1391 1140 natura
1423 1105 1550 1148 imper-

147 1172 254 1215 fectis
276 1170 386 1204 utitur
415 1170 566 1215 (agebat
582 1189 626 1195 —
645 1170 862 1204 tolerabatur
890 1188 934 1195 —
958 1169 1190 1202 vescebantur
1211 1186 1256 1193 -—
1279 1166 1548 1212 quaerebant—-

152 1232 270 1275 erat),
294 1231 369 1265 eius
392 1231 445 1264 rei
468 1241 591 1265 caussa
614 1230 703 1265 haec
727 1234 800 1276 est,
824 1230 917 1275 quod
941 1229 1036 1264 illius
1060 1229 1240 1273 temporis,
1265 1239 1334 1272 quo
1358 1228 1448 1279 haee
1473 1237 1549 1260 me-

152 1293 337 1328 morabilis
359 1291 572 1337 expugnatio
604 1292 700 1326 facta
730 1297 799 1335 est,
834 1296 907 1326 tam
930 1290 1090 1325 vividam
1122 1289 1241 1324 auimo
1266 1288 1426 1333 concepit
1448 1286 1550 1333 cogi-

152 1355 341 1396 tationem,
375 1358 414 1388 ut
436 1365 479 1387 ea
512 1365 670 1397 quoque,
703 1365 793 1398 quae
825 1365 889 1398 per
912 1365 949 1387 se
971 1364 1042 1387 non
1067 1352 1113 1386 atl
1136 1351 1223 1385 illud
1247 1350 1389 1395 quidem
1414 1355 1550 1393 tempus

152 1417 265 1450 solum
284 1415 507 1459 pertinerent,
531 1414 590 1448 sed
614 1418 732 1448 tamen
755 1420 836 1450 tuuc
861 1413 1017 1450 maxime
1041 1413 1266 1447 commodum
1289 1411 1456 1447 afferrent
1479 1410 1551 1446 Nu-

152 1477 278 1519 midis,
304 1477 428 1511 eodem
451 1480 569 1510 tenore
593 1480 632 1510 ut
655 1475 894 1510 antecedentia
917 1474 1132 1509 enunciaret.

246 1538 321 1571 XC.
345 1540 378 1580 §.
410 1536 444 1571 1.
494 1537 630 1579 Credo,
664 1538 718 1572 dis
749 1537 892 1582 fretus]
930 1536 1040 1570 Credo
1073 1536 1108 1569 h.
1134 1535 1159 1568 l.
1184 1533 1258 1568 sine
1281 1534 1397 1569 ironia
1419 1534 1553 1568 'dictum

152 1610 245 1640 esse,
279 1598 340 1642 qui
378 1608 461 1632 sane
492 1598 657 1642 frequens
695 1602 746 1633 est
778 1609 880 1640 usus,
912 1600 952 1647 ut
983 1597 1135 1631 diximus
1167 1596 1212 1630 ad
1245 1596 1350 1630 Catil.
1380 1594 1456 1636 LII,
1482 1594 1553 1637 13„

154 1662 242 1694 bene
265 1659 402 1693 monuit
426 1660 554 1693 Faber.
580 1678 625 1684 —
662 1660 726 1694 Dis
750 1661 868 1703 fretus
892 1659 989 1693 haud
1013 1659 1116 1692 dubie
1139 1661 1273 1702 spectat
1306 1658 1351 1693 ad
1375 1669 1405 1691 c.
1429 1656 1553 1697 Lxm,

154 1721 186 1756 1.
220 1721 335 1754 Mario
360 1720 534 1763 haruspex
558 1720 708 1763 dixerat,
737 1732 827 1765 quae
851 1721 968 1754 animo
993 1720 1159 1765 agitabat
1177 1721 1333 1761 frctus
1368 1719 1440 1752 dis
1464 1713 1559 1763 age-'

154 1786 219 1818 ret.
243 1803 289 1809 —
317 1780 411 1815 Nam
444 1781 599 1826 Langius
638 1793 779 1826 prorsus
813 1781 932 1826 inepte
969 1780 1008 1815 h.
1040 1780 1064 1813 1.
1096 1779 1190 1812 idem
1223 1789 1298 1813 esse
1331 1779 1416 1813 dicit
1450 1784 1553 1822 mque

156 1843 231 1878 etsi.
256 1864 302 1869 —
338 1842 524 1876 Providere
557 1843 676 1887 paullo
706 1842 910 1877 insolentius
943 1841 1102 1875 absolute
1135 1839 1266 1873 dictum
1291 1841 1385 1874 valet
1408 1840 1472 1874 sibi
1496 1852 1548 1873 ca·

153 1916 258 1947 vere,
283 1904 368 1939 satis
393 1908 536 1938 cautum
561 1915 647 1939 esse.
672 1921 718 1929 ·-
745 1904 963 1938 'I‘entabatur
988 1901 1014 1936 i.
1039 1913 1070 1939 e.
1101 1901 1137 1935 in
1160 1899 1358 1945 periculum
1381 1904 1416 1935 et
1439 1912 1553 1946 angu-

153 1966 238 2001 stias
272 1965 528 2006 adducebatur-3
564 1965 614 2001 cf.
648 1976 676 1999 c.
710 1964 866 2006 XLVIII,
892 1964 927 1999 1.
976 1963 1150 2010 Iugurtha
1175 1962 1234 1996 ubi
1257 1972 1294 1997 se
1316 1963 1388 1997 suis
1421 1963 1555 1997 artibus

154 2027 334 2065 tentari
359 2027 624 2063 animadvertit.
649 2027 745 2061 Flor.
768 2027 827 2069 lv,
851 2025 887 2071 2,
913 2026 972 2060 27.
1021 2025 1078 2059 Sic
1095 2027 1197 2068 same
1222 2027 1339 2056 castra
1360 2025 1555 2056 tentata

154 2095 247 2125 sunt.
294 2089 333 2122 In
356 2091 457 2122 tanta
481 2088 729 2133 perspicuitate
754 2088 893 2122 Curtius
917 2097 1033 2132 nugas
1055 2085 1132 2131 agit
1154 2084 1274 2129 inopia
1308 2093 1372 2126 pro
1395 2081 1563 2116 nomina:

155 2150 227 2185 tivo
252 2149 449 2191 venditans,
474 2154 513 2184 ut
537 2154 713 2185 structura
736 2149 818 2183 talis
842 2149 904 2193 sit,
933 2147 1047 2194 qualis
1072 2146 1140 2180 ruit
1164 2157 1193 2179 c.
1219 2146 1260 2188 L,
1284 2144 1316 2178 1.
1343 2166 1390 2172 -
1423 2145 1554 2179 Arnum

156 2212 285 2246 (licitur
308 2222 395 2256 ager
420 2210 482 2255 qui
515 2214 637 2245 uratur
667 2215 701 2245 et
725 2211 880 2253 seritur3
912 2210 956 2244 cf.
982 2210 1098 2244 Plaut.
1122 2208 1231 2241 Truc.
1256 2206 1283 2249 I,
1306 2206 1342 2248 2,
1365 2204 1423 2243 4⁷.
1474 2205 1553 2239 Non

154 2285 295 2308 arvus
319 2273 397 2315 bic,
421 2272 481 2306 scd
503 2283 706 2316 pascuus
730 2278 780 2307 est
805 2284 905 2318 ager.
931 2271 1074 2306 Sueton.
1099 2269 1181 2304 Ner.
1206 2279 1235 2301 c.
1262 2266 1320 2301 31.
1370 2266 1473 2301 Rura
1493 2278 1553 2301 ar-

156 2336 209 2368 vis
244 2340 277 2369 ct
305 2333 430 2369 vinetis
465 2339 497 2368 ct
527 2334 668 2378 pascuis
701 2334 817 2368 varia.
842 2331 1040 2367 Doederlin.
1065 2330 1261 2375 Synonym.
1286 2329 1364 2363 Lat.
1387 2327 1466 2361 Vol.
1492 2326 1554 2363 111.

155 2407 190 2439 p.
216 2394 250 2430 8.
275 2395 322 2428 n.
349 2395 374 2429 I.
400 2406 509 2439 quum
534 2395 662 2438 pabulo
687 2397 904 2439 opponatur,
937 2392 1126 2428 Sallustius
1160 2391 1299 2424 videtur
1323 2389 1443 2433 paullo
1466 2387 1555 2421 Iibe-

155 2454 228 2488 rius
252 2455 406 2490 efficiens
431 2467 494 2499 pro
519 2456 646 2490 effecto
669 2456 825 2500 posuisse
842 2481 852 2498 ‚
877 2455 943 2490 nisi
970 2453 1099 2495 malis,
1131 2450 1312 2486 vocabulis
1331 2450 1497 2495 pabulum
1519 2451 1555 2482 et

156 2527 280 2550 arvum
318 2515 446 2550 latiore
477 2528 579 2551 sensu
612 2528 685 2551 rem
717 2516 921 2562 pecuariam
955 2519 990 2549 et
1013 2515 1271 2560 agriculturam
1296 2508 1484 2556 designari.
1507 2527 1551 2534 -

155 2576 277 2610 Verbis
301 2577 524 2622 quodcunque
547 2582 706 2612 natum
735 2580 861 2621 suerat
883 2576 1126 2625 significantur
1150 2575 1270 2620 fruges
1294 2573 1365 2606 iam
1389 2570 1553 2604 collectae

155 2642 189 2672 et
214 2638 258 2672 ad
290 2650 391 2672 usum
424 2638 647 2679 reconditae,
684 2642 724 2672 ut
762 2641 856 2681 patet
888 2648 930 2672 ex
960 2637 1184 2682 sequentibus
1216 2645 1308 2680 ager
1335 2623 1461 2667 autem*
1485 2635 1551 2665 etc.

156 2700 286 2734 Sensus
310 2703 361 2734 est
386 2699 513 2745 igitur:
546 2710 658 2743 neque
682 2698 716 2733 in
741 2699 902 2741 horreis,
935 2710 1046 2744 neque
1070 2698 1106 2733 in
1139 2695 1236 2743 agris
1260 2698 1358 2736 erat,
1383 2704 1454 2738 quo
1478 2692 1552 2726 Ro-

156 2759 252 2795 mnnl
272 2764 462 2796 uterentur.
509 2761 610 2794 nanc
634 2758 889 2804 oppositionem
923 2769 990 2793 non
1021 2761 1200 2794 assecutus
1223 2755 1379 2790 Weiniu·
1402 2753 1552 2799 pessime
