1630 3034
476 151 842 195 IUGURTHA.
902 149 1033 193 CAP.
1063 149 1216 191 LXIV.
1465 155 1549 194 3⁴9

164 271 450 323 habiturum3
482 270 540 313 ab
576 268 849 327 imperatore
885 266 1084 310 consulto
1119 266 1256 321 trahi,
1301 268 1425 325 quod
1459 267 1543 312 ho-

162 383 237 412 mo
282 368 420 411 inanis
465 371 510 410 et
546 366 699 425 regiae
745 363 982 423 superbiae
1026 363 1218 423 imperio
1264 364 1390 408 nimis
1429 380 1544 425 gan-

162 502 306 545 turpius,
330 512 434 545 quam
458 511 526 543 par
551 502 638 538 erat,
663 497 706 530 ab
733 495 935 529 Hamilcare
959 495 1271 540 loquebantur.
1297 496 1370 531 Cic.
1392 510 1426 541 p.
1451 497 1543 534 Coel.

161 562 298 603 xxm,
334 560 392 594 75.
450 560 680 603 Nequaquam
713 561 849 590 tantum
880 561 979 598 crat,
1012 563 1177 601 quantum
1208 558 1361 592 homines
1396 560 1543 604 loque-

160 623 338 656 bantur.

247 682 312 715 sibi
332 680 611 724 permitteretur]
637 678 755 722 Vulgo
778 676 893 711 editur
915 677 945 710 si
966 677 1031 711 sibi
1051 689 1174 722 parm„
1198 680 1257 713 sed
1281 680 1449 715 librorum
1474 682 1542 716 dis-

158 741 338 786 crepantia
364 740 514 775 ostendit
536 741 567 773 si
588 739 800 783 particulam
825 750 846 772 a
870 739 1011 779 scribis,
1036 750 1103 771 non
1128 750 1150 772 a
1174 739 1342 775 Sallustio
1366 754 1441 775 esse
1463 754 1543 786 pro-

157 804 294 837 fectam.
343 801 431 835 Nam
456 800 490 834 in
514 802 584 835 luc.
607 801 640 834 2.
664 801 791 834 Franc.
816 803 851 834 et
875 800 983 834 Vatic.
1009 797 1042 832 5.
1067 792 1097 833 'si
1120 799 1250 844 legitur
1273 807 1352 835 ante
1376 803 1542 843 dimidia,-

155 863 191 897 in
216 873 284 896 uno
309 862 497 903 Glareani‚
529 862 599 895 Inc.
626 862 659 895 1.
695 862 814 895 Guelf.
839 861 874 895 4.
913 860 1023 895 Vatia.
1049 861 1211 893 Arondel.
1246 861 1356 894 Laud.
1384 862 1419 895 2.
1447 864 1540 897 Leid.

156 924 194 958 1..
220 923 304 956 Tur.
328 923 360 956 1.
393 928 428 957 et
462 923 580 956 Berol.
608 923 642 958 1.
674 926 750 966 post
771 922 860 962 sibi5
889 932 911 955 a
939 920 1114 954 nonnullis
1146 925 1262 953 autem
1301 922 1468 958 Glareani
1505 929 1541 957 et

154 982 267 1017 Paris.
291 983 325 1015 b.
352 993 491 1026 prorsus
526 985 644 1024 abest,
679 993 806 1027 eosque
838 994 960 1017 veram
992 980 1204 1023 scripturam
1228 982 1375 1024 habere,
1409 988 1541 1018 ceteros

153 1043 419 1087 interpolatione
446 1045 675 1085 maculatam,
699 1044 920 1089 cognoscitur
943 1042 1047 1077 etiam
1072 1053 1113 1075 ex
1138 1043 1247 1076 Paris.
1267 1043 1307 1077 C.
1333 1044 1392 1086 qui
1417 1045 1448 1078 si
1470 1057 1538 1078 non

154 1105 189 1138 in
214 1108 331 1144 textu,
368 1105 426 1138 sed
460 1103 549 1138 inter
581 1116 699 1138 versus
723 1106 840 1139 habet.
888 1103 1101 1149 ignorabant
1125 1108 1242 1137 autem
1273 1104 1408 1139 scribae
1430 1117 1538 1138 enun-

154 1165 320 1200 ciatioues
350 1165 602 1199 condicionales
634 1177 738 1209 saepe
769 1165 846 1199 solo
869 1163 1089 1198 coniunctim
1121 1164 1194 1197 sine
1219 1165 1391 1207 particula
1413 1168 1442 1199 si
1466 1167 1538 1200 for-

153 1226 264 1269 mari,
288 1225 380 1269 quod
405 1226 586 1269 Zumptius
608 1227 685 1262 Lat.
710 1227 869 1260 Graium.
897 1229 927 1268 g.
953 1225 1010 1265 86,
1035 1225 1092 1265 21,
1118 1236 1150 1267 p.
1177 1224 1260 1260 520.
1285 1227 1338 1261 ed.
1364 1227 1419 1259 Ν.
1443 1227 1538 1261 haud

153 1288 247 1321 male
270 1297 312 1320 eo
337 1285 412 1319 lieri
444 1286 553 1327 dicit,
588 1287 676 1329 quod
710 1297 840 1331 magna
871 1286 1043 1330 quaedam
1078 1286 1167 1319 inter
1199 1286 1263 1319 has
1297 1290 1331 1319 et
1362 1286 1538 1322 indefinite

152 1348 409 1391 interrogantes
433 1346 624 1380 intercedat
647 1346 858 1388 similitudo,
893 1346 942 1380 ita
975 1350 1012 1379 ut
1046 1347 1114 1379 liae
1138 1358 1278 1386 sensum
1315 1346 1457 1381 illarum
1480 1360 1535 1381 su-

149 1409 298 1443 stineant
321 1407 438 1441 facile.
481 1407 548 1440 Sed
565 1407 685 1440 eadem
707 1407 797 1442 ratio
821 1411 872 1442 est
895 1407 1003 1441 etiam
1030 1406 1065 1439 in
1088 1407 1131 1440 iis
1154 1406 1354 1448 enuncians,
1379 1419 1470 1450 quae
1493 1410 1536 1443 ad

150 1469 296 1513 optandi
320 1468 392 1500 vim
417 1469 596 1509 accedunt,
621 1468 718 1501 cuins
741 1469 880 1514 generis
904 1472 954 1502 est
978 1467 1036 1500 hic
1060 1472 1175 1500 noster
1198 1469 1307 1510 locus,
1330 1480 1431 1511 quem
1456 1482 1537 1514 ger—

150 1530 286 1565 manice
315 1528 570 1572 interpreteris:
615 1528 709 1562 Gdbe
736 1541 816 1564 man
848 1529 923 1563 ihm
958 1539 1024 1561 nur
1057 1527 1114 1560 die
1148 1528 1269 1562 Halfte
1299 1529 1358 1562 des
1394 1531 1536 1572 Heeres,

150 1593 173 1626 i.
201 1603 230 1625 e.
254 1602 351 1624 wenn
376 1601 458 1624 man
481 1589 556 1622 ihm
580 1590 672 1633 giibe
698 1593 761 1622 etc.
808 1591 878 1623 Pro
901 1588 1000 1622 varia
1027 1593 1145 1621 autem
1176 1589 1386 1624 condicionis
1409 1576 1536 1626 natura

149 1657 284 1696 tempus
309 1650 406 1684 verbi
438 1661 480 1683 ac
510 1649 656 1683 modum
687 1649 822 1683 varium
848 1661 922 1684 esse
946 1649 1073 1683 debere
1097 1660 1160 1693 per
1183 1661 1219 1682 se
1243 1655 1358 1694 patet,
1392 1657 1426 1687 et
1448 1654 1534 1687 bene

148 1712 306 1757 exposuit
335 1710 547 1745 Ramshorn.
578 1710 655 1744 Lat.
691 1711 850 1745 Gramm.
883 1714 915 1754 §.
950 1709 1030 1744 190.
1069 1721 1103 1753 p.
1140 1709 1208 1745 581
1231 1722 1304 1755 sqq.
1339 1713 1385 1748 cs.
1417 1714 1534 1748 Carol.

146 1773 262 1808 Beier.
286 1772 331 1806 ad
354 1771 425 1805 Cic.
450 1771 493 1804 de
517 1770 587 1804 off.
612 1771 674 1812 111,
699 1770 755 1813 19,
777 1771 834 1805 Ἡ.
884 1773 931 1805 At
952 1772 1085 1804 dares
1109 1771 1198 1804 hanc
1223 1772 1290 1805 vim
1312 1775 1361 1808 M.
1388 1776 1534 1814 Crasso,-

146 1838 183 1870 ἐπ
201 1837 295 1878 soro,
321 1834 420 1866 crede
444 1832 541 1874 mihi,
565 1833 722 1865 saltaret.
747 1831 794 1865 id.
819 1823 854 1865 in
878 1832 976 1866 Verr.
1001 1831 1043 1872 V,
1063 1829 1121 1872 65,
1146 1830 1223 1864 168.
1273 1831 1532 1875 Cognosce-

146 1899 215 1929 ret
240 1893 429 1933 homimem,-
453 1893 587 1937 aliquid
611 1893 654 1926 de
677 1903 806 1925 summo
829 1893 996 1935 supplicio
1017 1891 1220 1926 remitteres.
1261 1891 1534 1934 [gnoraret3

146 1960 220 1989 tum
247 1954 310 1987 hoc
342 1954 427 1986 iuris
459 1954 496 1986 in
521 1963 637 1986 omnes
660 1952 892 1985 constitueres.
917 1951 1001 1984 ibid.
1025 1952 1069 1992 ΙΙ,
1093 1951 1125 1991 3,
1149 1951 1183 1984 2.
1235 1951 1360 1983 Furem
1382 1953 1532 1996 aliquem

148 2020 210 2048 aut
233 2024 394 2057 rapacem
420 2013 683 2051 accusaris5
714 2012 862 2044 vitanda
885 2011 950 2044 tibi
973 2023 1106 2055 semper
1137 2013 1203 2044 erit
1226 2012 1334 2044 omnis
1359 2014 1532 2047 avaritiae

147 2075 304 2118 suspicio.
353 2073 548 2116 Maleficum
572 2072 767 2116 quempiam
797 2071 1045 2105 adduxeris
1081 2076 1142 2105 aut
1167 2072 1361 2112 crudelem,·
1405 2085 1529 2108 caven-

149 2137 230 2170 dum
255 2135 320 2168 erit
346 2144 497 2176 semper,
529 2143 573 2166 ne
607 2143 676 2176 qua
709 2131 745 2164 in
767 2143 804 2164 re
828 2132 980 2174 asperior
1011 2137 1073 2167 aut
1096 2132 1316 2166 inhumanior
1338 2135 1452 2177 fuisse
1476 2137 1531 2168 vi-

148 2198 264 2230 deare.
288 2195 412 2229 Horat.
438 2192 511 2226 Sat.
535 2192 563 2232 1,
586 2190 621 2231 3,
647 2189 704 2225 15.
751 2193 872 2226 Decies
896 2197 1041 2226 centena
1065 2192 1270 2226 dedisses
1295 2194 1387 2228 Huic
1408 2196 1528 2240 parco,

145 2257 267 2302 paucis
290 2259 469 2294 contento,·
493 2254 640 2297 quinque
665 2252 782 2286 diebus
808 2253 870 2286 Nil
894 2257 970 2286 erat
994 2253 1029 2285 in
1052 2253 1181 2285 loculis.
1206 2253 1252 2286 ct.
1277 2254 1458 2290 Heindorf.
1484 2258 1527 2291 ad

147 2318 175 2359 1,
199 2316 232 2358 l,
256 2314 312 2348 45.
338 2315 429 2359 Aug.
455 2313 624 2348 Matthias
648 2313 692 2346 ad
713 2313 786 2347 Cic.
811 2325 860 2347 or.
887 2325 919 2356 p.
940 2314 1045 2347 Rosc.
1069 2314 1147 2346 Am.
1171 2324 1200 2346 c.
1219 2313 1276 2355 20,
1292 2315 1530 2351 55.1-Perizon.

147 2378 191 2411 ad
215 2377 332 2410 Sanct.
356 2375 443 2408 Min.
470 2374 536 2416 IV,
560 2374 594 2408 7.
626 2385 660 2417 p.
682 2373 762 2408 326.
797 2375 851 2408 ed.
883 2375 1011 2409 Bauer.
1041 2374 1251 2419 Heusinger.
1285 2376 1329 2410 ad
1362 2377 1529 2412 vechner,

146 2436 322 2471 Helleuol.
356 2447 388 2478 p.
415 2434 494 2471 147.
519 2435 697 2469 Kuehner.
729 2435 773 2468 ad
798 2435 871 2468 Cic.
896 2435 1020 2468 Tuscc.
1045 2435 1096 2477 11,
1122 2435 1177 2477 12,
1202 2435 1258 2469 28.
1284 2448 1316 2480 p.
1343 2437 1422 2474 164.
1446 2438 1529 2473 Otto

147 2499 192 2532 ad
214 2497 316 2531 Finn.
344 2496 388 2539 11,
414 2495 472 2536 17,
494 2495 551 2530 57.
577 2515 620 2520 —
646 2495 855 2529 Habitarunt
880 2507 926 2528 sc.
950 2506 1008 2535 se‚·
1031 2506 1066 2528 v.
1091 2496 1135 2529 ad
1159 2508 1189 2529 c.
1211 2497 1301 2538 xlv,
1325 2497 1358 2532 3.
1383 2518 1426 2524 —
1455 2500 1526 2532 Pro

102 2560 109 2563 “
145 2557 239 2592 nudo
272 2557 379 2590 verbo
406 2556 500 2589 trahi
531 2555 666 2599 aliquot
697 2555 794 2589 codd.
819 2556 874 2589 vel
899 2556 1062 2590 bellum
1085 2558 1203 2599 trahi,
1239 2558 1296 2591 vel
1320 2559 1414 2592 trahi
1436 2559 1526 2600 bel-

146 2619 234 2652 lum
257 2617 408 2657 habent3
431 2616 489 2650 sed
512 2617 617 2660 longe
639 2616 806 2659 plurimi,
830 2617 866 2650 in
888 2616 1000 2660 iisque
1023 2617 1148 2661 optimi
1171 2629 1309 2661 omnes,
1335 2619 1404 2652 hoc
1428 2619 1525 2652 addi-

145 2681 298 2712 tamento
320 2682 460 2718 carent,
492 2677 583 2719 quod
607 2677 743 2711 Cottius
772 2681 866 2711 recte
889 2677 1015 2711 omisit.
1062 2677 1181 2721 Neque
1213 2682 1328 2713 tamen
1352 2678 1384 2712 ei
1407 2689 1524 2712 assen-

146 2737 234 2779 tior,
257 2749 299 2771 ex
321 2736 558 2782 superioribus
575 2748 695 2771 vocem
718 2738 842 2772 bellum
866 2737 1091 2781 supplendam
1114 2749 1210 2779 esse3
1234 2750 1315 2774 nam
1338 2739 1521 2782 quominus
