1630 3034
464 162 819 208 IUGURTHA.
879 164 1006 209 CAP.
1035 165 1151 209 XLI.
1418 171 1502 213 241

120 282 327 343 polluere
362 285 407 326 et
449 286 624 326 vastare
659 280 830 339 omnia,
878 280 985 326 nihil
1018 283 1147 342 pensi
1180 297 1329 343 neque
1364 288 1501 332 sancti

119 378 315 434 habere,
359 377 509 436 quoad
543 383 685 421 semet
727 378 828 437 ipsa
872 379 1191 438 praecipitavit.
1260 381 1378 426 Nam
1426 383 1500 427 ubi
1516 388 1568 427 10

118 476 313 535 primum
349 489 404 518 ex
437 474 665 518 nobilitate
707 475 874 534 reperti
918 481 1038 531 sunt,
1083 477 1158 534 qui
1199 491 1350 522 veram
1393 479 1499 539 glo-

117 572 230 614 riam
271 571 454 614 iniustae
494 570 721 629 potentiae
777 577 1120 630 anteponerent,
1175 574 1344 617 moveri
1389 576 1498 619 civi-

117 674 206 722 tas,
254 672 299 710 et
342 666 555 710 dissensio
600 667 733 710 civilis
771 668 896 725 quasi
934 667 1171 727 permixtio
1215 675 1360 715 terrae
1395 672 1497 716 oriri

118 763 281 823 coepit.

113 874 196 908 dum
226 873 385 906 abessent
412 870 512 904 domo
541 871 601 916 qun·
623 871 799 917 stipendia
828 877 958 908 merent
987 873 1083 918 agris
1110 885 1230 910 eorum
1256 879 1413 918 parentes
1436 880 1497 912 aut

111 936 239 969 liberos
272 945 293 968 a
325 931 577 977 potentioribus
612 932 718 967 fuisse
751 933 918 977 spoliatos
951 935 1158 979 sedibusque
1190 937 1322 980 pulsos,
1358 937 1496 972 nemine

109 995 243 1031 scilicet
265 992 430 1027 iniuriam
453 997 603 1026 arcente.
649 993 898 1028 Detestabilem
914 1005 1046 1028 morem
1065 1000 1237 1030 memorat
1251 1001 1373 1031 auctor
1389 998 1495 1032 etiam

110 1056 146 1090 in
169 1057 353 1100 Fragmm.
377 1052 469 1087 Hist.
493 1053 528 1093 l,
551 1052 585 1087 8.
610 1063 651 1086 ac
674 1058 814 1097 praeter
841 1054 940 1087 illum
965 1055 1089 1089 Horat.
1111 1056 1175 1090 od.
1199 1057 1246 1096 ll,
1272 1056 1336 1098 18,
1364 1058 1408 1091 23
1419 1070 1494 1102 sqq.

108 1116 254 1159 Appian.
288 1115 330 1147 de
355 1114 396 1147 Β.
422 1114 460 1149 C.
485 1114 512 1147 1.
543 1125 578 1157 p.
602 1112 691 1155 353,
716 1114 758 1146 D.
792 1113 844 1147 ed.
878 1114 926 1147 11.
950 1114 1073 1159 Steph.
1098 1127 1132 1149 v,
1162 1117 1293 1150 Duker.
1327 1118 1371 1152 ad
1395 1119 1492 1154 Flor.

109 1177 180 1219 111,
206 1175 271 1215 14,
296 1174 330 1208 3.
355 1178 388 1207 et
413 1174 608 1208 Gernhard.
632 1174 675 1208 ad
701 1173 770 1207 Cic.
797 1174 922 1207 Parad.
948 1176 1004 1216 1‘1,
1029 1175 1072 1217 2,
1096 1176 1153 1210 46.
1178 1189 1211 1220 p.
1236 1177 1315 1212 235.
1339 1178 1495 1214 Sallustii

107 1237 216 1269 verba
239 1234 397 1268 imitatur
420 1238 480 1267 aut
505 1238 597 1268 certe
620 1233 762 1278 egregie
787 1226 938 1268 illustrat
961 1235 1139 1269 Plutarch.
1159 1237 1221 1271 vit.
1240 1237 1321 1272 Tib.
1340 1239 1493 1274 Gracchi

108 1308 139 1330 c.
156 1296 190 1336 9,
215 1307 248 1339 p.
273 1295 362 1328 med.
389 1295 550 1329 Ceterum
575 1295 667 1339 quod
691 1294 881 1328 Muellerus
903 1293 1008 1328 etiam
1033 1296 1174 1330 coniicit
1198 1297 1405 1333 Sallustium
1429 1311 1492 1344 pro

107 1357 255 1390 militum
278 1355 424 1389 fortasse
447 1355 624 1398 scripsisse
648 1355 879 1396 humiliorum,
904 1355 984 1398 qnia
1007 1356 1136 1389 Caesar
1158 1357 1200 1391 B.
1227 1359 1269 1392 G.
1295 1360 1350 1402 1⁷1,
1375 1360 1432 1402 22,
1456 1361 1491 1397 3.

80 1417 220 1456 —dicat‚
257 1415 449 1449 Germanos
477 1427 545 1449 non
576 1416 709 1449 habere
742 1414 821 1459 agri
853 1416 997 1449 modum
1028 1421 1180 1458 certum,
1216 1431 1258 1453 ne
1280 1423 1491 1465 potentiores

106 1477 377 1520 humiliores
407 1476 674 1520 possessionibus
706 1476 899 1519 expellant,
939 1475 1028 1509 nihil
1067 1477 1206 1511 omnino
1238 1479 1393 1524 ineptum
1427 1486 1489 1524 est,

105 1537 174 1572 nisi
195 1537 265 1570 hoc
288 1540 340 1569 est
361 1535 517 1579 ineptire.
542 1556 588 1561 —
613 1536 809 1570 Potentiam
834 1548 984 1582 magnae
1007 1536 1159 1570 invidiae
1182 1540 1391 1574 vocabulum
1415 1553 1490 1576 esse

104 1603 199 1643 patet
220 1609 262 1631 ex
283 1597 456 1630 annotatis
479 1597 524 1630 ad
548 1597 855 1640 Cantxxxvm,
881 1600 913 1631 1.
939 1597 1062 1641 9177.
1088 1602 1122 1631 et
1144 1599 1188 1631 ad
1212 1600 1287 1645 lug.
1306 1601 1367 1643 111,
1392 1602 1425 1637 2.
1442 1622 1488 1629 -.

103 1661 158 1694 Dc
180 1658 297 1692 verbis
324 1659 397 1691 sine
421 1658 519 1691 modo
545 1649 779 1702 modestiaque
803 1669 837 1692 v.
871 1659 913 1691 ad
939 1658 1040 1692 Catil.
1066 1657 1135 1700 XI,
1157 1658 1190 1692 4.
1226 1660 1304 1693 coll.
1329 1665 1488 1695 annotat.

102 1720 148 1756 ad
171 1721 247 1764 lug,
273 1719 404 1759 xmv,
426 1718 460 1753 l.
490 1738 536 1744 ——-
570 1719 670 1752 Nihil
701 1720 799 1763 pensi
829 1718 955 1762 explic.
991 1718 1035 1752 ad
1061 1718 1136 1754 Cat.
1161 1718 1210 1758 V,
1236 1718 1269 1753 6.
1303 1731 1335 1763 p.
1359 1720 1415 1755 30.
1440 1739 1487 1746 ·—-

103 1782 218 1816 Semet
241 1780 317 1823 ipsa
344 1783 455 1813 exstat
485 1778 521 1812 in
555 1780 728 1813 nonnullis
751 1779 850 1813 Rivii
874 1778 994 1819 libris,
1031 1779 1170 1812 Pembr.
1195 1779 1238 1811 B.
1264 1780 1363 1813 Publ.
1388 1780 1484 1816 Leid.

102 1842 144 1875 A.
169 1841 212 1874 Β.
238 1840 275 1873 C.
297 1840 340 1873 D.
365 1840 408 1872 E.
432 1840 479 1873 H.
505 1839 531 1873 Ι.
560 1840 610 1874 M.
651 1839 763 1873 Paris.
788 1851 816 1875 z.
860 1839 977 1874 Berol.
1002 1838 1034 1872 1.
1077 1837 1214 1872 Relicui
1248 1839 1322 1872 fere
1355 1852 1485 1883 omnes,

100 1904 269 1946 quantum
292 1911 334 1933 ex
360 1899 530 1933 editorum
554 1900 643 1935 notis
666 1899 838 1932 coniicere
860 1899 964 1942 licet,
988 1902 1095 1933 semet
1117 1899 1228 1942 ipsam
1253 1903 1409 1941 tuentur,
1441 1900 1485 1933 de

101 1973 171 2006 qua
191 1965 384 1995 structurae
408 1960 609 1994 diversitate
632 1960 717 1994 satis
741 1959 878 2003 egimus
901 1959 945 1993 ad
962 1959 1035 1995 Cat.
1050 1959 1129 2000 XX,
1144 1958 1176 1992 6.
1199 1962 1233 1992 et
1247 1959 1324 2004 lug.
1343 1959 1432 2001 XIV,
1449 1960 1482 1994 ΕΙ.

102 2022 146 2056 cf.
171 2021 252 2055 Otto
276 2020 320 2054 ad
344 2020 416 2053 Cic.
444 2020 486 2052 de
510 2020 609 2053 Finn.
635 2020 672 2060 1,
697 2019 763 2061 18,
788 2018 847 2053 58.

192 2081 227 2125 ξ.
249 2079 305 2112 10.
341 2091 382 2113 ex
404 2081 600 2121 nobilitate]
626 2081 725 2112 llaec
748 2079 902 2121 Cor-tius,
936 2082 973 2112 ut
1000 2078 1119 2122 spuria
1149 2082 1185 2112 et
1207 2088 1323 2111 sensus
1348 2077 1482 2112 incom-

99 2141 216 2183 modi,
241 2139 410 2173 eiicienda
433 2144 547 2173 censet
570 2139 771 2182 uncinisque
795 2139 943 2173 inclusit.
978 2139 1066 2173 Nam
1091 2139 1181 2182 quod
1205 2138 1404 2181 interpretes
1428 2138 1481 2172 di-

99 2207 190 2244 cant‚
212 2201 330 2235 verbis
353 2211 392 2234 ex
416 2200 595 2233 nobilitate
618 2201 746 2244 reperti
770 2206 848 2234 suut-
872 2199 1113 2244 intelligendos
1135 2209 1209 2232 esse
1236 2199 1419 2240 Gracchos,
1443 2199 1480 2233 id

97 2275 166 2297 non
189 2273 290 2307 posse
310 2260 399 2301 fieri,
423 2271 530 2303 quum
554 2265 676 2294 auctor
698 2265 769 2294 toto
794 2261 953 2293 hocloco
970 2259 1187 2293 nobilitatem
1203 2263 1352 2301 opponat
1369 2259 1479 2293 Grac—

99 2324 173 2358 chis
195 2329 298 2366 atque
322 2319 435 2365 plebi,
471 2331 580 2363 neque
614 2321 725 2353 ullum
756 2319 943 2353 sententiae
966 2319 1098 2362 pondus
1120 2317 1156 2350 in
1179 2329 1219 2351 eo
1243 2319 1393 2362 positum
1419 2319 1476 2363 sit,

98 2385 191 2429 quod
214 2383 268 2417 illi
292 2380 420 2416 fuerint
446 2391 485 2414 et
505 2381 696 2420 nobilitate,
719 2380 778 2413 sed
802 2381 892 2423 quod
913 2390 1032 2412 veram
1056 2378 1207 2422 gloriam
1232 2379 1476 2422 quaesiverint,

95 2445 302 2489 plebemque
325 2441 359 2475 in
384 2440 581 2474 libertatem
605 2440 865 2475 vindicaverint.
912 2441 1010 2473 Haec
1034 2444 1072 2472 ut
1093 2439 1248 2482 speciosa
1269 2443 1357 2482 sunt,
1382 2440 1430 2473 ita
1454 2451 1476 2474 a

96 2503 242 2538 veritate
270 2506 348 2536 sunt
380 2501 603 2536 alienissima.
649 2501 739 2535 Nam
765 2513 872 2544 quum
906 2501 1035 2534 iniusta
1055 2500 1211 2542 potentia
1236 2501 1474 2534 tantummodo

95 2564 259 2598 nobilium
290 2566 398 2603 esset,
430 2572 497 2595 non
531 2566 672 2606 possunt
703 2561 860 2595 homines
885 2562 927 2594 de
955 2561 1054 2605 plebe
1075 2559 1133 2592 isti
1155 2560 1329 2603 potentiae
1352 2571 1473 2594 veram

95 2624 246 2668 gloriam
269 2622 515 2665 anteposuisse.
563 2621 632 2656 Sed
663 2621 828 2654 nobilibus
851 2620 919 2653 hoc
940 2620 1046 2655 tribui
1068 2620 1170 2663 plane
1193 2620 1354 2654 evincunt
1376 2625 1472 2654 ante-

96 2695 217 2728 gressa
238 2683 396 2717 Sallustii
417 2683 548 2725 verba,
573 2681 698 2726 quibus
721 2681 808 2714 dixit
831 2681 1021 2724 potentiam
1044 2684 1078 2714 et
1101 2681 1286 2714 avaritiam
1310 2680 1333 2716 i.
1352 2691 1382 2713 e.
1407 2691 1472 2713 no-

96 2744 267 2779 bilitatem
284 2749 389 2778 semet
409 2744 519 2789 ipsam
538 2741 799 2787 praecipitasse3
823 2741 912 2784 quod
930 2746 968 2775 ut
983 2741 1147 2785 probaret
1170 2739 1291 2774 statim
1311 2738 1470 2774 subiicit:

163 2816 218 2859 ΙΙ.
1128 2811 1193 2853 16
