1630 3034
150 161 207 201 32
526 160 568 200 G.
603 158 926 200 SALLUSTI
961 160 1183 202 CRISPI

150 288 405 335 cognomen
455 288 509 316 ex
557 274 716 318 virtute
764 274 868 330 fuit,
926 277 1067 319 multa
1114 284 1158 320 et
1205 279 1436 336 praeclara
1481 281 1542 323 rei

149 373 344 416 militaris
391 370 591 421 facinora
638 371 828 429 fecerat,
878 373 937 417 ob
983 389 1099 431 quae
1136 374 1261 417 victis
1300 374 1542 435 Carthagi-

146 497 176 530 si
200 495 249 528 ita
270 493 401 536 ceperis
429 492 650 526 sententiam:
689 493 839 526 Antonio
863 506 1109 538 nusquam,
1149 495 1217 528 uisi
1238 497 1273 528 in
1295 497 1348 529 his
1371 497 1541 540 partibus,

145 561 198 591 est
215 567 284 600 quo
302 567 338 588 se
356 553 512 597 recipiat.
563 554 605 586 Et
623 553 671 586 ita
690 554 779 587 solet
796 555 903 598 recipi
919 555 1066 588 verbnm
1085 556 1238 589 construi
1259 555 1286 589 si
1308 557 1450 599 propria
1475 557 1542 589 lo-

146 620 185 653 ci
207 618 323 658 notio,
359 616 435 649 nbi
458 614 591 657 aliquid
612 613 798 657 recipitur,
823 617 899 649 sola
921 617 1037 657 valet3
1070 628 1105 650 v,
1124 617 1223 650 Auct.
1248 617 1290 650 B.
1312 616 1415 660 Hisp.
1436 628 1465 649 c.
1482 614 1540 659 IV,

143 680 178 713 2.
219 678 374 712 Larinati
390 677 457 710 viri
476 677 512 709 in
541 677 636 720 equis
658 676 882 719 recipiuntur.
932 677 1036 710 ovid.
1060 677 1204 711 Heroid.
1228 678 1284 719 VI,
1303 677 1361 712 20.
1402 678 1441 710 1η
1458 678 1543 711 mihi

141 739 300 785 promissi
319 744 422 783 parte
445 742 582 781 recepta
605 737 682 769 tori.
731 736 780 769 111.
803 737 887 770 Met.
912 738 958 777 1!‚
980 738 1059 772 22¹9.
1097 740 1289 782 Sideraque
1318 739 1352 770 in
1382 739 1474 771 cocio
1499 757 1540 762 —

142 807 292 845 recepta.
342 799 478 833 Pariter
501 797 529 830 si
554 797 644 840 apud
669 797 808 832 Petron.
834 809 863 832 c.
889 799 984 833 XIX.
1019 799 1167 844 legitur:
1196 800 1289 833 vetui
1308 799 1353 832 in
1374 798 1450 831 hoc
1470 799 1540 831 di·
1578 794 1587 804 '

143 862 346 897 versario
375 869 580 904 quemquam
607 858 771 900 admitti,
798 859 834 892 id
859 864 1014 903 re3pectu
1039 872 1162 894 eornm
1187 860 1246 904 qui
1270 860 1404 893 suntin
1427 860 1543 892 diver—

141 925 231 958 sorio
256 923 388 956 dictum
412 923 481 961 est,
504 930 571 951 non
596 929 718 951 eorum
743 919 801 962 qui
827 920 863 952 in
890 920 927 953 id
952 922 1093 956 admitti
1121 922 1284 965 cupiunt3
1319 925 1353 953 et
1377 919 1406 952 si
1431 920 1542 953 Varro

141 986 184 1018 tle
207 985 246 1018 L.
270 985 310 1017 L.
339 982 396 1016 lv,
423 980 509 1014 dixit
535 990 604 1024 qua
628 979 671 1012 in
702 980 860 1013 Coelio
887 988 1037 1016 monte
1062 983 1152 1024 itur,
1177 983 1211 1016 id
1236 993 1303 1015 non
1330 981 1440 1014 alium
1464 966 1541 1014 seii—

139 1057 218 1080 snm
241 1045 351 1078 habet
376 1041 444 1075 nisi
463 1042 576 1074 hunc:
618 1050 688 1084 qua
718 1039 766 1081 ii,
802 1040 860 1084 qui
887 1040 921 1073 in
948 1041 1068 1075 Coelio
1094 1048 1211 1077 monte
1234 1043 1305 1076 iam
1331 1046 1425 1084 sunt,
1459 1046 1543 1076 eunt

141 1110 175 1140 et
198 1105 383 1145 incedunt,
415 1114 526 1146 neque
551 1102 592 1136 de
619 1101 661 1135 iis
686 1101 836 1146 cogitari
861 1106 992 1145 potest,
1031 1103 1110 1146 qni,
1136 1115 1244 1146 quum
1269 1115 1337 1137 non
1361 1105 1396 1138 in
1421 1104 1542 1138 Coelio

139 1167 230 1207 sint,
262 1177 342 1198 eum
367 1168 522 1197 montem
548 1166 676 1206 petant.
724 1162 794 1196 Ubi
820 1163 911 1196 enim
937 1163 972 1196 id
997 1165 1087 1206 quod
1113 1166 1221 1197 verbo
1246 1165 1452 1199 enunciatur
1473 1177 1541 1198 nou

139 1228 243 1262 aliter
267 1229 378 1271 potest
403 1236 509 1269 quam
534 1224 584 1257 ita
608 1222 780 1268 cogitari,
815 1229 854 1258 nt
889 1225 933 1258 ad
967 1224 1110 1268 aliquod
1144 1225 1339 1266 obiectum,
1375 1229 1552 1269 tanquam.

140 1289 183 1322 ad
215 1289 340 1328 finem,
376 1290 505 1330 spectet
538 1290 573 1318 et
607 1285 797 1328 pertineat,
830 1285 922 1319 istud
949 1285 1126 1318 obiectum
1152 1297 1174 1320 a
1197 1287 1260 1320 tali
1285 1287 1394 1320 verbo
1418 1298 1480 1331 per
1504 1288 1538 1320 in

140 1349 433 1393 praepositionem
466 1351 587 1390 aptum
621 1347 717 1379 nullo
750 1349 852 1390 pacto
887 1345 1044 1379 ablativo
1068 1346 1186 1380 offerri
1211 1352 1340 1391 potest,
1375 1348 1441 1382 nisi
1464 1348 1542 1392 quis

138 1409 344 1454 contemptis
375 1408 537 1442 omnibus
568 1411 662 1441 recte
693 1406 870 1451 cogitandi
903 1407 1041 1452 legibus
1081 1408 1229 1441 rusticos
1264 1409 1400 1452 potius,
1435 1421 1540 1453 quam

139 1471 289 1514 optimos
325 1469 463 1503 dicendi
493 1472 654 1502 auctores
693 1467 791 1511 sequi
823 1467 920 1503 velit.
968 1468 1087 1511 Quare
1126 1470 1327 1513 praefracte
1369 1482 1541 1515 negamus

137 1532 206 1565 dici
229 1543 341 1576 posse,
365 1534 426 1564 ant
450 1541 604 1572 unquam
632 1540 653 1562 a
677 1529 787 1572 probo
811 1527 981 1572 scriptore
1005 1529 1136 1563 (lictum
1161 1541 1246 1572 esse,
1273 1533 1306 1565 iu
1333 1538 1454 1566 senatu
1480 1545 1539 1566 vc-

136 1594 236 1636 m're,
271 1593 305 1625 in
342 1602 412 1635 qua
434 1589 603 1624 sententia
628 1594 679 1623 est
705 1590 787 1622 Gor.
812 1590 863 1622 10.
889 1589 986 1622 Voss.
1012 1589 1054 1620 ‹lc
1080 1590 1215 1626 Constr.
1241 1604 1269 1625 c,
1296 1593 1364 1627 Μ’,
1390 1605 1423 1637 p,
1446 1593 1539 1635 585„

137 1658 200 1688 aut
223 1655 259 1687 in
284 1654 385 1697 agris
408 1652 558 1693 abire,
595 1655 655 1684 aut
680 1651 715 1683 in
741 1650 892 1684 hostibus
916 1650 1194 1693 proficisci,
1230 1656 1291 1686 aut
1314 1665 1387 1686 rem
1418 1654 1452 1686 ιἰι
1474 1666 1538 1697 po-

139 1720 264 1749 testate
289 1714 435 1747 alicuius
460 1713 768 1752 committere,
794 1714 854 1745 aut
871 1710 905 1744 in
925 1715 1107 1753 conspectu
1128 1711 1276 1745 alicuius
1301 1715 1480 1754 venire,
1505 1717 1539 1748 et

137 1787 225 1820 quae
248 1779 327 1810 sunt
360 1775 416 1808 his
440 1773 698 1818 stribligiuibus
721 1772 874 1811 similia3
908 1782 1020 1814 neque
1045 1782 1107 1804 nos
1140 1778 1260 1806 movet
1284 1774 1377 1817 quod
1401 1773 1539 1808 Cortins

136 1838 178 1871 ad
207 1837 293 1871 Sall.
319 1836 395 1870 Cat.
417 1835 525 1876 xm,
546 1835 579 1869 3.
606 1833 765 1868 lVassius
790 1833 835 1866 ad
860 1832 936 1866 Cat.
960 1832 1055 1873 XIX,
1077 1832 1110 1865 2.
1136 1833 1328 1867 Burmann.
1354 1838 1388 1867 ct
1412 1833 1538 1868 Scher-

137 1899 202 1934 f‹·r.
237 1898 281 1931 ad
316 1897 466 1932 Phaedr.
498 1896 609 1930 Fabb.
634 1896 676 1938 V,
702 1895 737 1936 1,
760 1894 818 1929 25.
863 1893 1012 1928 Linacer
1044 1893 1098 1927 Vl.
1133 1906 1164 1937 p.
1198 1894 1280 1930 631.
1324 1895 1536 1929 Rnddiman.

133 1959 259 1996 lustitt.
285 1959 446 1992 Gramm.
483 1957 528 1991 T.
556 1957 597 1990 ll.
632 1968 665 2001 p.
691 1956 772 1990 326.
810 1955 956 1989 Vossius
980 1955 1003 1989 l.
1033 1955 1079 1997 1.,
1116 1956 1198 1998 alii,
1236 1955 1369 1991 talibus
1399 1955 1538 1999 ineptiis

133 2021 272 2064 patroni
311 2019 473 2054 existunt.
520 2020 557 2053 1n
601 2017 844 2063 grammaticis
881 2016 974 2050 euim
1007 2017 1112 2050 rebus
1144 2017 1319 2051 subtiliter
1344 2016 1539 2051 iudicandis

134 2083 230 2116 nulla
262 2080 334 2115 illis
367 2084 418 2114 est
450 2078 650 2115 auctoritas.
701 2077 881 2121 Corruptis
917 2080 1035 2111 antem
1068 2077 1154 2112 locis
1177 2082 1211 2112 et
1234 2089 1255 2112 a
1279 2077 1451 2120 scriptura
1476 2089 1536 2120 pa·-

135 2154 212 2175 rum
240 2141 344 2175 certis
368 2153 427 2174 eos
450 2141 607 2175 seductos
637 2139 744 2173 suissc
768 2139 942 2172 neminem
969 2139 1099 2184 fugiet,
1135 2139 1194 2183 qui
1230 2137 1423 2182 exemplis,
1458 2137 1536 2181 qui-

134 2205 198 2237 bus
231 2203 404 2243 nituntur,
441 2200 641 2235 accuratius
674 2199 863 2243 exploratis
888 2199 1113 2244 cognoverit,
1151 2200 1210 2234 vix
1237 2211 1343 2234 unum
1369 2200 1537 2233 alterum-

135 2276 203 2307 que
235 2263 392 2296 codicem
424 2261 619 2296 ablativum
652 2261 839 2302 exhibere,
879 2260 1029 2293 relicuos
1061 2261 1117 2293 vel
1142 2260 1381 2294 accusativum
1409 2264 1537 2301 tenere,

139 2325 191 2356 vv!
217 2323 357 2356 omnino
382 2323 424 2356 «lc
448 2322 609 2356 codicum
633 2321 804 2365 scriptura
828 2331 952 2365 parum
978 2324 1146 2354 constare.
1195 2322 1314 2364 Quare
1336 2320 1435 2353 unice
1453 2331 1535 2364 pro-

137 2385 262 2417 bamus
288 2384 434 2428 prndens
460 2387 494 2417 ct
518 2383 810 2426 circinuspectum
836 2380 1076 2424 Oudendorpii
1108 2380 1297 2421 indicium,
1331 2381 1376 2415 ud
1407 2381 1535 2415 Caesa-

136 2457 209 2478 rem
242 2446 296 2478 vel
323 2445 436 2488 potius
460 2445 550 2477 llirt.
576 2443 618 2476 dc
644 2445 686 2476 B.
714 2444 759 2476 G.
786 2443 877 2483 vlu,
902 2442 937 2482 8,
961 2441 994 2476 -Ι,
1029 2443 1210 2476 statuentis
1241 2443 1328 2476 haec
1361 2441 1403 2475 ad
1439 2440 1534 2474 codi-

136 2518 214 2539 cum
241 2505 486 2539 auctoritatem
514 2509 603 2537 rcctc
628 2505 849 2537 aestimatam
883 2503 1054 2548 exigenda
1077 2515 1170 2544 esst-3
1207 2513 1228 2537 a
1262 2501 1440 2535 codicibus
1470 2512 1531 2535 nu-

136 2572 205 2600 tvm
232 2567 290 2600 ubi
317 2566 451 2599 nullum
477 2565 690 2608 praesidium
716 2566 786 2603 cst,
822 2574 889 2595 nou
922 2563 1123 2597 dubitamus
1153 2575 1172 2595 c
1208 2563 1409 2596 coniectura
1440 2561 1532 2605 quod

137 2634 234 2662 rocta
267 2627 357 2661 ratio
390 2627 540 2670 postiilnt
573 2637 759 2668 reponere,
795 2625 889 2657 velut
924 2624 958 2656 in
994 2623 1080 2656 Sall.
1115 2623 1298 2667 Fragmm.
1331 2621 1422 2656 nist.
1446 2622 1474 2663 l,
1498 2621 1532 2656 9.

139 2689 235 2723 Gerl.
264 2688 322 2721 ubi
349 2700 492 2732 quorum
517 2688 558 2721 in
584 2687 791 2731 gratiam
816 2685 972 2729 plerique
1007 2687 1338 2717 concesserant
1372 2680 1529 2714 scriben-

136 2748 319 2782 «lum-esso
342 2760 405 2782 suo
431 2748 508 2781 loco
532 2747 762 2781 ostendemus.
786 2747 886 2790 Quae
911 2755 1019 2789 quum
1043 2743 1092 2778 ita
1115 2743 1194 2783 sint,
1217 2752 1408 2787 paucorum
1433 2740 1530 2775 codd.
