1630 3034
497 188 869 238 IUGURTHA.
929 198 1051 243 CAP.
1079 201 1155 245 ΠΙ.
1472 218 1528 258 15

131 299 166 342 is
197 298 304 357 fuit,
340 302 494 362 utique
522 307 625 365 tuti,
660 314 737 356 aut
766 326 821 355 eo
846 316 991 376 magis
1019 316 1195 365 honesti
1220 330 1333 371 sunt.
1402 328 1557 379 Nam2

128 467 202 500 stra
226 466 356 512 obniti,
379 469 547 506 dementis
569 475 641 515 est3
675 474 823 521 denique
845 478 967 524 paucis
990 485 1188 526 potentibus
1211 488 1394 527 humiliter
1415 495 1525 531 inser-

126 524 214 570 vire,
238 532 278 562 nt
300 540 422 565 eorum
444 532 563 576 gratia
586 538 723 570 tantum
747 540 867 582 possis,
891 548 1060 586 quantum
1083 546 1136 582 illi
1157 549 1275 593 velint,
1300 552 1523 593 inhonestum

125 589 160 620 et
190 588 422 631 perniciosum
441 596 517 626 '‘est.
573 595 603 628 A
628 599 807 640 republica
833 601 944 647 igitur
965 609 1118 650 gerenda
1140 611 1244 653 plane
1266 615 1521 655 abstinendum.

215 648 341 693 honos]
370 651 487 686 Etiam
512 653 682 700 singulari
710 670 855 696 numero
879 664 1041 700 honorem
1065 669 1108 703 de
1132 682 1275 707 munere
1297 677 1438 719 publico
1462 681 1521 714 vel

121 706 332 751 magistratu
357 711 425 745 dici
449 713 521 748 iam
546 717 684 751 Cottius
711 722 864 765 notavit,
890 726 972 762 coll.
994 728 1072 762 Liv.
1097 732 1204 775 XLII,
1228 734 1286 777 22,
1311 736 1344 770 7.
1372 751 1437 782 quo
1462 742 1520 775 die

118 767 201 800 novi
229 770 460 814 magistratus
486 775 612 810 inituri
650 786 753 815 erant
785 783 1012 825 honorem.
1059 790 1132 828 Cic.
1154 793 1190 827 in
1214 796 1311 832 Verr.
1335 799 1378 840 II,
1403 800 1436 842 5,
1461 801 1518 838 14.

118 825 178 860 Ita
201 835 423 871 quaestor
447 845 522 867 sum
535 839 677 881 factus,
710 845 751 875 ut
771 845 858 878 mihi
880 847 1093 885 honorem
1117 854 1216 889 illum
1242 869 1310 891 non
1327 862 1434 895 solum
1452 864 1517 897 da-

116 890 202 929 tum,
226 889 287 923 sed
304 892 410 925 etiam
430 896 597 930 creditum
615 905 746 943 putem.
795 905 848 940 De
872 908 977 942 honos
999 911 1127 952 sonna,
1152 926 1221 949 non
1245 918 1415 956 Sallustio
1439 927 1516 958 tan-

114 949 201 990 tum,
226 951 286 983 sed
310 953 418 987 etiam
442 955 601 992 Ciceroni
628 963 793 1006 probata,
826 978 864 1001 v.
887 970 1027 1013 Zumpt.
1053 973 1211 1009 Gramm.
1237 979 1314 1014 Lat.
1341 985 1372 1024 g.
1397 984 1455 1027 14,
1478 985 1516 1019 9.

112 1008 147 1042 d.
171 1021 206 1053 p.
233 1011 290 1046 47.
328 1016 364 1046 et
386 1014 421 1047 in
445 1017 561 1052 Iahnii
593 1022 735 1057 Annall.
762 1027 892 1064 Philol.
918 1035 952 1064 et
974 1032 1130 1078 Paedag.
1164 1047 1196 1070 a.
1221 1039 1324 1077 1827.
1358 1044 1395 1082 Ι,
1421 1045 1453 1078 2.
1476 1058 1514 1091 p.

110 1068 191 1103 110.
213 1089 260 1095 —-
285 1073 330 1105 Is
347 1075 422 1116 fuit
444 1076 605 1114 firmatur
626 1085 833 1119 auctoritate
856 1088 1004 1125 duorum
1024 1095 1240 1139 codd.Rivii‚
1264 1104 1513 1141 nonnullorum

111 1128 276 1173 Gruteri,
309 1133 450 1169 Fabric.
470 1137 502 1170 2.
528 1137 717 1176 Einsiedel.
744 1145 864 1181 Guelf.
888 1149 921 1182 1.
947 1156 982 1186 et
1004 1151 1058 1196 5.,
1090 1156 1157 1190 nisi
1181 1161 1274 1202 quod
1299 1174 1340 1196 ex
1362 1165 1418 1199 his
1445 1179 1511 1211 po·-

107 1190 249 1224 stremis
278 1193 369 1227 alter
390 1194 499 1230 habet
529 1198 568 1233 is
593 1209 690 1244 erat,
729 1205 820 1240 alter
852 1209 890 1242 is
916 1212 984 1253 fit;
1020 1226 1132 1259 neque
1155 1222 1304 1255 multum
1329 1224 1512 1263 discedunt

109 1248 199 1284 Tur.
224 1251 259 1286 1.
284 1257 319 1287 et
341 1254 452 1289 Paris.
476 1269 529 1301 z.,
566 1272 608 1294 ex
633 1264 760 1306 quibus
783 1267 846 1301 ille
869 1281 917 1303 m.
944 1285 1034 1316 sec.,
1071 1277 1132 1311 hic
1155 1290 1201 1313 m.
1228 1293 1279 1326 pr.
1304 1285 1412 1321 habet
1435 1289 1508 1324 his

100 1310 186 1352 fuit.
233 1311 376 1347 Relicui
399 1327 518 1353 omnes
542 1326 603 1355 aut
625 1325 695 1358 vis
710 1329 787 1370 suit
811 1334 945 1374 teuent,
969 1339 1030 1368 aut
1053 1337 1124 1371 ius
1141 1342 1234 1382 suit,
1258 1347 1350 1386 qnod
1373 1348 1505 1383 hucus-

103 1433 319 1469 vocabulum
341 1436 592 1476 defendendum
615 1457 657 1478 ex
681 1453 882 1494 antegresso
914 1454 1018 1488 honos
1042 1458 1195 1502 suppleri
1226 1462 1323 1500 iubet
1352 1468 1502 1514 honoris,

102 1492 183 1527 coll.
207 1493 286 1530 Liv.
308 1497 336 1539 1,
361 1496 420 1539 49,
444 1498 478 1533 3.
504 1501 558 1535 ius
584 1508 699 1550 regni,
723 1515 758 1543 et
781 1512 895 1547 Tacit.
915 1515 1001 1552 Ann.
1021 1518 1112 1561 XIV,
1137 1521 1193 1562 50,
1217 1525 1309 1559 med.
1336 1528 1502 1566 honorum

99 1552 176 1592 ius5
214 1563 326 1599 neque
349 1557 442 1592 enim
465 1563 558 1604 apud
590 1565 797 1604 Sallustium
822 1574 897 1607 ullo
931 1578 1035 1610 modo
1059 1582 1168 1624 genit.
1199 1587 1354 1630 suppleri
1376 1596 1501 1636 potest,

98 1615 135 1646 et
167 1611 204 1646 in
228 1615 376 1651 laudatis
408 1624 574 1666 exemplis
602 1627 656 1660 ius
680 1633 859 1675 propriam
892 1637 966 1670 vim
1000 1650 1069 1672 non
1091 1642 1196 1685 plane
1232 1646 1403 1691 deposuit.
1460 1655 1501 1687 ld

96 1672 244 1709 sentiens
277 1677 486 1716 Gerlachius
514 1684 569 1718 ins
590 1685 685 1722 idem
718 1703 791 1727 esse
824 1694 911 1730 dicit
934 1703 1039 1741 atque
1059 1708 1269 1744 potestatem
1298 1711 1354 1743 vel
1388 1714 1498 1758 impe-

94 1733 208 1777 rium,
248 1739 341 1780 quod
361 1741 491 1783 pariter
513 1745 602 1780 ferri
623 1750 753 1792 nequit.
803 1754 862 1788 Ius
885 1757 978 1792 enim
1001 1771 1066 1802 pro
1091 1763 1252 1808 legitima
1275 1773 1409 1807 tantum
1432 1787 1496 1819 po-

94 1796 239 1838 testate,
275 1810 454 1843 nunquam
480 1815 542 1847 pro
564 1812 724 1850 potentia
758 1813 827 1847 dici
854 1821 966 1859 potest
995 1821 1055 1863 (V.
1080 1835 1171 1866 quae
1192 1828 1235 1861 de
1258 1834 1437 1873 potentiae
1460 1841 1496 1871 et

89 1858 273 1897 potestatis
300 1859 500 1898 discrimine
524 1867 673 1903 diximus
697 1873 743 1905 ad
768 1872 844 1909 cat.
867 1878 1069 1924 XXXVIII,
1093 1885 1126 1920 1.
1160 1899 1193 1931 p.
1218 1889 1297 1924 177.
1322 1896 1402 1928 coll.
1425 1897 1493 1931 Er-

89 1915 202 1950 aestio
226 1918 270 1951 ad
295 1908 409 1956 Tacit·
433 1925 568 1962 Histor.
588 1930 764 1978 1‚1‚in.)‚
790 1947 901 1980 neque
924 1939 954 1972 is
975 1952 1057 1976 usus
1079 1944 1153 1979 sine
1178 1950 1296 1985 addito
1320 1956 1492 1993 adiectim

89 1975 149 2008 vel
180 1977 338 2021 genitivo
360 1980 461 2026 licet3
497 1998 609 2030 quare
633 1992 796 2035 Tacitus,
832 2003 1010 2042 receptam
1035 2002 1170 2041 dicendi
1194 2011 1365 2048 rationem
1390 2018 1489 2052 ‹lese-

88 2046 178 2078 reu8‚
204 2039 291 2074 dixit
309 2042 448 2081 Annall.
464 2046 493 2087 1,
520 2048 554 2089 1,
579 2050 625 2084 in.
652 2053 866 2089 tribunorum
891 2061 1037 2095 militum
1063 2071 1307 2107 consulare
1330 2075 1410 2111 ius.
1436 2080 1484 2113 ib.

87 2094 125 2136 Ῑ,
148 2096 206 2139 10,
231 2099 279 2135 in,
303 2102 358 2136 ius
374 2108 558 2146 praetoris.
606 2112 709 2153 XIII,
733 2114 790 2156 21,
815 2118 904 2153 med.
929 2127 1172 2163 proconsulare
1193 2130 1256 2165 ius.
1306 2136 1354 2170 [t
1375 2137 1486 2182 igitur

85 2153 200 2191 honor
221 2159 258 2193 vi
283 2166 343 2195 aut
367 2165 471 2199 malis
504 2168 638 2203 artibus
663 2176 782 2214 partus
806 2178 925 2220 nequit
944 2187 1100 2224 potestas
1123 2192 1265 2235 vocari,
1302 2195 1352 2230 ita
1375 2200 1483 2235 etiam

87 2213 141 2247 ius
174 2215 214 2249 h.
237 2217 262 2251 l.
287 2231 355 2254 non
379 2228 493 2265 potest
525 2234 732 2270 potestatem
756 2233 964 2278 significare.
1025 2245 1122 2280 Nihil
1146 2256 1264 2287 autem
1286 2255 1482 2302 simplicius

85 2284 170 2316 esse,
195 2287 301 2319 quam
325 2281 355 2314 is
377 2287 581 2325 pronomine
603 2290 773 2327 honorem
797 2296 917 2332 virtuti
942 2301 1096 2339 debitum
1121 2314 1247 2355 opponi
1271 2317 1396 2354 honori
1418 2335 1480 2367 per

83 2334 246 2372 fraudem
271 2350 488 2386 comparato,
511 2348 636 2392 quivis,
663 2353 797 2397 opinor,
819 2359 951 2402 sentiet,
975 2374 1085 2408 neque
1108 2373 1261 2415 amplius
1282 2379 1336 2413 ius
1360 2383 1478 2419 defen-

82 2394 141 2429 det
163 2407 206 2430 ex
229 2399 284 2434 vis
306 2407 438 2446 natum,
463 2407 498 2441 iu
522 2410 615 2452 quod
640 2412 753 2448 facilis
778 2423 853 2452 erat
877 2432 919 2454 ex
942 2423 973 2456 is
996 2425 1124 2468 lapsus.
1152 2451 1197 2459 --
1226 2437 1391 2484 Utique
1415 2451 1475 2480 tu-

80 2456 112 2490 ti
134 2462 294 2493 constans
317 2473 427 2505 paene
450 2470 606 2504 omnium
629 2474 749 2516 codd.,
774 2478 881 2514 etiam
905 2485 1137 2533 optimorum,
1173 2500 1224 2530 est
1245 2499 1366 2544 lectio,
1392 2517 1474 2541 con-

79 2516 220 2554 firmata
242 2532 380 2567 quoque
402 2525 465 2569 iis,
503 2531 565 2573 qni
587 2532 719 2569 hahent
747 2540 818 2572 uti
840 2543 919 2577 tuti.
980 2547 1019 2581 In
1043 2554 1215 2589 nonnullis
1238 2562 1353 2596 tamen
1378 2566 1473 2602 deest

78 2578 225 2623 vocula,
251 2584 377 2625 quibus
400 2587 547 2623 editores
572 2602 689 2628 ornnes
712 2608 894 2642 perperam
919 2616 1127 2655 paruerunt,
1163 2628 1301 2654 sensum
1325 2635 1393 2659 non
1416 2638 1472 2663 as-

77 2640 199 2674 secuti.
246 2643 325 2678 Hoc
349 2645 441 2680 enim
465 2649 549 2683 dicit
573 2651 780 2692 Sallustius:
806 2662 927 2699 fraude
953 2668 1121 2706 honorem
1146 2677 1261 2721 adepti
1285 2695 1350 2717 non
1369 2698 1470 2730 pror-
