1630 3034
105 183 163 223 ‘10
268 144 270 146 v
481 177 527 220 C.
557 175 877 220 SALLUSTI
908 175 1129 220 CRISPI

109 296 187 340 ubi
230 294 369 354 legati
424 294 528 337 satis
581 291 842 350 confidunt,
891 291 967 337 die
1014 293 1253 338 constituto
1309 292 1500 338 Senatus

110 392 308 449 utrisque
357 389 501 436 datur.
583 390 706 435 Tum
749 388 1060 434 Adherbalem
1102 389 1194 434 hoc
1240 388 1378 434 modo
1428 391 1501 434 lo·-

111 493 261 532 cutum
289 487 559 547 accepimus.

248 583 369 629 XIV.
438 583 626 639 „Patres
670 582 924 642 conscripti.
971 581 1168 643 Micipsa
1211 588 1342 643 pater
1376 598 1502 627 meus

111 681 306 725 moriens
341 679 451 724 mihi
484 680 740 741 praecepit,
773 680 838 723 uti
871 678 1000 739 regni
1034 679 1272 724 Numidiae
1305 685 1504 723 tantum-

111 777 250 822 modo
296 777 663 838 procurationem
713 776 1026 822 existumarem
1078 791 1258 833 meam‚
1306 781 1506 821 ceterum

211 940 302 975 xlv.
352 940 387 985 ἕ.
410 940 445 975 l.
491 940 577 974 mihi
596 939 790 986 praecepit]
814 939 1012 972 Pronomen
1028 939 1132 981 mihi,
1156 951 1178 974 a
1200 939 1319 976 Cortio
1343 941 1505 985 eiectum,

112 1001 196 1046 quia
217 1001 255 1036 in
279 1001 431 1046 quinque
455 1002 554 1035 codd.
583 1005 664 1046 post
693 1000 873 1045 praecepit
896 999 1048 1044 legitur,
1082 1012 1166 1035 cum
1191 1002 1381 1037 Gerlachio
1403 1014 1506 1037 revo-

112 1062 281 1097 cavimus.
326 1063 443 1107 Aegre
465 1063 559 1097 enim
584 1074 626 1097 eo
648 1072 779 1103 careas,
804 1071 911 1104 quum
932 1060 1110 1095 Adherbal
1134 1061 1170 1095 iu
1186 1066 1259 1096 tota
1282 1062 1440 1097 oratione
1466 1075 1508 1098 ea

113 1123 267 1159 maxime
290 1124 444 1166 afferat,
469 1135 559 1168 quae
582 1124 626 1158 ad
650 1134 750 1156 suam
775 1132 960 1166 personam
983 1126 1154 1164 spectent,
1187 1135 1258 1166 qua
1282 1134 1351 1156 non
1371 1123 1508 1168 signifi-

113 1187 194 1219 cata
215 1195 346 1229 vagam
380 1186 490 1219 verba
522 1185 728 1219 sententiam
758 1183 891 1217 habere
919 1181 1090 1217 videntur.
1138 1183 1208 1218 Sed
1232 1184 1344 1217 multo
1370 1195 1510 1226 perver-

113 1245 186 1281 sius
213 1244 351 1279 Cottius
373 1245 490 1278 statim
517 1248 596 1288 post
618 1245 744 1278 edidit:
766 1244 820 1277 uti
842 1254 1031 1288 regnum
1058 1243 1249 1278 Numidiae
1271 1245 1509 1278 tantummodo

113 1306 461 1351 procuratione
493 1307 729 1340 existimarem
760 1315 920 1346 meum,
954 1315 1043 1347 quae
1075 1304 1248 1348 scriptura
1279 1315 1302 1339 a
1338 1304 1511 1338 librorum

114 1367 184 1400 fide
207 1367 307 1400 nulla
335 1370 407 1406 est,
441 1376 463 1400 a
495 1366 632 1401 dicendi
664 1379 731 1402 usu
764 1367 917 1408 vitiosa,
954 1376 976 1398 a
1010 1376 1112 1399 sensu
1143 1365 1272 1408 inepta.
1320 1365 1510 1410 Vulgatam

115 1427 209 1462 euim
234 1438 353 1460 omnes
377 1427 475 1460 codd.
501 1432 659 1471 tuentur,
683 1427 750 1461 nisi
774 1427 865 1470 quod
889 1426 925 1459 in
950 1426 1067 1460 Guelf.
1097 1426 1154 1460 10.
1179 1431 1213 1460 et
1235 1425 1272 1459 in
1296 1425 1385 1458 Tur.
1412 1427 1444 1460 l.
1460 1437 1508 1460 m.

116 1499 168 1532 pr.
194 1487 323 1531 legitur
345 1498 490 1532 regno
519 1489 624 1523 Num.
650 1493 684 1524 et
707 1489 742 1522 in
768 1487 917 1521 Eccard.
943 1486 1062 1521 Guelt'.
1085 1487 1119 1521 6.
1135 1486 1169 1520 9.
1199 1485 1293 1520 Lcid.
1319 1486 1356 1519 C.
1383 1486 1458 1520 Vat.
1478 1486 1512 1520 2.

117 1548 205 1583 Min.
231 1548 266 1583 2.
290 1559 405 1593 regn
418 1560 481 1581 um
507 1549 613 1583 Num.
641 1561 710 1593 quo
734 1549 829 1582 nisus
854 1546 992 1581 Coi-tius
1015 1559 1123 1591 quum
1147 1548 1182 1581 in
1211 1546 1328 1580 Guelf.
1353 1546 1386 1580 6.
1414 1545 1513 1580 inve-

118 1609 226 1643 nisset
253 1609 581 1653 procuratioc-ncm
605 1609 837 1643 inconsultam
869 1607 1014 1641 tentavit
1047 1605 1290 1640 mutationem.
1341 1607 1437 1641 Tum
1461 1608 1515 1641 vi-

118 1669 270 1702 dendum
291 1680 336 1702 ne
362 1680 487 1712 parum
511 1670 659 1705 latinum
683 1670 744 1712 sit,
769 1669 798 1703 si
821 1668 941 1711 aliqua
964 1679 1019 1701 res
1041 1666 1198 1701 ablativo
1221 1667 1375 1700 verbalis
1398 1669 1514 1701 nomi-

118 1729 172 1764 nis
196 1729 309 1773 posito
334 1730 483 1764 alicuius
515 1742 587 1765 esse
611 1732 666 1765 vel
690 1731 777 1775 fieri
809 1729 957 1763 dicatur.
1005 1727 1182 1770 Denique,
1214 1727 1306 1771 quod
1344 1728 1515 1773 gravissi-

117 1802 236 1832 mum,
270 1802 339 1824 non
374 1790 442 1824 sibi
475 1798 695 1835 opponuntur
729 1801 922 1837 regnum
958 1788 1150 1822 Numidiae
1183 1792 1218 1822 et
1249 1789 1346 1823 eius
1380 1790 1514 1834 impe-

120 1851 254 1893 rium,
287 1851 347 1886 sed
374 1851 563 1886 Numidiae
593 1852 878 1897 procuratio
911 1853 946 1884 et
977 1850 1052 1884 eius
1082 1849 1326 1893 imperium
1359 1855 1402 1885 et
1432 1851 1516 1894 ius,

124 1912 214 1946 uude
235 1911 339 1946 simul
364 1912 583 1956 consequitur
606 1925 788 1959 perperam
813 1925 834 1948 a
859 1910 979 1946 Cottio
1015 1911 1087 1944 eius
1111 1910 1280 1944 omissum
1303 1921 1399 1953 esse,
1435 1912 1518 1948 licet

121 1972 156 2006 in
173 1972 272 2006 codd.
297 1972 396 2006 nivii
414 1997 425 2013 ‚
447 1972 582 2016 aliquot
605 1975 802 2018 Cottianis,
824 1974 921 2009 Leid.
941 1973 979 2006 E.
1005 1971 1084 2005 Vnt.
1107 1970 1141 2005 5.
1167 1974 1201 2005 et
1221 1972 1327 2005 Barb.
1357 1972 1391 2006 6.
1418 1973 1516 2009 desit.

122 2034 219 2068 Istud
245 2034 379 2067 factum
404 2034 614 2070 Gerlaclrius
639 2036 674 2069 in
700 2041 796 2071 textu
820 2032 1033 2079 improbavit
1049 2057 1057 2070 .
1090 2032 1150 2065 sed
1184 2031 1220 2065 in
1246 2033 1456 2067 Commentt.
1481 2046 1514 2078 p.

121 2093 203 2128 232.
236 2093 356 2128 Cortio
379 2096 589 2138 assentitur,
621 2101 696 2131 tum
721 2100 862 2141 propter
889 2095 975 2127 duos
1005 2092 1103 2126 codd.
1128 2092 1231 2133 Itan„
1254 2097 1328 2127 tum
1353 2094 1438 2137 quia
1461 2107 1518 2130 ce-

122 2162 234 2191 terum
258 2155 418 2189 membra
438 2157 605 2192 orationis
629 2162 701 2192 tam
725 2162 820 2190 arcte
844 2155 1003 2199 copulet,
1028 2157 1064 2187 ut
1086 2153 1191 2198 regni
1215 2155 1321 2189 ctiam
1339 2157 1382 2189 ad
1406 2157 1461 2190 ius
1483 2161 1521 2191 ot

121 2217 304 2260 imperium
334 2217 458 2250 referri
489 2218 606 2260 possit.
655 2218 758 2261 Quod
791 2227 1006 2260 quamquam
1041 2227 1108 2248 non
1144 2226 1254 2260 nego,
1297 2221 1413 2250 tumen
1446 2218 1519 2252 eius

122 2277 313 2313 sententiae
347 2278 630 2322 perspicuitatem
655 2279 758 2313 valde
791 2279 960 2318 adiuvat,
994 2288 1084 2320 quae
1117 2277 1191 2310 sine
1213 2276 1369 2320 genitivo
1393 2290 1519 2322 prouo-

124 2339 228 2373 minis
253 2338 357 2372 [acilo
387 2350 451 2381 pro
485 2340 642 2383 generali
676 2340 754 2384 cupi
786 2339 903 2383 possit.
951 2339 1005 2373 Ad
1041 2338 1109 2371 hoc
1140 2338 1520 2381 praestantissimorum

124 2400 223 2434 codd.
249 2399 406 2433 omnium
436 2400 626 2434 auctoritas
648 2401 780 2444 aliquid
814 2401 927 2441 valet,
962 2398 1020 2432 cui
1043 2399 1210 2433 Gerlach.
1234 2399 1270 2433 in
1301 2401 1353 2434 ed.
1387 2399 1522 2434 minore

123 2460 229 2494 etium
254 2460 382 2504 paruit.
430 2462 589 2495 Ceterum
613 2461 788 2505 quomodo
816 2462 889 2494 vim
912 2460 972 2494 sed
996 2460 1188 2504 particulae
1212 2460 1364 2504 accipiat
1386 2461 1519 2496 dietum

122 2526 176 2556 est
198 2522 242 2556 ad
266 2533 295 2554 c.
314 2521 357 2562 ll,
380 2520 413 2554 4.

214 2593 274 2615 voa
300 2581 461 2625 affinium
487 2583 558 2616 loco
584 2582 755 2626 ducerem]
792 2582 844 2616 lta
866 2582 1019 2625 optimus
1042 2585 1076 2615 et
1100 2581 1360 2625 antiquissimus
1384 2581 1461 2615 Vat-
1481 2582 1516 2615 A.

125 2646 199 2676 tum
224 2642 380 2677 nonnulli
398 2654 439 2676 ex
456 2643 598 2676 Grutcri
616 2643 735 2686 libris,
761 2655 848 2686 quos
865 2643 923 2677 illo
948 2648 1082 2683 tamen,
1109 2653 1214 2677 verae
1238 2640 1396 2675 lectionis
1419 2640 1520 2685 igna-

125 2714 203 2744 rus,
236 2703 436 2738 recentioris
471 2703 596 2738 aetatis
626 2703 733 2745 dicit,
770 2715 812 2737 cx
838 2703 1030 2738 Wassiunis
1056 2704 1147 2737 nan.
1173 2703 1274 2737 Bodl.
1299 2706 1334 2736 ct
1356 2702 1519 2741 Marum

127 2763 218 2797 idem
231 2765 372 2798 ,hubent
389 2766 508 2801 δίκην.
528 2764 623 2798 Leid.
641 2764 684 2797 Κ.
705 2765 778 2797 cod.
805 2764 1017 2799 Riucrnhua.
1041 2764 1124 2801 Bau.
1140 2763 1174 2799 4.
1197 2764 1300 2798 Bora.
1316 2763 1351 2798 4.
1374 2762 1467 2798 Med.
1484 2764 1518 2797 8.
