1630 3034
382 90 555 130 RERUM
589 89 651 130 AC
685 89 957 130 VERBORUM
1326 87 1380 129 71

14 199 86 234 Quis
103 199 376 240 interrogativum
392 205 427 233 et
438 201 643 233 indefinitum
657 200 823 234 diversum
840 211 860 234 a
886 203 949 242 qui,
967 197 1008 234 C.
1025 201 1082 240 44,
1100 202 1132 232 5.

14 254 86 290 Quis
103 255 236 297 antique
254 265 310 298 pro
328 256 434 296 quibus
447 281 454 295 ,
484 255 508 288 Ι.
537 254 568 295 7,
587 256 618 289 6.
669 256 723 296 13,
742 256 773 289 6.
815 257 870 296 25,
889 257 921 289 4.
969 256 1025 297 31,
1044 257 1075 289 4.
1123 256 1179 295 66,
1198 257 1229 289 4.
1278 255 1333 291 80,
1349 256 1379 288 3.

56 308 113 350 80,
131 311 162 343 5.
215 310 289 350 105,
308 310 339 344 1.

13 376 178 416 Quisquam
193 378 259 409 vim
273 378 474 411 indefinitam
492 379 604 417 habet,
631 375 670 411 C.
691 379 746 418 52,
767 379 819 411 11.

15 431 181 473 Quisquam
204 433 371 466 diversum
388 434 429 466 ab
447 435 570 474 aliquis,
590 432 630 467 C.
651 434 705 473 36,
723 436 754 467 5.

17 487 181 528 Quisquam
198 488 364 521 diversum
382 500 400 521 a
421 491 557 530 quisque,
578 488 618 523 C.
640 492 671 529 5,
690 491 721 523 3.

18 543 179 584 Quisquam
198 544 368 577 confusum
387 556 458 578 cum
477 548 640 587 quispiam,
658 546 683 579 1.
702 547 758 586 45,
776 547 807 580 2.

16 599 146 640 Quisque
161 602 360 643 pronominis
383 603 514 644 propria
532 603 594 635 vis.
622 600 660 636 C.
681 604 713 641 5,
731 603 763 636 3.

16 655 146 696 Quisque
163 661 197 688 et
214 658 374 697 quisquam
391 657 540 697 confusa,
567 655 607 691 C.
628 660 659 698 5,
686 658 718 692 3.

17 711 148 751 Quisque
164 717 198 744 et
215 714 324 754 quippe
342 713 490 752 confusa,
516 713 539 745 Ι.
559 714 590 753 1,
608 715 641 746 4.

17 765 146 807 Quisque
163 772 197 800 et
214 770 380 809 quicunque
397 769 546 807 confusa,
575 766 614 801 C.
635 768 689 809 30,
708 770 739 802 6.

13 821 143 863 Quisque
169 821 420 860 ἀνακολούθως
438 825 596 857 ablativis
613 825 774 857 absolutis
793 826 1032 868 interpositum,
1052 825 1074 858 l.
1096 825 1149 865 18,
1169 825 1199 857 3.

17 877 147 919 Quisque
161 880 283 922 plurali
300 881 515 923 appositionis
533 881 567 912 vi
584 881 742 920 additum,
768 880 792 913 Ι.
812 880 843 920 1,
862 882 893 912 4.

10 934 145 975 Quisque
160 935 218 968 uhi
234 936 394 979 pluralem
410 937 504 970 verbi
521 937 585 969 sibi
603 937 783 978 adiungere
800 938 916 979 possit,
943 933 983 969 C.
1004 936 1035 975 6,
1060 937 1093 969 2.
1143 935 1175 974 7,
1197 935 1223 967 l.
1275 932 1315 966 37
1321 960 1329 972 ,
1348 935 1379 966 6.

106 990 162 1030 43,
181 991 212 1023 1.

17 1057 147 1098 Quisque
164 1068 227 1089 non
243 1058 365 1100 ubique
383 1059 542 1102 pluralem
560 1059 653 1090 verbi
671 1060 823 1101 requirit,
844 1059 880 1092 C.
899 1059 954 1097 37,
974 1059 1004 1091 6.
1055 1058 1079 1091 1.
1100 1057 1154 1096 75,
1175 1060 1206 1090 5.

18 1112 80 1148 Quo
110 1114 143 1145 in
167 1114 316 1154 generali
349 1115 511 1147 relatione
544 1125 606 1145 non
639 1115 679 1146 ad
709 1126 826 1155 nomen,
856 1115 914 1147 sed
940 1115 980 1146 ad
1007 1119 1107 1146 totam
1124 1114 1388 1146 enunciationem

103 1170 354 1212 praecedentem
371 1172 526 1209 retertur,
551 1170 575 1202 Ι.
594 1170 669 1209 102,
689 1170 741 1203 10.

19 1236 81 1271 Quo
100 1237 121 1268 i.
143 1240 179 1278 q.'
192 1241 230 1269 ut
247 1247 287 1270 ea
304 1249 352 1277 re,
380 1237 414 1270 C.
436 1237 489 1276 38,
509 1237 539 1269 3.

19 1292 80 1327 Quo
98 1296 176 1325 ante
196 1293 451 1336 comparativum
469 1304 531 1324 non
550 1293 642 1325 valet
656 1298 829 1334 propterea,
856 1293 890 1325 C.
914 1293 944 1333 1,
962 1292 993 1325 3.
1045 1291 1099 1331 37,
1116 1291 1147 1324 8.

18 1347 81 1383 Quo
100 1358 163 1380 non
180 1353 290 1391 potest
306 1350 419 1381 valere
440 1350 595 1389 quoniam,
620 1348 645 1381 Ι.
666 1349 720 1387 32,
740 1350 771 1381 5.

20 1403 82 1438 Quo
99 1415 164 1436 non
181 1404 349 1445 significat
365 1406 404 1436 ad
423 1406 514 1446 quod,
533 1404 556 1436 Ι.
579 1404 633 1443 64,
654 1404 683 1436 1.

19 1459 82 1494 Quo
99 1460 132 1492 in
146 1460 405 1502 interrogatione
423 1461 464 1492 ad
482 1461 637 1491 consilium
655 1464 794 1502 spectat,
813 1459 836 1492 1.
858 1459 912 1499 64,
933 1462 963 1493 1.

20 1514 82 1550 Quo
99 1526 157 1558 pro
175 1518 215 1547 ad
232 1526 304 1548 cum
322 1516 514 1548 accusativo
532 1517 576 1546 rei
592 1521 650 1548 aut
664 1526 824 1557 personae,
841 1515 865 1548 Ι.
887 1515 941 1555 66,
960 1516 992 1546 2.

20 1571 82 1606 Quo
101 1577 136 1604 et
151 1574 230 1612 quod
248 1572 397 1611 confusa,
423 1571 448 1604 Ι.
468 1571 523 1610 22,
543 1571 576 1604 3.
627 1571 682 1611 31,
703 1571 754 1604 17.
806 1569 860 1610 75,
879 1569 911 1603 7.

19 1627 81 1662 Quo
95 1632 129 1659 et
146 1637 205 1667 qua
223 1628 373 1667 confusa,
399 1627 423 1660 I.
443 1628 498 1667 46,
518 1626 548 1659 7.

20 1683 105 1718 Quod
121 1693 194 1715 cum
218 1683 539 1726 plusquamperfecto
557 1683 730 1716 indicativi
757 1682 914 1725 quomodo
941 1681 1072 1714 differat
1097 1692 1116 1713 a
1141 1681 1288 1725 perfecto
1313 1691 1392 1713 con-

106 1739 259 1778 iunctivi,
287 1738 322 1771 C.
342 1738 396 1778 18,
415 1739 446 1771 3.
494 1738 519 1771 I.
540 1738 595 1778 39,
618 1739 647 1772 1.

21 1805 106 1840 Quod
122 1806 263 1838 relatum
280 1806 321 1838 ad
338 1815 570 1848 praegressum
587 1816 620 1837 eo
639 1815 710 1837 cum
729 1805 962 1848 comparativo,
987 1804 1012 1836 Ι.
1031 1803 1086 1843 31,
1109 1802 1158 1835 17.

19 1861 104 1896 Quod
120 1861 276 1903 quomodo
294 1861 423 1892 differat
439 1871 459 1892 a
477 1862 559 1900 quia,
576 1860 601 1892 Ι.
616 1860 673 1898 80,
692 1861 725 1892 6.
774 1859 830 1900 97,
848 1860 879 1892 5.
931 1859 1007 1898 102,
1028 1858 1059 1892 7.

22 1915 139 1951 Quodni
155 1916 353 1948 coniunctim
369 1915 590 1954 scribendum,
618 1914 653 1947 C.
674 1915 729 1954 18,
746 1915 778 1947 8.

27 1971 113 2007 Quod
129 1981 189 2002 non
205 1972 326 2004 dictum
342 1981 399 2013 pro
419 1971 500 2011 quin,
528 1967 569 2003 C.
588 1971 644 2010 40,
663 1971 696 2003 4.

23 2026 136 2062 Quodsi
153 2027 353 2059 coniunctim
371 2026 593 2065 scribendum,
613 2025 648 2058 C.
664 2026 699 2064 2,
718 2025 750 2058 3.

23 2083 224 2118 Quodulinam
240 2083 332 2115 vocis
351 2082 454 2115 forma
473 2086 506 2113 et
523 2086 682 2123 potestas,
709 2080 744 2113 C.
763 2080 797 2120 2,
815 2081 847 2114 2.
896 2081 920 2113 I.
943 2081 997 2120 14,
1013 2081 1070 2114 21.

23 2138 169 2173 Quoniam
185 2148 337 2171 caussam
354 2139 489 2177 indicat,
504 2138 536 2169 in
554 2137 651 2170 rebus
670 2136 768 2169 sactis
784 2137 935 2179 positam,
962 2135 998 2169 C.
1017 2135 1072 2175 37,
1091 2135 1122 2169 3.
1173 2137 1195 2169 l.
1216 2135 1249 2176 3,
1269 2136 1297 2168 1.
1337 2135 1391 2175 31,

108 2194 172 2228 21.»
215 2194 270 2234 32,
290 2195 320 2226 5.

25 2260 172 2296 Quoniam
189 2265 223 2294 et
242 2263 363 2301 quando
381 2259 529 2298 confusa,
546 2259 571 2291 I.
592 2258 668 2298 102,
686 2258 717 2291 9.

27 2317 149 2357 Quoque
165 2317 287 2349 dictum
303 2327 359 2360 pro
378 2321 404 2348 et
422 2326 492 2356 quo,
512 2314 547 2347 C.
565 2313 622 2353 23,
640 2315 673 2347 4.

25 2372 162 2408 Quotidie
178 2373 284 2405 minus
303 2373 471 2414 antiquum
489 2379 583 2412 quam
601 2370 720 2409 cotidie,
740 2368 775 2402 C.
796 2369 850 2408 14,
867 2371 898 2403 4.
948 2370 1004 2409 48,
1021 2370 1053 2403 2.
1096 2370 1121 2403 Ι.
1141 2370 1194 2409 45,
1214 2369 1245 2402 2.
1289 2367 1344 2407 91.
1363 2368 1391 2400 1.

25 2427 120 2463 Quum
135 2439 193 2472 pro
211 2438 301 2469 quum
318 2433 427 2466 lamen,
454 2426 489 2459 C.
510 2425 564 2464 35,
583 2424 614 2457 3.

26 2484 122 2518 Quum
136 2494 193 2526 pro
212 2493 406 2524 quamquam,
433 2482 468 2514 C.
489 2480 544 2519 36,
562 2480 594 2512 4.
642 2479 667 2512 Ι.
687 2479 719 2519 6,
740 2482 770 2513 1.

28 2538 124 2574 Quum
133 2540 310 2580 praesertim
325 2538 561 2581 particularum
577 2546 658 2568 usus
675 2540 710 2568 et
724 2540 883 2579 potestas,
910 2535 946 2569 C.
966 2536 1021 2575 51,
1043 2535 1094 2569 19.

29 2594 124 2629 Quum
140 2603 212 2626 cum
229 2594 410 2626 indicativo
428 2592 635 2626 coniunctum
653 2601 791 2624 caussam
804 2602 867 2625 non
884 2593 1062 2633 significat,
1089 2589 1114 2626 Ι.
1135 2590 1210 2630 102,
1228 2593 1260 2624 5.
