1630 3034
148 233 234 273 206
495 225 540 266 C.
571 223 911 268 SALLUSTI
948 227 1175 269 CRISPI

106 354 132 392 3
155 349 248 388 erat
297 341 478 388 occulte
528 347 715 401 pontem
766 341 988 389 obsidunt.
1077 344 1322 402 Postquam
1374 342 1434 387 ad
1478 342 1524 386 id

150 435 240 479 loci
273 433 412 493 legati
447 448 549 478 cum
586 432 819 478 Volturcio
853 440 1089 490 venerunt,
1126 442 1171 480 et
1204 435 1335 480 simul
1368 434 1526 478 utrim—

149 541 237 584 que
272 525 450 570 clamor.
478 529 652 567 exortus
688 531 765 580 est,
803 524 942 581 Galli,
979 527 1068 571 cito
1104 528 1287 587 cognito
1324 525 1526 580 consilio,

100 624 128 664 4
150 617 241 661 sine
286 631 412 660 mora
452 615 737 660 Praetoribus
779 631 826 661 se
870 617 1060 661 tradunt.
1130 618 1386 662 Volturcius
1429 616 1526 676 pri—-

147 721 250 766 mo,
306 705 563 752 cohortatus
619 714 817 763 ceteros,
871 707 1028 769 gladio
1077 724 1125 754 se
1168 725 1194 754 a
1247 707 1527 755 multitudine

154 913 248 944 tores
272 911 307 942 et
330 907 496 942 militibus
519 908 648 943 assueti
670 908 814 942 crimina
837 905 1005 943 serebant.
1036 907 1083 943 id.
1109 909 1252 948 XXXV,
1271 907 1329 950 26,
1347 907 1404 942 10.
1438 905 1528 941 nihil

147 978 191 1001 ea
213 978 269 1000 res
293 966 446 999 animum
469 967 631 1000 militaris
654 966 721 999 viri
745 971 779 1000 et
801 967 924 1000 multos
944 967 1072 1010 experti
1090 978 1188 1000 casus
1212 965 1393 1000 imminuit.
1418 964 1526 998 Talea

145 1026 263 1058 autem
296 1022 403 1055 fuisse
436 1023 619 1056 Praetores
650 1027 684 1057 et
714 1027 808 1067 patet
836 1035 877 1056 ex
909 1024 995 1056 locis
1018 1033 1122 1067 supra
1152 1024 1306 1057 laudatis
1330 1027 1429 1057 etex
1452 1021 1526 1055 Cic.

147 1083 235 1115 orat.
260 1080 297 1114 in
322 1079 427 1113 Catil.
455 1081 515 1121 ΙΙΙ,
540 1081 574 1120 2,
603 1078 636 1114 5.
672 1079 730 1114 ubi
763 1079 968 1113 fortissimos
997 1080 1093 1114 viros
1124 1092 1182 1114 eos
1207 1081 1379 1125 appellat,
1402 1089 1526 1123 quam-

144 1149 250 1182 quem
272 1137 422 1171 libenter
442 1137 661 1171 concedimus
685 1137 875 1171 Gerlachio
899 1137 944 1171 ad
961 1137 1122 1181 c.L1‚16.
1146 1139 1414 1183 (Com111entt.p.
1426 1136 1526 1179 132.)

135 1193 226 1240 sorti
268 1206 336 1227 non
360 1194 460 1228 unice
483 1196 526 1228 de
550 1195 678 1229 bellica
701 1196 817 1240 gloria
837 1195 916 1229 dici.

238 1253 420 1296 obsidunt]
454 1254 493 1286 Iu
517 1253 652 1296 aliquot
674 1253 774 1287 libris
797 1258 848 1287 est
877 1253 1048 1294 obsident,
1072 1264 1174 1286 sensu
1194 1250 1434 1292 incommodo;
1457 1250 1526 1284 hoc

142 1314 194 1345 est
217 1311 311 1344 enim
334 1311 505 1344 obsessum
529 1315 658 1351 tenent,
683 1312 869 1356 vulgatum
894 1315 1011 1344 autem
1033 1311 1211 1356 siguificat
1234 1314 1414 1353 occupant,
1433 1306 1525 1352 quod

141 1369 259 1403 solum
290 1368 394 1401 nexui
430 1368 678 1401 sententiarum
710 1368 882 1402 convenit.
942 1369 1133 1411 Pei-perum
1167 1367 1306 1401 Cortius
1341 1371 1375 1400 et
1403 1366 1526 1400 Gerla-

140 1425 242 1459 chius
265 1426 354 1459 haec
377 1426 485 1458 verba
508 1436 588 1458 cum
611 1424 654 1457 iis
679 1428 891 1467 comparant,
907 1436 1007 1468 quae,
1031 1437 1140 1468 quum
1163 1425 1334 1460 secundae
1355 1424 1423 1458 sint
1441 1435 1525 1458 eon-

139 1482 341 1529 iugationis‚
364 1482 457 1526 apud
479 1481 691 1525 antiquiores
713 1481 886 1515 interdum
905 1481 1011 1515 etium
1036 1483 1175 1516 tertiam
1198 1482 1441 1526 sequebantur,
1465 1492 1525 1515 ve·

140 1541 193 1575 lut
216 1541 380 1574 conniveo
405 1543 439 1572 et
463 1540 622 1580 οοηηίυο,
640 1542 762 1582 ferveo
794 1544 829 1571 ct
853 1541 975 1581 servo,
998 1540 1126 1572 strideo
1151 1544 1186 1574 et
1209 1541 1339 1579 strido,
1363 1536 1458 1579 alia,
1481 1537 1524 1573 (le

140 1597 379 1643 quibuwdixit
402 1597 570 1630 Priscian.
593 1597 652 1637 lx,
674 1596 709 1638 8,
730 1595 786 1630 42.
819 1608 851 1639 p.
872 1596 942 1629 459
962 1608 1012 1639 sq.
1046 1597 1111 1630 Ed.
1136 1597 1198 1630 Kr.
1234 1597 1398 1631 Obsidere
1430 1596 1525 1630 enim

139 1661 175 1691 et
198 1657 354 1691 obsidere
376 1666 445 1688 non
471 1655 587 1687 forma
611 1658 764 1695 tantum,
788 1654 847 1686 sed
870 1653 975 1686 etiam
1000 1653 1254 1698 significatione
1277 1655 1454 1696 differunt,
1473 1654 1524 1688 ita

139 1715 302 1760 quidem,
338 1716 377 1747 ut
410 1712 497 1745 illud
530 1711 768 1745 inchoativum
799 1711 862 1752 sit,
896 1712 964 1744 hoc
996 1712 1096 1754 plene
1128 1712 1324 1746 institutam
1351 1712 1523 1746 actionem

138 1773 324 1817 significet.
371 1771 542 1804 Mulier-us
577 1781 645 1813 quo
676 1768 821 1802 consilio
855 1769 1050 1808 notaverit,
1087 1772 1121 1803 et
1143 1770 1188 1803 ab
1213 1769 1467 1813 antiquioribus
1489 1774 1524 1804 et

139 1831 185 1865 ab
212 1830 307 1874 virg.
332 1829 417 1862 Aen.
437 1827 512 1867 Vll,
531 1825 613 1859 334.
638 1826 834 1859 adhibitum
859 1837 932 1859 esse
955 1825 1111 1859 obsidere
1139 1827 1304 1869 verbum,
1329 1839 1397 1860 non
1420 1827 1523 1861 intel-

138 1886 277 1932 ligitur.
324 1884 536 1927 Neutiquam
569 1882 661 1916 enim
686 1884 845 1916 obsidunt
876 1883 1017 1926 antique
1040 1883 1171 1917 dictum
1193 1897 1256 1928 pro
1280 1885 1460 1927 obsident,
1482 1889 1523 1919 ut

139 1945 247 1980 etiam
273 1941 464 1978 Gerlachio
488 1942 644 1982 videtur,
675 1941 734 1974 sed
759 1940 930 1984 posteriue
965 1951 988 1973 a
1009 1941 1131 1974 scribis
1154 1941 1330 1977 invectum
1353 1946 1426 1984 est,
1461 1942 1522 1986 qui

138 2013 208 2049 quo
230 2011 332 2036 sensu
354 2001 502 2033 alterum
527 1999 699 2032 diceretur
722 2009 788 2031 non
813 1998 1055 2043 intelligerent.

231 2063 262 2103 ς.
287 2059 321 2092 3.
370 2056 561 2100 venerunt]
588 2057 688 2089 nano
709 2056 854 2099 perfecti
878 2056 1029 2090 sormam
1053 2056 1197 2099 plurimi
1222 2056 1320 2093 codd.
1346 2057 1520 2097 exhibent,

135 2118 231 2152 haud
256 2115 360 2162 pauci
384 2119 500 2149 tumen
523 2123 668 2153 venere5
693 2113 780 2146 illud
802 2126 924 2148 verum
948 2114 1125 2154 duximus,
1152 2115 1317 2157 quonium
1340 2115 1375 2148 in
1399 2113 1520 2158 paucis

136 2180 189 2211 est
222 2175 385 2214 veniunt,
421 2171 455 2206 in
491 2183 559 2204 uuo
587 2177 839 2215 pervenerunt,
872 2171 917 2205 ml
949 2182 1037 2215 quae
1061 2171 1200 2206 facilior
1223 2172 1341 2215 lapsus
1364 2175 1457 2212 erat,
1489 2170 1519 2206 ei

134 2238 302 2268 venerunt
326 2241 430 2275 quam
455 2229 485 2263 si
508 2241 632 2263 venere
655 2229 823 2273 scriptum
848 2229 926 2263 fuit.
949 2247 995 2254 ——
1032 2229 1081 2263 Et
1105 2234 1186 2263 anto
1217 2230 1319 2263 simut
1349 2227 1384 2261 in
1408 2228 1517 2262 Aemi.

134 2292 220 2326 Bas.
239 2289 273 2324 3.
306 2293 340 2323 et
373 2288 483 2322 tribus
518 2287 635 2321 Guetf.
671 2288 787 2329 abest,
825 2298 867 2320 uc
901 2288 1032 2330 fateor,
1065 2286 1094 2320 si
1118 2286 1230 2329 absit,
1263 2284 1518 2319 concinniorem

134 2347 224 2383 mihi
240 2352 274 2381 et
298 2346 506 2380 vividiorem
532 2345 726 2378 orationem
750 2344 869 2378 videri.
894 2344 1029 2378 Tamen
1053 2345 1199 2390 vulgatu
1221 2343 1327 2378 etiam
1351 2341 1434 2376 terri
1455 2354 1518 2386 po-

134 2409 202 2440 test
217 2434 224 2446 ,
253 2405 303 2439 ita
326 2409 364 2438 ut
388 2408 448 2438 nut
470 2409 651 2448 postquam
676 2402 847 2447 particula
871 2406 1056 2446 repetatur,
1081 2407 1153 2442 nut,
1176 2403 1268 2446 quod
1291 2401 1380 2435 mibi
1404 2401 1518 2445 mugio

133 2464 266 2508 placet,
299 2463 400 2495 simul
439 2473 502 2505 pro
538 2463 746 2505 simulatque
780 2459 961 2504 cupiatur,
986 2471 1055 2503 qun
1078 2459 1114 2492 vi
1139 2460 1233 2492 haud
1269 2470 1350 2493 ruro
1374 2458 1513 2503 legitur.

134 2521 190 2556 Cf.
227 2520 488 2554 Drakenborch.
515 2519 558 2552 ud
584 2519 660 2552 Liv.
693 2519 748 2557 U,
776 2518 808 2558 1,
834 2517 869 2551 6.
910 2517 969 2560 qui
994 2518 1103 2550 uuultu
1127 2516 1319 2561 congessit,
1343 2516 1516 2560 simulque

133 2579 287 2619 monuit,
322 2578 518 2620 frequenter
542 2576 632 2609 bunc
666 2575 874 2619 particulam
897 2575 941 2609 ub
967 2574 1111 2607 indoctis
1142 2574 1294 2608 librariis
1326 2574 1419 2608 male
1451 2573 1514 2608 lm-

131 2639 254 2673 bitmu.
311 2636 407 2669 Addo
441 2635 574 2667 Mauut.
611 2633 654 2666 nd
687 2633 760 2666 Cic.
794 2634 882 2676 Epp.
919 2633 963 2667 ud
995 2632 1129 2666 Fumm.
1159 2632 1211 2672 Π,
1246 2632 1301 2666 18.
1345 2631 1512 2665 vechner.

132 2694 297 2731 llcllenol
322 2705 355 2736 p.
380 2692 447 2725 ΙΙΙ
468 2703 516 2734 sq.
543 2692 710 2724 (iuorcnz.
737 2691 780 2725 ml
805 2691 877 2725 Cic.
903 2691 946 2725 (le
970 2690 1079 2734 Legg.
1099 2688 1214 2731 1‚3,9.
1240 2688 1286 2722 id.
1311 2688 1356 2723 ml
1378 2687 1508 2723 Acudd.

133 2754 178 2795 n,
199 2753 253 2795 16,
274 2751 330 2787 51.
356 2755 390 2786 ct
413 2751 456 2785 ml
483 2749 584 2783 Finu.
606 2750 664 2789 ΙΙΙ,
684 2749 718 2792 (i,
738 2748 794 2782 21.
