1630 3034
382 184 750 228 IUGURTHA.
810 183 933 227 cAP.
956 183 1185 227 LXXXV.
1405 189 1490 229 449

110 307 210 358 net,
255 308 415 365 sumat>
433 303 627 361 aliquem
665 314 720 344 ex
753 300 928 360 populo
963 301 1226 345 monitorem
1254 300 1376 344 offici
1411 301 1489 345 sui.

48 450 52 452 a
108 398 176 441 Ita
227 400 493 458 plerumque
546 397 714 453 evenit,
765 403 812 440 ut
860 391 994 453 quem
1040 412 1118 441 vos
1172 398 1554 456 imperatoremm

37 540 43 546 ,
108 494 310 552 iussistis,
357 496 391 539 is
427 496 510 539 sibi
546 496 864 554 imperatorem
901 493 1034 537 alium
1071 500 1270 551 quaerat.
1338 495 1490 553 Atque
1505 496 1558 535 12

109 605 198 651 ego
244 592 358 648 scio,
414 591 632 647 Quirites,
688 590 786 648 qui,
832 596 1074 648 postquam
1132 591 1333 634 consules
1384 591 1491 634 facti

108 693 222 744 sunt,
260 695 359 731 acta
387 688 608 733 maiorum
638 691 683 730 et
715 686 993 729 Graecorum
1018 686 1223 730 militaria
1243 693 1494 746 praecepta
1531 714 1534 716 -

105 831 134 873 l,
158 831 192 865 1.
215 843 250 874 p.
275 830 332 865 10.
362 830 455 865 Sall.
481 829 585 865 Catil.
609 828 806 870 XXXVIII,
832 828 869 862 3.·
890 828 967 874 Iug.
987 817 1127 871 xxvll,
1151 829 1183 863 2.
1211 829 1320 869 XXX,
1341 829 1375 864 3.
1401 831 1490 872 xm,

104 890 139 926 5.
163 892 288 932 XLIII,
313 892 346 925 1.
368 911 413 917 —-
445 892 506 925 Sui
540 895 616 934 post
639 890 731 933 offici
754 889 920 923 omissum
945 901 966 924 a
990 889 1131 931 Cortio,
1165 901 1272 933 quum
1295 890 1331 924 in
1355 890 1432 924 Vin.
1454 891 1489 928 1.

104 952 211 994 desit,
244 956 278 986 et
309 952 345 986 in
377 952 498 996 paucis
530 952 630 985 libris
661 955 744 984 ante
775 950 868 993 offici
901 951 1050 994 legatur.
1101 950 1169 984 Sed
1201 961 1243 984 ea
1277 962 1399 986 caussa
1422 963 1490 985 non

102 1012 234 1046 sufficit
256 1012 299 1046 ad
323 1022 513 1056 pronomen
537 1011 740 1052 delendum,
774 1011 865 1053 quod
896 1022 964 1044 non
988 1012 1092 1055 plane
1115 1011 1264 1045 otiosum
1288 1016 1351 1045 est.
1398 1011 1490 1046 Nam

103 1072 164 1115 qui
191 1073 271 1107 aliis
294 1072 469 1107 moderari
499 1072 593 1111 vult,
627 1083 706 1105 eum
742 1074 822 1105 ante
862 1072 980 1106 omnia
1008 1083 1109 1106 nosse
1142 1072 1239 1106 decet
1265 1071 1348 1115 quid
1370 1073 1426 1106 sui
1447 1071 1492 1107 sit

104 1133 226 1168 officii.

194 1197 226 1237 §-
251 1193 308 1228 11.
356 1194 595 1238 imperatorem
621 1193 789 1240 iussistis]
826 1195 865 1228 In
893 1194 1067 1238 plerisque
1091 1193 1190 1228 codd.
1216 1196 1250 1227 et
1274 1193 1350 1226 edd.
1376 1192 1490 1227 omni-

103 1254 167 1288 bus
191 1259 242 1289 est
269 1256 503 1299 imperare
532 1256 702 1298 iussistis,
727 1268 832 1300 quam
854 1256 1041 1289 lectionem
1065 1261 1104 1289 ut
1128 1255 1389 1298 repudiaremus
1411 1265 1490 1298 per-

103 1376 194 1411 tiunt
215 1376 362 1411 Barber.
388 1376 422 1409 2.
447 1376 480 1410 5.
507 1376 583 1412 Vin.
609 1378 642 1411 l.
677 1380 712 1410 et
734 1378 917 1420 Eichhof.,
949 1380 982 1410 et
1014 1376 1089 1419 ipsa
1128 1375 1319 1419 scripturae
1340 1376 1412 1409 huc
1435 1386 1491 1409 us-

102 1448 170 1480 que
200 1430 380 1482 neglectae
412 1437 638 1480 praestantia.
692 1437 846 1482 Vulgata
881 1437 975 1470 euim
1005 1448 1217 1480 quamquam
1247 1436 1332 1470 terri
1363 1440 1490 1479 potest,

102 1500 219 1531 tamen
250 1497 366 1531 irrisio
401 1497 594 1537 nobilium,
628 1508 734 1540 quam
770 1497 906 1541 quaerit
936 1497 1098 1539 Marius,
1131 1497 1309 1540 aliquanto
1333 1495 1492 1530 acerbior

102 1557 237 1591 exsistit
258 1557 398 1591 variata
421 1557 517 1590 vocis
541 1557 730 1601 imperator
752 1557 931 1592 sententia.
979 1559 1166 1592 Praeterea
1189 1556 1296 1590 etiam
1317 1558 1493 1589 structura

102 1617 182 1651 talis
205 1622 275 1661 est,
308 1623 347 1650 ut
376 1617 513 1652 facilius
536 1618 655 1651 credas
679 1617 813 1652 scribas
844 1618 1081 1652 accusativum
1105 1623 1258 1652 mutasse
1287 1615 1323 1649 in
1348 1614 1490 1649 infiniti-

102 1689 184 1712 vum
199 1704 209 1720 ‚
232 1677 390 1722 legitime
414 1688 456 1711 ex
482 1678 586 1711 verbo
611 1678 726 1711 iubere
750 1678 972 1722 pendentem,
998 1689 1103 1721 quam
1127 1682 1257 1712 contra.
1306 1677 1358 1710 Ex
1382 1686 1491 1709 anno-

103 1739 184 1773 tatis
209 1739 252 1773 ad
276 1751 306 1771 c.
331 1738 519 1780 Lxxxu‘,
538 1738 576 1771 ⁷1,
606 1739 739 1782 patebit
771 1744 888 1774 autem
921 1739 1038 1772 iubere
1074 1749 1154 1771 cum
1188 1738 1261 1772 solo
1293 1735 1491 1770 accusativo

103 1799 326 1834 coniunctum
357 1798 452 1832 idem
485 1810 560 1832 esse
594 1804 698 1842 atque
728 1800 910 1833 declarare
939 1799 996 1832 vel
1029 1800 1258 1838 constituere5
1291 1798 1336 1831 cf.
1360 1796 1437 1830 Liv.
1462 1797 1491 1837 Ι,

102 1859 171 1900 17,
209 1860 244 1893 9.
295 1860 406 1901 Quum
438 1859 585 1903 populus
618 1871 771 1905 regem
814 1861 1050 1894 iussisset.
1084 1859 1133 1892 ib.
1168 1857 1295 1900 1‚22‚
1322 1858 1356 1891 1.
1404 1857 1490 1890 Inde

105 1919 244 1952 Tullum
279 1919 467 1953 Hostilium
500 1930 660 1964 regem
690 1921 839 1964 populus
874 1920 1024 1953 iussit.
1058 1920 1118 1961 III,
1143 1918 1202 1960 30,
1226 1918 1261 1952 6.
1311 1917 1492 1961 Expressit

103 1979 166 2012 hoc
200 1979 384 2012 necessitas
411 1980 597 2023 patribus;
630 1980 668 2013 id
703 1982 803 2014 modo
829 1991 1009 2023 excepere,
1040 1990 1082 2012 ne
1103 1984 1226 2022 postea
1251 1979 1385 2012 eosdem
1410 1977 1491 2011 tri-

105 2039 247 2072 bunos
279 2038 500 2072 iuberent.
524 2059 570 2064 —
606 2039 659 2079 Is,
693 2042 784 2083 quod
808 2041 845 2074 in
876 2041 997 2073 decem
1022 2040 1121 2073 codd.
1148 2039 1261 2080 deest,
1296 2037 1433 2071 Curtius
1457 2039 1493 2071 et

106 2098 315 2133 Gerlachius
349 2097 457 2131 deleri
491 2098 631 2139 volunt,
662 2113 730 2134 non
763 2101 946 2135 sentientes
982 2111 1190 2143 pronomen,
1225 2099 1317 2144 quod
1342 2099 1490 2132 multum

103 2160 148 2194 ad
172 2159 244 2192 vim
269 2158 436 2193 orationis
461 2159 618 2191 conferre
641 2159 792 2193 diximus
816 2160 860 2193 ad
885 2172 913 2194 c.
939 2161 1063 2202 LXIII,
1086 2161 1133 2203 3.,
1157 2159 1280 2194 ultima
1308 2170 1493 2203 praegres-

104 2231 164 2254 sae
195 2219 289 2253 vocis
322 2220 460 2264 syllaba
492 2219 721 2263 interceptum
754 2231 838 2254 esse.
896 2221 966 2255 Sed
998 2222 1109 2255 multo
1138 2221 1273 2254 maiore
1303 2218 1493 2252 sententiae

107 2281 311 2315 detrimento
343 2280 481 2314 Curtius
505 2281 570 2313 sibi
603 2280 738 2322 omidt,
775 2293 965 2325 paucorum
998 2282 1098 2315 codd.
1125 2279 1348 2320 auctoritati,
1372 2278 1492 2322 quiid

105 2353 174 2375 non
209 2342 364 2382 habent,
396 2342 473 2383 plus
505 2340 595 2374 iusto
628 2341 792 2375 tribuens.
850 2341 1089 2377 Nihilominus
1126 2340 1338 2374 Gerlachius
1369 2339 1404 2373 in
1428 2339 1493 2373 ed.

105 2402 190 2436 min.
214 2402 248 2435 ei
283 2400 477 2436 assentitur.

196 2464 230 2504 §-
256 2461 311 2495 12.
360 2462 474 2505 Atque
498 2462 588 2507 ego]
615 2463 666 2495 lta
690 2462 898 2497 Gerlachius
921 2466 1013 2496 recte
1037 2460 1174 2504 scripsit
1199 2471 1240 2494 ex
1264 2459 1382 2503 paucis
1407 2459 1492 2493 Cor-

106 2521 148 2557 tii
176 2522 298 2563 libris,
332 2521 452 2556 Leidd.
493 2522 536 2554 G.
561 2522 608 2555 H.
640 2523 667 2555 1.
694 2523 740 2556 K.
771 2524 810 2559 L.
843 2524 894 2557 M.
928 2524 1039 2557 Paris.
1065 2533 1096 2557 a.
1123 2523 1156 2557 b.
1180 2533 1210 2554 c.
1235 2533 1266 2555 e.
1301 2522 1374 2554 Erl.
1407 2521 1491 2554 Bas.

108 2583 142 2616 1.
167 2582 200 2617 4.
247 2583 362 2627 Vulgo
392 2581 560 2615 edebatur
592 2584 639 2616 At
663 2595 753 2628 ego,
791 2585 883 2628 quod
917 2583 1055 2618 Curtius
1089 2582 1236 2626 pessime
1270 2581 1425 2625 corrupit
1457 2581 1493 2614 in

109 2653 150 2675 ac
174 2651 260 2686 ego,
296 2642 482 2676 immemor
507 2641 619 2686 legis,
659 2655 700 2676 ac
725 2655 793 2678 non
817 2644 899 2688 poni
923 2649 1003 2678 ante
1027 2644 1202 2684 vocalem,
1237 2654 1362 2687 quam,
1387 2652 1495 2685 quum

111 2701 366 2736 Ramshornius
395 2702 431 2736 in
470 2702 628 2737 Gramm.
662 2705 739 2738 Lat.
772 2706 805 2746 §-
830 2705 908 2739 179.
946 2717 981 2748 p.
1005 2703 1086 2738 515.
1120 2708 1251 2737 temere
1281 2701 1496 2736 labefactare

112 2766 255 2796 conatus
278 2767 386 2806 esset,
419 2764 563 2809 egregie
586 2765 758 2800 stabilivit
782 2766 859 2800 Car.
884 2766 993 2799 llenr.
1017 2764 1244 2799 Frotscherus
1268 2763 1303 2797 in
1336 2763 1495 2796 Excursu

181 2833 247 2890 u„
1153 2835 1218 2878 29
