1630 3034
359 188 702 230 CATILINA.
779 187 914 228 CAP.
947 187 1130 230 XLVIII.
1351 194 1437 234 223

54 307 313 360 videbatur,
356 303 562 364 plerique
604 304 764 349 Crasso
810 318 864 347 ex
898 304 1088 367 negotiis
1133 306 1315 364 privatis
1351 308 1435 350 ob—

55 399 175 442 noxii
215 398 498 442 conclamant
532 396 724 439 indicem
760 395 922 442 falsum
958 411 1076 450 esse,
1114 397 1263 456 deque
1298 413 1352 441 ca
1386 414 1435 441 re

53 491 283 549 postulant
318 488 381 532 uti
423 487 651 531 referatun
720 486 876 544 Itaque
921 487 1183 532 consulente
1219 489 1480 541 Cicerones

54 583 264 640 frequens
298 581 486 624 Senatus
521 577 743 624 decernit:
777 576 996 635 Tarquini
1027 577 1238 624 indicium
1272 580 1433 624 falsum

52 819 187 849 nocte
222 814 308 848 lecto
345 811 498 846 Platonis
533 811 618 845 libro
638 810 833 854 paullulum
858 810 1009 854 quievit}
1043 809 1170 856 quippe
1194 812 1229 847 in
1254 812 1379 857 quibus
1402 812 1440 848 in

53 862 280 916 eprroxima
303 871 422 904 littera
446 875 562 903 ortum
585 874 647 902 est.
694 869 898 902 Cavendum
923 875 1062 911 autem,
1090 882 1133 903 ne
1156 871 1245 904 haec
1269 869 1440 904 eiusmodi

53 930 220 973 exemplis
243 933 373 963 statuas
398 927 632 967 defendenda,
657 926 762 969 quale
793 931 845 960 est
869 927 941 962 Cic.
967 929 1010 960 de
1034 927 1103 961 off.
1124 928 1186 967 111,
1206 927 1262 967 25,
1283 927 1339 961 95.
1373 929 1439 961 im—

53 987 198 1020 molavit
222 986 456 1031 Iphigeniam,
477 996 546 1029 qua
569 985 657 1017 nihil
681 988 757 1018 erat
781 985 825 1017 in
849 996 896 1017 eo
920 985 1057 1029 quidem
1081 996 1196 1017 αηπο
1219 990 1340 1018 natum
1362 986 1441 1029 pul—

53 1044 191 1084 chrias,
223 1041 284 1076 ubi
314 1054 349 1075 v.
380 1043 460 1076 Car.
485 1041 643 1077 Bcierus.
700 1042 740 1074 In
763 1047 928 1085 promptu
952 1046 1004 1075 est
1027 1041 1140 1083 enim,
1172 1043 1209 1074 in
1232 1048 1440 1085 potestatem

53 1103 150 1136 intra
173 1099 440 1145 praepositionis
463 1099 630 1133 obtinere.
679 1099 840 1132 Ceterum
869 1099 913 1133 ad
937 1098 1098 1132 dictionis
1123 1110 1281 1133 caussam
1305 1099 1441 1144 perspi-

56 1158 217 1193 ciendam
240 1169 309 1191 non
332 1155 455 1190 inutile
478 1150 545 1190 erit
568 1159 686 1189 notata
709 1156 753 1189 ad
778 1168 807 1190 c.
831 1156 875 1197 11,
896 1156 931 1190 9.
957 1157 1154 1190 contulisse.

147 1215 311 1249 leniunda
336 1225 439 1258 quam
463 1203 703 1258 exagitanda]
745 1213 854 1247 Multi
885 1213 983 1246 codd.
1017 1218 1093 1257 post
1125 1214 1288 1248 leniunda
1310 1215 1443 1248 addunt

55 1273 194 1317 magis,
219 1272 283 1305 alii
305 1272 437 1305 habent
460 1275 541 1304 ante
563 1271 654 1304 hanc
677 1282 822 1312 vocem3
847 1271 908 1305 sed
931 1269 967 1303 in
990 1270 1096 1303 Fahr.
1115 1270 1149 1303 1.
1173 1271 1277 1306 Bern.
1292 1271 1325 1305 3.
1343 1271 1377 1305 2.
1390 1283 1440 1306 m.

55 1340 109 1373 pr.
140 1334 174 1362 et
197 1329 286 1362 Tur.
305 1327 340 1362 2.
371 1340 439 1361 non
463 1333 660 1371 comparet,
684 1338 832 1371 quorum
864 1327 1074 1362 auctoritate
1098 1328 1309 1369 delevimus3
1334 1339 1370 1364 v.
1396 1329 1441 1362 ad

0 1431 2 1434 y
57 1398 88 1420 c.
108 1386 202 1428 vm,
224 1386 258 1419 1.
281 1404 328 1411 —
361 1387 415 1419 Ex
438 1386 589 1431 negotiis
608 1386 758 1429 privatis
781 1386 935 1426 obnoxii,
967 1396 1036 1418 non
1060 1389 1131 1427 est,
1153 1391 1193 1419 ut
1215 1386 1353 1419 eortius
1377 1397 1443 1428 pu·-

56 1446 127 1484 tat,
149 1443 320 1486 beneficiis
344 1443 416 1476 eius
439 1443 610 1484 obstricti,
644 1442 704 1475 sed
727 1442 862 1486 potius,
885 1446 925 1475 ut
945 1442 1101 1487 Langius
1125 1442 1236 1486 cepit,
1259 1443 1298 1476 ob
1325 1443 1444 1476 debita

56 1500 217 1545 obligati.
267 1500 437 1533 Obnoxius
460 1499 552 1533 enim
578 1499 781 1533 invidiosius
805 1500 1015 1533 vocabulum
1038 1500 1196 1542 videtur,
1221 1511 1326 1543 quam
1350 1499 1444 1544 quod

57 1557 101 1591 de
124 1555 302 1591 beneficiis
333 1556 403 1591 dici
431 1557 560 1600 possit,
591 1558 636 1591 cf.
674 1569 705 1592 c.
735 1558 813 1598 XX,
833 1558 868 1591 7.
901 1560 1026 1603 volgus
1040 1559 1196 1601 suimus,
1220 1557 1274 1590 his
1297 1558 1444 1600 obnoxii,

55 1615 178 1659 quibus
201 1615 232 1648 si
254 1615 401 1658 respubl.
426 1615 559 1648 valeret
577 1612 761 1657 formidini
784 1625 942 1648 essentum
967 1615 1102 1656 XIV‚6.
1127 1615 1272 1659 Fragm.
1291 1615 1442 1649 Historr.

55 1672 116 1713 IV,
137 1672 203 1714 12,
222 1671 255 1705 4.
290 1672 406 1706 Tacit.
429 1673 518 1706 Anu.
547 1673 626 1713 XII,
655 1671 697 1713 l,
726 1670 772 1704 in.
819 1673 1003 1716 coniugum
1028 1673 1179 1716 imperiis
1202 1673 1355 1706 obnoxio.
1391 1673 1442 1710 id.

56 1729 210 1766 Historr.
237 1730 266 1771 1,
292 1730 326 1771 1,
351 1729 400 1763 in.
433 1730 470 1762 in
492 1731 625 1763 neutris
651 1740 736 1762 cura
756 1730 992 1773 posteritatis,
1018 1730 1109 1762 inter
1131 1730 1281 1772 infensos
1304 1732 1357 1764 vel
1382 1731 1445 1764 ob-

55 1787 194 1828 noxios,
217 1786 241 1820 i.
266 1798 297 1820 e.
329 1786 505 1820 serviliter
527 1781 700 1828 addicto‘s3
732 1797 766 1822 v.
793 1788 948 1832 Herzog.
975 1787 1019 1820 ad
1050 1799 1080 1822 c.
1105 1788 1232 1829 xxm,
1254 1787 1288 1820 3.
1313 1788 1445 1822 Duker.

56 1843 102 1878 ad
125 1844 155 1876 F
158 1843 223 1876 lor.
241 1843 301 1885 lv,
320 1843 354 1886 4,
373 1844 408 1878 2.
443 1843 562 1877 Etiam
586 1845 729 1889 negotia
752 1844 869 1888 potius
892 1845 935 1878 de
959 1846 1063 1878 rebus
1081 1844 1343 1888 rationibusque
1360 1855 1444 1878 con*

56 1900 196 1945 tractis,
220 1911 327 1944 quam
351 1901 394 1934 de
416 1901 593 1935 beneficiis
614 1897 844 1947 intelligenda
866 1907 954 1936 sunt.
975 1922 1021 1928 —
1044 1903 1232 1936 Praeterea
1254 1902 1443 1935 Kunhard-

57 1961 114 1992 tus
137 1970 275 1992 sensum
298 1963 333 1992 et
364 1963 574 1993 structuram
597 1959 703 1994 totius
735 1960 804 1994 loci
826 1971 894 1993 non
918 1963 1095 1994 assecutus
1118 1965 1189 2001 est,
1213 1959 1285 1992 rati
1307 1959 1443 1994 habens

57 2026 125 2060 pro
146 2016 254 2050 verbo
278 2015 386 2059 finito,
409 2021 484 2050 turn
506 2021 583 2061 post
606 2018 790 2051 videbatur
813 2017 1026 2062 cogitatione
1049 2017 1279 2061 supplendum
1302 2028 1445 2051 censens

59 2084 132 2106 rem
156 2074 389 2107 incredibilem
414 2086 486 2108 esse
515 2075 696 2117 dicebant,
721 2074 869 2118 denique
892 2074 1108 2108 conclamant
1133 2074 1374 2108 tantummodo
1398 2073 1444 2107 ad

57 2131 211 2174 plerique
231 2131 452 2164 referendum
475 2131 650 2173 iudicans,
673 2131 804 2165 scilicet
827 2131 910 2174 quia
933 2131 1116 2164 Sallustius
1140 2131 1333 2176 distinguat
1354 2130 1444 2165 inter

61 2197 141 2228 eos,
179 2186 239 2230 qui
263 2199 338 2221 rem
361 2188 487 2222 falsam
512 2200 587 2222 esse
619 2188 687 2222 sibi
710 2188 976 2232 persuaderent,
1009 2191 1042 2220 et
1066 2187 1155 2221 inter
1178 2199 1259 2229 eos,
1284 2188 1345 2232 qui
1367 2189 1445 2222 nol-

60 2244 132 2278 lent
157 2244 261 2278 fateri
285 2256 406 2278 veram
429 2257 520 2286 esse,
551 2245 710 2290 quamvis
741 2248 911 2287 putarent.
968 2244 1037 2277 Sed
1071 2246 1287 2279 conclamant
1312 2245 1446 2290 pariter

61 2301 106 2335 ad
139 2301 248 2335 verba
279 2302 343 2334 alii
372 2320 417 2327 —
450 2314 535 2346 pars
567 2322 612 2328 —
642 2303 763 2336 relicui
792 2302 966 2346 pertinere
996 2306 1135 2345 praeter
1165 2302 1341 2347 Langium
1371 2303 1445 2339 iam

62 2357 201 2393 certius
224 2363 317 2392 recte
338 2358 439 2395 vidit.

154 2416 302 2449 indicem
318 2418 452 2459 falsum
477 2416 571 2461 esse]
597 2417 684 2451 Tur.
703 2417 738 2451 2.
768 2428 840 2450 esse
856 2417 1014 2459 salsum3
1036 2417 1117 2450 Ecc.
1137 2418 1271 2460 salsum
1298 2428 1369 2451 esse
1392 2417 1446 2450 vi—

62 2473 162 2512 deri‚·
186 2473 302 2506 Guelf.
325 2473 359 2507 7.
383 2476 517 2518 salsum
540 2476 675 2515 videri,·
709 2475 744 2508 in
769 2475 891 2508 Guelf.
925 2483 1008 2507 vero
1032 2473 1065 2506 3.
1101 2477 1135 2507 et
1165 2474 1263 2508 Leid.
1288 2475 1331 2509 Β.
1374 2486 1445 2508 esse

61 2530 164 2574 plane
188 2532 306 2573 abest,
331 2543 373 2564 ex
397 2543 466 2574 qua
489 2532 690 2566 diversitate
712 2543 793 2565 cum
817 2531 936 2565 Cottio
969 2530 1134 2565 coniicias
1158 2542 1179 2565 a
1203 2531 1326 2565 scribis
1349 2531 1446 2566 addi-

62 2592 136 2622 tum
160 2599 257 2629 esse3
292 2588 351 2621 sed
376 2588 540 2631 quoniam
559 2590 695 2633 salsum
719 2589 756 2621 h.
781 2589 804 2622 1.
836 2600 903 2621 nou
937 2588 1184 2632 participium,
1218 2589 1278 2623 sed
1302 2588 1446 2623 adiecti-

63 2655 148 2678 vum
172 2649 244 2687 est,
277 2645 397 2679 durior
420 2646 518 2680 nobis
550 2647 650 2680 verbi
674 2645 804 2688 ellipsis
835 2646 995 2688 videtur,
1028 2658 1138 2690 neque
1172 2647 1214 2680 iis
1238 2648 1447 2690 excusanda,

62 2713 153 2746 quae
174 2703 219 2737 ad
243 2715 272 2737 c.
291 2703 319 2746 1,
338 2704 373 2739 ὃ.
398 2704 588 2739 attulimus.
612 2723 658 2729 —
682 2706 873 2748 Reseratur
896 2704 1146 2748 explicavimus
1169 2705 1213 2740 ad
1237 2706 1366 2747 xxm,
1390 2706 1422 2740 l.
