1630 3034
399 195 763 240 IUGURTHA.
824 195 948 238 CAP.
981 195 1192 240 LXXXII.
1406 202 1490 242 429

103 313 220 358 victo
265 312 484 374 Iugurtha
511 319 823 366 consueverat,
873 313 1075 357 omnibus
1107 313 1217 357 locis
1251 315 1486 375 pugnandi

67 471 70 473 -
102 411 280 470 copiam
315 410 446 464 facit;
494 416 692 455 ceterum
722 401 846 453 haud
879 410 1040 470 procul
1073 409 1134 455 ab
1171 409 1293 456 Cirta
1330 412 1484 456 castris

101 507 275 551 munitis
319 522 451 566 reges
497 507 750 567 opperitur,
795 506 953 550 melius
1001 522 1098 551 esse
1143 513 1261 552 ratus
1295 508 1483 569 cognitis

99 601 286 660 Mauris,
323 604 532 662 quoniam
567 604 602 648 is
633 618 773 647 novus
804 602 942 646 hostis
978 611 1240 658 accesserat,
1277 619 1331 648 ex
1359 619 1483 649 com—

99 699 237 744 modo
285 714 487 759 pugnam
530 700 693 744 facere.
765 699 946 743 Interim
989 700 1140 744 Roma
1183 715 1267 760 per
1310 701 1513 752 litteras2

100 796 260 840 certior
295 796 345 839 fit
378 796 654 856 provinciam
689 796 944 840 Numidiam
980 795 1129 842 Mario
1166 797 1344 850 datam;
1380 813 1483 842 nam

97 996 151 1031 his
173 997 217 1031 de
238 997 282 1031 B.
308 997 353 1031 G.
380 997 454 1041 Vll,
477 999 535 1041 42,
560 997 608 1040 4.‚
639 999 676 1033 id
710 998 898 1034 Numidam
921 998 1035 1044 egisse
1058 998 1195 1040 dicens,
1231 1003 1269 1034 ut
1298 1000 1482 1034 Bocchum

92 1058 251 1101 facinore
276 1058 426 1093 admisso
453 1061 501 1094 ad
524 1061 712 1094 sanitatem
734 1060 882 1104 puderet
906 1059 1045 1093 reverti.

185 1132 362 1167 Lxxxn.
388 1133 422 1178 §.
455 1133 490 1168 l.
536 1145 639 1179 saepe
671 1135 768 1179 iam]
807 1135 905 1168 Haec
938 1145 1004 1166 non
1038 1133 1209 1167 trahenda
1232 1134 1377 1167 suntad
1401 1145 1483 1168 con-

94 1197 275 1234 sueverat,
308 1193 367 1226 sed
392 1194 436 1228 ad
461 1195 568 1229 verba
592 1196 680 1229 victo
706 1196 809 1240 1ug.,·
842 1195 975 1227 nullum
999 1194 1092 1227 enim
1118 1194 1234 1228 locum
1259 1204 1397 1239 pugnae
1422 1195 1481 1226 de-

94 1256 242 1287 trectare
274 1255 410 1288 solebat
439 1255 627 1296 Metellus,
658 1267 766 1299 quum
798 1266 901 1298 saepe
934 1255 1023 1289 victo
1055 1255 1227 1299 Iugurtha
1251 1254 1480 1299 cognovisset,

93 1315 211 1359 quovis
234 1315 304 1348 loco
328 1315 457 1348 hostem
480 1315 676 1359 inferiorem
700 1315 884 1349 discedere.
909 1333 953 1340 —
973 1315 1115 1359 Copiam
1145 1317 1238 1357 facit
1269 1328 1315 1351 sc.
1339 1317 1481 1361 regibus

93 1375 150 1408 vel
174 1374 241 1416 iis,
274 1375 366 1418 quod
391 1374 495 1408 facile
525 1375 644 1408 elicias
667 1386 708 1409 ex
733 1375 991 1418 superioribus3
1024 1376 1070 1410 cf.
1095 1376 1138 1409 ad
1164 1388 1193 1411 c.
1217 1376 1246 1416 Ι,
1270 1376 1304 1410 3.
1329 1380 1363 1410 et
1387 1376 1478 1417 xlv,

93 1434 151 1469 19.
174 1452 221 1461 —
248 1435 429 1479 Ceterum,
465 1435 556 1478 quod
580 1435 785 1470 adversandi
812 1436 883 1469 vim
908 1436 1036 1478 habet,
1076 1436 1225 1470 Weisius
1249 1437 1398 1480 pessime
1420 1448 1480 1470 ex-

91 1495 199 1539 plicat
221 1496 364 1540 itaque3
387 1506 420 1528 v.
446 1495 491 1528 ad
514 1506 544 1528 c.
568 1495 611 1536 Π,
636 1495 670 1528 4.
696 1514 740 1522 -
767 1497 850 1530 Esse
874 1501 954 1530 ante
977 1503 1076 1532 ratus
1100 1498 1241 1532 eortius
1266 1497 1394 1541 omisit,
1420 1497 1480 1531 sed

92 1567 161 1590 nou
198 1556 284 1590 dixit
314 1566 465 1600 quorum
494 1556 593 1589 codd.
629 1556 846 1593 auctoritate.
902 1557 1003 1590 Certe
1043 1558 1142 1591 abest
1181 1558 1425 1592 tantummodo
1457 1567 1480 1591 a

93 1616 198 1651 Bern.
224 1617 256 1650 1.
280 1616 314 1651 3.
339 1617 429 1651 Tur.
453 1615 486 1650 1.
512 1615 622 1649 Vatic.
645 1616 681 1650 4.
714 1620 749 1650 et
780 1616 941 1659 Goerlit.‚
965 1622 999 1652 et
1022 1623 1116 1653 recte
1140 1619 1261 1652 abesse
1291 1630 1390 1662 posse
1412 1629 1482 1652 non

91 1679 144 1710 est
175 1676 339 1720 dubium,
372 1687 405 1710 v.
440 1676 484 1709 ad
508 1676 582 1710 Cat.
608 1677 645 1718 I,
669 1677 703 1710 3.
736 1689 769 1721 p.
793 1677 829 1711 6.
877 1677 948 1711 Sed
982 1689 1089 1722 quum
1125 1679 1357 1722 plurimorum
1381 1679 1481 1713 codd.

91 1748 293 1771 consensum
318 1736 500 1771 confirmet
523 1737 622 1770 Arus.
647 1738 797 1772 Messius
820 1749 854 1773 V.
880 1750 920 1772 e:
943 1739 1128 1780 commodo,
1156 1740 1366 1773 Grammatt.
1388 1739 1481 1773 Latt.

91 1798 168 1831 Vol.
191 1798 219 1831 1.
253 1810 287 1842 p.
312 1797 392 1831 229.
417 1797 470 1832 ed.
496 1797 664 1840 Lindem„
695 1799 785 1833 nihil
808 1799 844 1833 in
868 1799 1014 1844 vulgata
1037 1799 1243 1833 mutandum
1266 1799 1415 1833 videtur.
1434 1818 1479 1823 -

97 1859 256 1904 Cognitis
282 1858 423 1892 Mauris
446 1858 470 1894 i.
493 1869 522 1892 e.
548 1862 622 1893 tum
646 1860 808 1902 demum,
842 1871 970 1904 quum,
1004 1871 1073 1903 quo
1097 1859 1275 1904 pugnandi
1295 1870 1422 1904 genere
1445 1863 1480 1894 et

93 1929 193 1953 more
226 1918 345 1952 Mauri
368 1922 570 1964 uterentur,
607 1920 852 1966 cognovisset3
883 1920 930 1953 cf.
957 1931 987 1953 c.
1012 1920 1088 1962 VH,
1114 1920 1148 1955 4.
1172 1921 1271 1953 Caes.
1295 1921 1338 1953 Β.
1364 1920 1407 1954 G.
1433 1920 1479 1961 ll,

91 1978 126 2013 8.
149 1979 208 2020 IV,
233 1979 292 2014 2⁰.
315 1997 359 2006 —
386 1980 440 2012 Et
463 1981 636 2014 commodo
670 1981 882 2015 laumannus
915 1990 982 2013 non
1009 1979 1092 2014 satis
1119 1983 1286 2014 accurate
1309 1979 1479 2023 interpre-

92 2042 186 2072 tatur
210 2039 289 2071 ubi
312 2040 524 2073 commodum
546 2050 704 2082 poscer
717 2042 769 2072 et.
817 2038 947 2073 Sensus
970 2043 1021 2073 est
1040 2039 1154 2083 potius
1177 2040 1355 2072 commoda
1379 2051 1480 2074 occa-

92 2100 186 2134 sione
217 2100 394 2139 ablatem
426 2110 508 2133 uam
542 2111 581 2132 ex
615 2099 756 2143 propria
788 2110 932 2133 caussae
962 2103 997 2133 et
1029 2099 1176 2144 originis
1209 2103 1379 2142 potestate
1409 2110 1478 2133 non

92 2158 249 2204 deposita
281 2159 410 2193 indicat
440 2170 599 2206 pugnam
635 2171 684 2196 ea·
729 2160 953 2194 commoda
982 2171 1107 2195 caussa
1139 2164 1203 2194 aut
1239 2160 1479 2194 occasione

93 2220 194 2267 quasi
214 2220 417 2265 prodire.

185 2297 217 2338 5.
242 2295 275 2329 2.
321 2295 532 2339 provinciam
565 2295 767 2330 Numidiam
803 2295 914 2329 Mario
951 2294 1097 2339 datam]
1131 2294 1170 2328 In
1205 2293 1297 2339 Teg.
1335 2294 1419 2328 Bas.
1442 2293 1477 2329 ⁴.

93 2356 198 2390 Bern.
225 2356 257 2390 l.
282 2356 400 2392 Berol.
424 2356 457 2391 1.
489 2356 592 2390 Misn.
626 2360 661 2391 et
692 2357 836 2391 Goerlit.
870 2360 904 2390 et
934 2355 1054 2399 paucis
1078 2355 1158 2389 aliis
1189 2355 1327 2389 inverso
1358 2355 1478 2389 ordine

92 2417 223 2462 legitur
247 2417 361 2451 Mario
383 2428 480 2462 prov.
508 2417 610 2451 Num.
637 2417 776 2459 datam,
809 2416 869 2460 qui
893 2416 978 2450 ordo
1010 2416 1106 2450 haud
1129 2415 1234 2449 dubie
1257 2416 1402 2460 vulgato
1426 2419 1479 2450 est

94 2478 264 2521 deterior,
299 2487 406 2521 quum
440 2475 493 2509 vis
523 2476 712 2511 sententiae
745 2477 781 2511 in
814 2487 901 2510 voce
924 2476 1142 2521 provinciam
1166 2475 1267 2520 insit,
1307 2480 1347 2510 ut
1370 2487 1412 2510 ex
1435 2487 1477 2510 eo

94 2543 208 2585 patet,
240 2539 332 2582 qnod
365 2537 559 2572 consulatus
591 2536 624 2570 ei
658 2540 709 2571 est
731 2537 922 2581 oppositus.
970 2537 1087 2571 Simul
1109 2537 1316 2582 intelligitur
1337 2537 1478 2582 provin-

95 2600 185 2634 eiam
210 2599 448 2643 praedicatum
473 2608 545 2631 esse
568 2597 631 2641 (cf.
656 2609 686 2632 c.
712 2599 883 2639 LXXXV,
910 2597 1009 2642 34),
1041 2609 1151 2642 neque
1174 2609 1236 2642 pro
1261 2597 1477 2642 appositione

100 2660 287 2695 Numidiae
311 2659 435 2694 haberi
468 2669 578 2702 posse.
601 2678 644 2684 —
671 2659 765 2693 Nam
788 2659 959 2703 particula
981 2663 1113 2702 spectat
1146 2659 1192 2694 ad
1215 2658 1381 2693 omissam
1404 2658 1476 2692 ali-

96 2731 200 2763 quam
223 2721 425 2755 sententiam
445 2745 456 2761 ,
479 2729 584 2763 quam
607 2718 658 2753 sic
681 2720 755 2753 fere
777 2719 1011 2763 suppleveris:
1035 2730 1125 2763 quae
1148 2732 1204 2754 res
1227 2720 1259 2753 ei
1283 2731 1350 2754 non
1373 2720 1476 2763 plane

96 2785 232 2823 praeter
254 2780 542 2824 exspectationem
567 2779 701 2814 accidit.
728 2780 774 2814 cf.
799 2780 843 2814 ad
868 2792 899 2815 c.
924 2780 1017 2823 xlx,
1041 2780 1077 2814 2.
1102 2799 1144 2806 -
1179 2782 1270 2815 Ante
1294 2783 1475 2824 acceperat
