1630 3034
288 170 637 217 CATILINA.
693 169 827 211 CAP.
863 168 997 210 XXV.
1025 167 1181 210 XXVI.
1364 175 1446 215 123

61 286 187 332 haud
224 286 486 338 absurdum3
519 300 652 345 posse
678 300 827 329 versus
863 284 1026 338 facere,
1058 284 1213 329 iocum
1247 287 1444 343 movere,

62 393 267 423 sermone
311 378 376 421 uti
420 377 494 420 vel
538 376 771 433 modesto,
817 376 889 419 vel
934 375 1084 431 molli,
1129 376 1203 419 vel
1237 379 1445 436 procaci3

59 484 243 528 prorsus
278 469 445 516 multae
478 468 670 512 facetiae
705 466 960 523 multusque
994 466 1125 524 lepos
1158 468 1313 513 inerat.

195 559 360 604 XXVI.
429 559 513 602 His
548 560 679 602 rebus
715 558 1011 616 comparatis,
1049 557 1242 602 Catilina
1277 559 1446 606 nihilo-

59 650 200 694 minus
252 651 298 694 in
357 664 627 709 proxumum
683 664 846 692 annum
911 649 1191 693 consulatum
1244 654 1444 710 petebat,

57 851 222 897 genium5
255 852 460 886 modestiam
487 853 667 896 praeferre
702 854 737 883 et
767 848 914 883 lascivia
943 849 1022 890 uti3
1053 861 1155 884 rarus
1194 851 1234 885 in
1269 854 1444 896 publicum

60 917 230 954 egressus,
254 909 358 953 idque
380 911 501 944 velata
521 915 625 955 parte
657 908 736 942 oris.
793 908 847 941 Ab
881 907 938 940 his
961 907 1077 941 Taciti
1108 913 1142 943 et
1165 908 1323 943 Sallustii
1346 911 1446 953 locis,

57 976 150 1009 quae
178 965 246 999 sibi
269 967 314 1001 ad
344 967 511 1001 amussim
545 966 773 1010 respondent,
801 965 904 1008 piane
939 964 1095 998 diversus
1127 969 1179 999 est·
1212 966 1303 1000 aiter
1327 967 1446 1002 Taciti

57 1024 157 1056 locus
180 1023 332 1058 Historr.
353 1025 421 1066 111,
438 1024 495 1065 62,
515 1025 609 1060 med.
648 1024 772 1056 Valens
793 1034 922 1066 procax
946 1023 1116 1064 moribus,
1140 1034 1249 1066 neque
1274 1025 1444 1059 absurdus

57 1081 220 1126 ingenio,
245 1084 387 1126 famam
409 1083 620 1116 urbanitatis
642 1092 705 1125 per
728 1080 908 1113 lasciviam
929 1084 1058 1122 petere.
1120 1079 1284 1112 ceterum
1308 1082 1445 1116 Curtius

57 1139 169 1171 mollis
197 1139 286 1172 bene
319 1139 569 1182 interpretatur
592 1138 827 1182 voluptarius,
858 1136 884 1170 i.
909 1146 940 1168 e.
976 1136 1021 1169 ad
1042 1147 1120 1170 rem
1145 1148 1331 1171 veneream
1356 1144 1443 1173 tecte

58 1194 217 1230 illiciens.
274 1197 357 1230 Hoc
381 1207 482 1229 sensu
504 1197 614 1229 mollis
646 1200 681 1229 et
704 1195 871 1228 delicatus
905 1203 1009 1236 saepe
1044 1192 1114 1226 dici
1138 1193 1338 1229 observavit
1361 1197 1442 1231 Car.

59 1251 247 1285 Beier-:ad
271 1253 343 1286 Cic.
369 1252 441 1286 Off.
466 1254 494 1294 1,
513 1253 570 1297 30,
594 1252 674 1286 106.
705 1263 810 1296 quam
832 1251 879 1284 sit
901 1256 1019 1295 turpe,
1044 1251 1202 1294 diffluere
1226 1253 1383 1294 luxuria,
1409 1259 1444 1288 et

59 1308 266 1342 molliter
297 1321 348 1343 ac
373 1311 585 1345 delicate
608 1311 735 1344 vivere.
769 1308 929 1342 Macrob.
954 1306 1027 1339 Sat.
1057 1307 1101 1347 11,
1118 1307 1151 1340 1.
1192 1311 1313 1352 puella
1336 1323 1447 1355 supra

59 1369 223 1398 naturam
247 1367 439 1400 mollior.
489 1368 542 1401 Cf.
580 1368 676 1401 locos
701 1377 723 1400 a
747 1363 935 1398 Gerlachio
960 1364 1151 1406 ascriptos,
1176 1365 1249 1400 Cic.
1275 1367 1317 1400 de
1339 1368 1369 1400 F
1372 1369 1441 1403 inn.

58 1422 88 1462 1,
108 1422 167 1464 11,
186 1422 242 1456 37.
268 1422 400 1456 Tibull.
418 1424 481 1465 111,
497 1424 532 1465 4,
553 1423 611 1457 76.
666 1423 799 1457 Procax
834 1425 952 1455 autem
975 1419 1103 1453 dicitur
1125 1421 1185 1464 qui
1207 1423 1310 1467 plane
1333 1426 1445 1460 effusa

58 1483 110 1513 est
132 1479 346 1523 impudentia
369 1485 404 1515 et
427 1481 644 1526 petulantia;
669 1479 868 1514 meretrices
900 1477 1013 1522 igitur
1044 1478 1185 1522 proprie
1202 1491 1367 1523 procaces
1391 1483 1445 1517 di-

57 1539 153 1577 ctae,
177 1547 198 1569 a
230 1539 405 1580 procando
439 1539 463 1572 i.
487 1550 517 1572 e.
553 1538 779 1582 postulando,
812 1537 855 1569 de
888 1546 959 1578 qua
980 1535 1077 1569 vocis
1101 1536 1141 1569 vi
1173 1537 1218 1574 cf.
1243 1539 1332 1572 Non·
1356 1541 1385 1582 Ι,
1408 1553 1444 1576 n.

56 1590 114 1627 89.
138 1596 173 1626 et
196 1593 382 1628 Ruhnken.
407 1596 452 1628 ad
480 1595 563 1628 Ter.
590 1597 719 1630 Heaut.
745 1594 790 1635 Π,
812 1594 847 1634 1,
868 1591 924 1626 15.
962 1590 1034 1626 Cic.
1058 1604 1093 1636 p.
1119 1594 1214 1629 Coel.
1238 1595 1297 1636 20,
1321 1596 1378 1631 49.
1413 1599 1445 1632 εἰ

57 1649 111 1682 ita
132 1661 204 1683 sese
227 1657 385 1695 gereret,
410 1658 451 1686 ut
470 1664 538 1686 non
560 1655 669 1686 solum
692 1650 874 1690 meretrix,
910 1650 971 1683 scd
995 1651 1100 1683 etiam
1119 1662 1249 1695 procax
1271 1653 1446 1688 videatur.

56 1705 162 1740 ovid.
185 1707 301 1742 Amm.
324 1709 368 1749 11,
387 1707 423 1750 2,
443 1709 500 1743 13.
519 1730 564 1734 —
590 1710 734 1745 Prorsus
758 1707 968 1741 Gerlachius
992 1719 1177 1756 perperam
1200 1709 1446 1754 interpretatur

57 1765 215 1804 omnino,·
238 1776 307 1799 non
330 1766 424 1800 enim
446 1767 596 1811 pertinet
617 1766 661 1800 ad
691 1766 821 1812 multae
845 1765 906 1801 sed
929 1765 973 1798 ad
998 1766 1122 1799 inerat.
1147 1766 1188 1801 V.
1212 1768 1257 1800 ad
1275 1770 1392 1812 e.XV,
1411 1769 1446 1804 4.

150 1822 272 1862 XXVI.
319 1825 350 1866 ς.
384 1824 416 1857 1.
464 1825 531 1858 His
563 1825 663 1857 rebus
701 1822 932 1867 comparatis]
976 1823 1076 1856 Haec
1109 1822 1208 1858 varie
1230 1824 1445 1870 interpretati

56 1883 136 1912 sunt
167 1878 326 1914 editores.
374 1881 515 1915 Curtius
549 1881 644 1915 enim
677 1885 712 1914 et
741 1872 890 1914 Damius
923 1880 1117 1924 explicant:
1150 1894 1361 1927 quamquam
1394 1891 1445 1920 tot

57 1936 211 1978 auxilia,
235 1948 351 1981 quae
384 1939 439 1971 ad
463 1939 713 1972 consilium
748 1938 1102 1980 exsequendum
1135 1942 1443 1985 sufficerent,

54 1999 260 2036 paraverat,
282 1998 400 2027 tamen
424 1996 530 2028 etiam
554 1996 768 2029 consulatum
786 1996 940 2039 petebat.
986 1995 1098 2029 Aliter
1121 1996 1297 2042 Langius:
1321 2012 1444 2044 quam-

59 2061 164 2093 quam
203 2055 306 2083 tanta
337 2051 490 2096 undique
527 2053 770 2098 coniurationis
803 2053 958 2086 subsidia
1003 2062 1287 2098 comparaverat,
1319 2069 1444 2100 quac

56 2108 289 2150 petitioni
316 2108 415 2140 eius
440 2109 646 2143 adversa
668 2111 843 2153 potius,
877 2121 1003 2153 quam
1028 2112 1228 2144 secunda
1253 2123 1349 2146 csse
1374 2114 1442 2148 dc-

59 2165 79 2197 b
93 2165 249 2204 ebant,
289 2164 510 2198 nihilominus
551 2171 670 2199 tamen
700 2171 765 2200 etc.
819 2166 1046 2200 Kunhardtus
1090 2167 1159 2200 sic:
1203 2171 1360 2213 quamvis
1400 2183 1445 2205 ea

59 2226 346 2266 comparaverat,
370 2233 486 2266 quae
510 2223 569 2256 ad
602 2225 820 2258 hostilem
854 2225 1216 2258 incursationem
1236 2228 1445 2269 pertinc-

61 2279 194 2321 bant,
238 2283 356 2312 tamen
391 2291 480 2313 cons.
510 2281 672 2324 petebat,
709 2282 810 2326 quasi
840 2281 993 2314 civitatis
1024 2281 1171 2315 salutem
1202 2295 1337 2318 curans.
1386 2285 1444 2319 Si-

61 2335 192 2368 militer
215 2335 442 2369 Geriachius=
474 2339 631 2381 quamvis
656 2337 827 2371 Catilinae
851 2338 993 2371 consilia
1026 2339 1081 2372 ad
1114 2341 1202 2373 vim
1225 2346 1444 2386 spectare

62 2391 372 2433 videbantur,
405 2398 523 2427 tamen
563 2400 598 2428 et
638 2405 726 2427 cons.
758 2395 878 2438 petiit,
924 2400 962 2429 ut
1002 2397 1233 2441 magistratus
1270 2403 1445 2445 potestate

63 2449 249 2494 gauderet.
297 2448 427 2483 Omnes
451 2450 533 2484 salsi
555 2451 738 2492 videntum
774 2452 992 2485 nihilominus
1027 2454 1120 2487 enim
1154 2465 1223 2488 non
1257 2460 1369 2498 potest
1399 2457 1445 2490 ad

63 2507 173 2541 verba
196 2506 249 2540 his
271 2507 342 2540 reb.
366 2519 473 2552 comp.
496 2514 663 2551 spectare,
696 2519 806 2551 quae,
831 2520 939 2552 quum
972 2511 1017 2544 ad
1039 2522 1115 2555 cap.
1138 2513 1262 2556 XXIV,
1289 2513 1323 2549 2.
1353 2514 1445 2547 refe-

64 2567 207 2604 rantur,
229 2574 298 2598 nou
322 2566 547 2607 concedendi,
581 2565 640 2600 sed
666 2565 830 2608 temporis
854 2567 1029 2609 particula
1052 2569 1216 2602 solvenda
1239 2574 1328 2603 suut.
1375 2571 1444 2604 m·-

64 2621 246 2655 hilominus
266 2621 381 2664 potius
405 2623 449 2656 ad
471 2623 676 2658 sententiam
699 2633 768 2656 non
786 2623 901 2658 verbis
924 2636 1134 2669 expressam,
1157 2627 1217 2660 sed
1233 2627 1444 2672 cogitatione

65 2678 291 2722 supplendam
325 2680 546 2717 referendum
576 2692 668 2722 esse,
699 2681 823 2717 docent
857 2682 963 2717 verba
995 2683 1031 2716 in
1055 2693 1260 2728 proxumum
1293 2695 1443 2726 annum
