1630 3034
203 188 287 229 5⁰8
573 180 618 224 G.
650 177 981 222 SALLUSTI
1012 177 1227 222 CRISPI

201 315 304 346 men
340 297 397 343 ab
439 296 629 357 negotiis
677 302 921 354 n‘umquam
964 296 1167 356 voluptas
1215 303 1463 355 remorata,
1506 296 1586 343 nisi

201 397 326 458 quod
371 395 430 440 de
476 409 615 438 uxore
658 394 804 454 potuit
851 392 1080 438 honestius
1121 394 1318 449 consuli3
1353 394 1586 452 facundus,

199 524 269 569 psit
292 527 349 565 et,
385 521 478 565 quod
502 532 565 554 cur
598 519 800 554 faciendum
833 520 1009 563 putaverit
1031 520 1129 554 nulla
1150 531 1275 554 caussa
1296 520 1444 564 reperiri
1465 525 1587 564 potest.

198 583 386 619 contrario
410 582 514 616 modo
538 593 602 625 pro
625 581 725 615 iuxta
749 585 888 625 atque
910 581 947 615 in
970 581 1025 615 ed.
1050 580 1136 614 mai.
1159 580 1278 614 invitis
1302 582 1403 630 codd.
1428 581 1589 616 omnibus

199 647 309 682 habet
340 646 440 679 iuxta
473 648 539 684 εἰς
575 645 672 685 tum,
709 644 748 676 ut
780 645 831 676 est
861 642 1105 683 inconstantia,
1123 642 1292 687 insignis,
1318 642 1354 676 in
1380 643 1588 688 commentt.

200 720 235 753 p.
258 706 338 741 324.
370 705 534 749 copulam
566 703 720 736 deletam
751 703 849 743 vult3
873 708 1046 746 postremo
1071 702 1106 737 in
1130 703 1183 738 ed.
1207 703 1396 737 novissima
1416 703 1463 737 nd
1488 703 1588 737 codd.

198 769 412 813 scripturam
434 765 533 800 redit.
582 766 746 799 ceterum
769 762 1008 807 perspicuitati
1033 775 1100 797 non
1124 763 1210 798 satis
1233 765 1499 808 consuluerunt,
1531 765 1591 809 qui

199 831 298 864 nulla
328 828 605 871 interpunctione
637 830 714 871 post
746 826 846 859 iuxta
873 824 1121 868 distinxerunt,
1154 826 1254 870 quasi
1277 826 1470 870 particulae
1491 827 1591 860 iusta

200 897 333 936 atque,
364 895 403 923 ut
434 888 523 923 alias
558 888 617 926 fit,
650 885 816 929 coniungi
846 885 1004 921 debeant.
1051 886 1142 920 Nam
1166 886 1220 921 vis
1244 886 1435 931 praedicati
1457 890 1592 921 constat

200 953 278 987 sola
308 952 408 985 iuxta
442 960 550 990 voce,
582 946 640 981 cui
669 957 763 980 nova
796 946 891 980 notio
915 946 1056 981 additur
1078 948 1292 982 doctissume.
1342 949 1462 991 Quare
1486 953 1592 993 atque

201 1014 296 1047 valet
319 1017 353 1046 et
382 1010 516 1056 quidem
531 1035 540 1051 ,
565 1013 604 1043 ut
627 1012 723 1042 recte
747 1007 883 1042 monuit
907 1007 1039 1050 Faber3
1064 1020 1098 1043 v.
1125 1012 1168 1045 ad
1194 1022 1222 1045 c.
1247 1009 1356 1051 xcu,
1379 1009 1413 1043 4.
1429 1028 1475 1035 —·
1500 999 1591 1044 Esse

200 1077 279 1119 post
303 1063 493 1113 luoeurioso,
527 1070 618 1114 quod
643 1069 678 1103 in
703 1069 815 1103 tribus
843 1069 942 1102 codd.
966 1069 1080 1109 deest,
1113 1068 1253 1102 curtius
1274 1069 1422 1113 pessime
1444 1070 1591 1114 ‹ieter-in

201 1146 244 1169 ex
275 1135 345 1167 hoc
377 1132 471 1166 enim
495 1132 604 1165 verbo
629 1130 770 1175 singula
793 1129 1000 1171 enunciata,
1033 1129 1159 1173 quibus
1184 1125 1308 1164 Sullae
1329 1130 1509 1176 ingenium
1533 1132 1593 1166 de-

199 1195 386 1237 scribitur,
418 1192 591 1238 pendent,
616 1192 665 1225 ita
689 1195 727 1225 ut
751 1192 886 1234 oratio,
905 1202 968 1235 per
991 1189 1134 1224 nomina
1155 1190 1402 1235 progrediens,
1422 1192 1460 1227 in
1482 1194 1592 1228 verbo

199 1256 385 1298 subsistat3
418 1254 646 1298 ‹juamobrem
675 1251 789 1286 maior
823 1251 1056 1295 interpunctio
1082 1253 1323 1286 tantummodo
1345 1256 1422 1296 post
1443 1254 1594 1300 ignavia

199 1322 237 1354 et
261 1309 334 1353 esse
363 1316 545 1362 ponenda,
570 1318 688 1348 cetera
714 1312 898 1347 commatis
922 1313 1165 1358 distinguenda
1199 1317 1289 1347 sunt.
1311 1333 1356 1339 -—
1389 1315 1473 1348 Post
1493 1326 1593 1348 num-

201 1391 305 1426 quam
329 1378 366 1413 in
389 1388 458 1412 uno
481 1377 663 1419 alteroque
690 1375 767 1408 cod.
801 1374 932 1420 legitur
956 1386 1054 1416 eum,
1084 1374 1178 1418 quod
1207 1373 1342 1408 scribae
1373 1375 1592 1421 addiderunt,

201 1441 379 1476 obiectum
411 1437 566 1482 suppleri
598 1448 699 1481 posse
732 1436 939 1476 nescientes,
972 1436 1014 1469 de
1046 1446 1117 1479 qua
1148 1446 1186 1469 re
1209 1435 1408 1471 monuimus
1432 1438 1464 1479 §-
1489 1438 1524 1472 ‘'.
1548 1458 1594 1464 —

201 1501 462 1536 Particularum
488 1500 557 1532 nisi
581 1499 672 1543 quod
695 1509 799 1531 usum
823 1497 980 1541 elliptiea
1004 1496 1141 1530 dicendi
1171 1497 1306 1531 ratione
1330 1490 1392 1531 niti
1416 1503 1509 1532 recte
1533 1499 1594 1533 ob-

199 1561 355 1597 servavit
380 1560 563 1594 Walchius
587 1561 631 1593 ad
655 1559 774 1596 Tacit.
797 1560 917 1604 Agric.
944 1572 973 1593 c.
998 1559 1056 1592 w.
1082 1571 1115 1602 p.
1140 1557 1221 1592 153.
1268 1559 1360 1593 Nam
1384 1570 1491 1602 quum
1518 1570 1596 1593 sen-

201 1622 311 1657 tentia
343 1632 404 1664 per
436 1620 503 1654 nisi
535 1621 625 1666 quod
656 1621 779 1662 illata,
818 1620 901 1664 quia
933 1630 1063 1653 novum
1095 1618 1334 1663 praedicatum
1367 1621 1496 1663 habet,
1525 1632 1594 1655 non

199 1684 308 1729 possit
330 1681 492 1716 continuo
517 1693 557 1715 ex
579 1681 800 1715 antecedente
820 1679 955 1724 excipi,
979 1681 1022 1714 ad
1048 1681 1156 1714 verba
1179 1681 1222 1714 ab
1245 1682 1396 1725 negotiis
1418 1694 1595 1727 nunquam

200 1746 363 1789 voluptas
386 1747 564 1777 remorata
587 1741 800 1786 cogitatione
824 1742 895 1775 tale
919 1742 1001 1786 quid
1026 1743 1222 1776 addendum
1246 1747 1317 1776 est:
1342 1748 1380 1776 ut
1405 1748 1592 1787 appareat,

199 1806 436 1850 voluptatibus
474 1815 551 1838 eum
592 1803 707 1847 potius
740 1803 874 1836 duxisse
909 1803 1098 1837 honestum.
1156 1803 1222 1837 Cui
1255 1803 1351 1837 laudi
1384 1815 1492 1847 quum
1523 1816 1591 1839 non

200 1866 425 1902 annumerari
450 1864 598 1907 possint,
633 1875 724 1908 quae
747 1864 892 1898 libidine
915 1864 1082 1907 abreptus
1105 1864 1222 1897 minus
1245 1864 1392 1898 honeste
1414 1869 1449 1898 et
1473 1870 1595 1900 contra

201 1930 365 1963 decorum
390 1927 426 1961 in
450 1925 676 1960 matrimonio
700 1924 795 1970 egit,
822 1924 982 1969 turpibus
1005 1925 1184 1959 amoribus
1212 1928 1246 1958 et
1270 1925 1452 1959 adulteriis
1475 1926 1593 1961 indul-

201 2002 305 2035 gens,
344 1990 434 2022 haec
466 1991 560 2021 recte
583 1998 646 2031 per
669 1986 859 2030 particulas
884 1986 951 2019 m'si
973 1987 1065 2030 quod
1090 1986 1139 2020 ita
1161 1986 1398 2030 excipiuntur,
1431 1991 1470 2021 ut
1492 1988 1596 2031 plena

201 2049 371 2085 sententia
402 2049 472 2090 sit,
506 2049 574 2082 nisi
605 2048 719 2081 huic
756 2047 890 2080 laudi
933 2053 1196 2092 repugnat,
1238 2048 1341 2092 quod.
1380 2049 1432 2082 Ad
1455 2061 1594 2084 sensum

201 2113 312 2158 igitur
343 2123 410 2144 non
444 2109 683 2149 incommode,
722 2119 935 2152 quamquam
968 2120 1007 2142 re
1042 2119 1109 2141 non
1143 2107 1228 2141 satis
1259 2114 1442 2150 accurate,
1478 2111 1595 2146 Faber

202 2175 272 2208 uisi
295 2173 385 2217 quod
409 2172 501 2206 idem
529 2182 604 2204 csse
628 2169 713 2204 dicit
737 2174 840 2213 atque
864 2171 933 2203 sed.
966 2170 1011 2203 cf.
1039 2168 1157 2204 Tacit.
1179 2170 1268 2203 Ann.
1292 2170 1322 2214 1,
1347 2169 1405 2211 33,
1429 2171 1464 2205 3.
1513 2173 1595 2217 Ipsa

203 2235 403 2280 Agrippina
428 2233 547 2278 paullo
572 2231 789 2274 commotior,
813 2231 908 2264 nisi
937 2231 1054 2275 quod
1086 2232 1250 2265 castitate
1274 2236 1308 2265 et
1332 2233 1454 2266 mariti
1477 2244 1595 2268 umore

205 2296 363 2340 quamvis
401 2294 607 2328 indomitum
641 2292 794 2326 animum
828 2292 864 2325 in
896 2291 1019 2325 bonum
1044 2292 1218 2333 vertebat,
1254 2292 1314 2325 nbi
1338 2304 1447 2328 nexus
1470 2294 1520 2329 ita
1543 2299 1596 2330 est

204 2356 466 2401 concipiendus:
506 2366 595 2400 quae
629 2365 684 2388 res
713 2365 782 2387 non
812 2356 950 2396 poterat
981 2363 1050 2386 non
1082 2353 1250 2386 damnosa
1273 2355 1377 2396 fieri,
1407 2356 1500 2389 nisi
1533 2368 1593 2391 εα-

205 2419 335 2451 labrem
361 2417 644 2461 temperationem
668 2416 729 2449 hoc
754 2415 897 2454 attulit,
923 2414 1052 2458 quod.
1076 2413 1161 2447 ibid.
1190 2415 1245 2455 H,
1269 2414 1326 2459 24,
1351 2416 1386 2452 2.
1435 2419 1595 2453 Astitiue

205 2483 253 2512 tot
276 2489 340 2522 per
363 2489 494 2519 annos,
527 2479 586 2523 qui
610 2478 764 2517 vultum,
799 2476 971 2521 gemitus,
996 2476 1165 2509 occultum
1190 2475 1296 2509 etiam
1319 2488 1476 2512 murmur
1499 2480 1592 2513 exci-

204 2543 345 2582 perent,
378 2540 434 2573 vix
449 2539 562 2582 fides,
595 2539 760 2583 (supplm
792 2548 900 2580 quum
933 2536 1004 2570 alia
1036 2547 1147 2580 euque
1176 2541 1272 2572 certa
1303 2536 1504 2571 testimonia
1525 2548 1593 2572 non

204 2600 427 2643 habeantur)
453 2600 544 2633 nisi
567 2600 664 2643 (hoc
687 2599 851 2632 idoneum
875 2597 1113 2631 testimonium
1136 2599 1216 2642 eet)
1249 2598 1363 2643 quod
1401 2598 1493 2631 Actis·
1514 2610 1592 2632 cen-

208 2661 351 2695 turionis
390 2661 555 2704 epistolae
589 2672 763 2694 servorum
792 2659 932 2692 nomina
961 2660 1231 2703 praeferebant,
1262 2664 1301 2692 ut
1333 2659 1409 2704 quis
1445 2659 1595 2694 Drusum

205 2722 431 2766 pulsaverat,
456 2727 681 2755 exterruerat.
707 2720 754 2754 id.
785 2720 886 2760 xw,
911 2719 967 2761 Β,
992 2718 1026 2754 5.
1077 2721 1186 2755 Noto,
1215 2731 1347 2765 quoque
1371 2720 1499 2764 equites
1526 2720 1596 2754 Ro-

208 2793 327 2817 ηιτνιοι
357 2793 480 2826 operae
511 2793 640 2817 arenae
669 2783 871 2825 promittere
900 2782 1037 2827 subegit
1072 2782 1170 2815 donis
1198 2780 1397 2826 ingentibus
1427 2781 1594 2826 (supplet
