1630 3034
432 136 791 188 IUGURTHA.
851 143 976 189 CAP.
1006 144 1164 186 LXIX.
1406 148 1492 188 369

106 261 261 306 animis
298 275 452 306 eorum
487 260 694 318 arrectis,
731 259 900 319 equites
935 259 980 303 in
1018 260 1166 320 primo
1201 259 1315 314 late,
1353 260 1489 320 pedi-

105 364 170 403 tes
206 374 342 417 quam
378 358 609 402 artissume
643 357 708 401 ire
744 363 788 401 et
817 357 944 416 signa
979 357 1204 400 occultare
1238 356 1372 404 iubet,

239 454 402 499 LXIX.
473 453 701 514 Vagenses
737 453 813 496 ubi
849 453 1043 496 animum
1079 453 1312 497 advortere
1347 453 1415 497 ad
1442 470 1490 498 se

104 566 284 595 vorsum
330 550 574 594 exercitum
624 564 820 609 pergere
844 582 856 606 ,
909 549 1057 608 primo
1077 584 1091 607 ,
1147 550 1210 593 uti
1257 555 1350 593 erat
1393 566 1488 607 res,

103 673 220 713 πιίεἰις
250 672 296 708 cf.
321 671 365 706 ad
399 683 430 706 c.
455 671 594 711 XXIII,
621 670 655 704 1.
681 669 799 704 Tacit.
824 669 976 704 Historr.
1001 670 1067 713 IV,
1090 670 1155 713 59,
1180 675 1265 707 extr.
1315 674 1490 710 Classicus

107 733 399 777 corruptissimum
431 736 647 776 quemque'e
680 731 807 764 deditis
837 741 985 775 pergere
1018 731 1066 764 ad
1099 732 1248 767 obsessos
1273 734 1385 778 iubet,
1417 746 1487 769 ve-

103 794 225 828 niam
256 805 301 828 οε
316 797 505 828 tentant
519 803 580 835 es,
616 792 646 826 si
665 791 866 834 praesentia
890 797 1122 835 sequerentur.

193 855 226 896 §-
250 853 283 888 4.
331 853 498 896 arrectis]
532 852 556 886 ἰ.
581 863 613 885 e.
636 851 849 885 confirmatis
872 855 906 885 et
930 852 974 885 ad
999 864 1073 886 rem
1099 853 1259 894 intentis;
1284 855 1329 888 ef.
1354 855 1398 889 ad
1422 856 1489 890 Ca-

102 912 156 948 til.
179 925 209 947 c.
234 914 408 954 XXXIX,
431 911 465 949 3.
497 924 530 956 p.
557 911 626 945 183
654 925 704 956 sq.
753 912 868 946 Minus
893 913 979 945 bene
1004 912 1038 947 in
1063 914 1138 948 cod.
1164 915 1307 949 Balliol.
1333 920 1367 949 et
1393 917 1487 954 Med.

100 974 136 1009 8.
158 974 292 1019 legitur
314 973 444 1008 erectis.
466 991 513 997 —
534 973 574 1006 In
594 974 707 1017 primo
728 973 826 1007 late
850 973 994 1018 egregia
1017 977 1066 1007 est
1090 974 1258 1009 Palmerii
1280 977 1488 1020 emendatio,

100 1045 211 1078 nuper
233 1034 374 1068 demum
399 1033 607 1067 auctoritato
630 1034 706 1068 Vat.
731 1034 764 1067 1.
796 1035 908 1068 Paris.
935 1045 964 1067 c.
999 1038 1033 1067 et
1057 1035 1163 1068 Barb.
1191 1035 1225 1069 5.
1252 1047 1298 1070 m.
1323 1048 1376 1080 pr.
1400 1049 1487 1071 con-

101 1094 255 1128 firmata.
303 1094 393 1128 Nam
425 1092 531 1126 ceteri
564 1104 682 1127 omnes
713 1093 797 1127 libri
830 1105 894 1137 pro
931 1094 1004 1128 late
1038 1094 1168 1128 habent
1208 1096 1329 1130 latere.
1388 1098 1489 1141 Quae

101 1153 274 1198 scriptura
297 1157 335 1187 ut
358 1154 563 1188 sententiam
592 1154 780 1188 absurdam
804 1154 969 1198 praebet,
1001 1154 1052 1189 ita
1086 1155 1159 1189 sine
1190 1156 1296 1191 dubio
1319 1168 1340 1191 a
1364 1158 1488 1194 scribis

102 1218 286 1258 propterea
309 1216 361 1248 est
383 1214 520 1254 efficta,
541 1218 580 1248 ut
603 1215 711 1248 verba
734 1215 770 1247 in
792 1215 913 1259 primo,
939 1226 1122 1258 perperam
1147 1227 1209 1259 pro
1233 1217 1405 1252 adiectivo
1429 1230 1485 1252 ac-

100 1280 213 1319 cepta,
236 1274 494 1309 substantivum
517 1272 703 1315 haberent,
729 1286 879 1318 quocum
903 1276 1207 1320 coniungerentur.
1255 1278 1325 1312 Sed
1349 1280 1387 1312 in
1411 1281 1487 1324 pri-

100 1346 156 1370 mo
189 1334 399 1369 substantivi
430 1338 598 1378 potestate
629 1335 759 1369 dictum
793 1347 900 1379 quum
939 1336 975 1370 in
1007 1337 1207 1371 universum
1237 1338 1281 1373 sit
1315 1340 1351 1373 in
1372 1340 1488 1384 prima

97 1401 223 1441 parte,
256 1396 312 1429 vel
333 1396 444 1440 primo
470 1396 563 1437 loco,
596 1401 671 1430 tum
695 1395 730 1429 in
754 1407 792 1429 re
816 1396 962 1431 militari
994 1399 1162 1442 explicari
1186 1403 1297 1443 potest
1319 1401 1355 1433 in
1375 1402 1487 1445 primo

102 1457 246 1501 agmine
269 1457 325 1490 vel
351 1457 389 1490 in
419 1456 536 1500 prima
569 1456 666 1498 acie,
699 1460 737 1490 ut
770 1456 1018 1491 demonstravit
1050 1459 1250 1493 Gronovius
1273 1461 1317 1494 ad
1341 1461 1417 1495 Liv.
1445 1462 1487 1504 X,

101 1514 159 1557 14,
184 1514 241 1549 17.
263 1526 298 1551 v,
322 1515 367 1556 X,
392 1515 449 1558 41,
473 1516 506 1549 6.
555 1518 664 1550 Arma
687 1518 857 1563 signaque
886 1529 950 1562 per
973 1519 1157 1557 turbidam,
1174 1521 1283 1553 lucem
1314 1521 1363 1555 in
1392 1523 1487 1566 pri-

100 1587 164 1610 mo
195 1576 423 1620 apparebant.
449 1576 557 1617 XXV,
582 1576 640 1618 21,
663 1577 696 1612 6.
745 1578 865 1612 Prima
890 1579 982 1623 legio
1008 1584 1041 1613 et
1064 1580 1205 1613 sinistra
1229 1583 1288 1615 ala
1320 1582 1333 1615 i
1342 1594 1364 1615 n
1396 1584 1487 1627 pri-

100 1647 162 1669 mo
189 1636 370 1670 instructa.
418 1635 538 1680 Neque
562 1637 633 1671 alia
656 1638 747 1672 ratio
772 1643 823 1673 est
846 1638 1059 1682 accusativi,
1093 1641 1193 1674 velut
1217 1643 1310 1686 apud
1336 1643 1414 1678 Liv.
1439 1645 1485 1686 Π,

99 1697 159 1740 20,
185 1698 243 1732 10.
293 1698 465 1732 Desinunt
489 1709 530 1732 ex
565 1699 681 1743 equis,
707 1701 892 1744 provolant
924 1700 969 1733 in
1005 1701 1199 1744 primum
1232 1707 1265 1736 et
1293 1714 1357 1747 pro
1389 1709 1486 1738 ante-

99 1758 259 1804 signanis
280 1769 424 1803 parmas
456 1759 631 1793 obiiciunt.
658 1760 711 1802 ΙΙ,
736 1761 793 1804 416,
826 1761 861 1796 7.
909 1762 958 1794 In
986 1761 1179 1805 primurn
1205 1764 1341 1807 infestis
1373 1765 1484 1810 signis

97 1820 280 1864 provolant
312 1819 379 1853 duo
415 1820 530 1854 Fabii.
577 1819 713 1854 Pariter
738 1826 778 1854 ut
810 1821 848 1854 in
876 1821 987 1866 primo
1022 1821 1149 1856 dicitur
1171 1822 1277 1856 etiam
1302 1824 1338 1856 in
1361 1824 1486 1868 medio,

100 1880 180 1924 lug.
203 1880 308 1922 XLV,
331 1879 365 1916 2.
416 1881 578 1914 Metellus
601 1880 638 1914 in
662 1881 806 1925 agmine
827 1881 864 1914 in
885 1882 1007 1926 primis
1031 1873 1148 1924 modo,
1171 1883 1270 1916 modo
1294 1883 1331 1916 in
1353 1889 1487 1927 postre-

99 1941 177 1981 mis,
200 1951 304 1984 saepe
328 1941 372 1973 in
395 1941 541 1974 medio
565 1940 708 1980 adesse‚·
731 1952 795 1974 nec
817 1952 885 1975 non
908 1942 946 1975 in
966 1947 1149 1985 postremo,
1173 1944 1248 1986 lug.
1266 1953 1295 1976 c.
1315 1943 1435 1984 XLVI,
1452 1942 1486 1981 7.

103 2000 180 2044 Ipse
205 2001 300 2043 apud
322 2001 438 2044 prima
463 2005 561 2041 erat,
594 2001 637 2033 ἰπ
666 2005 898 2043 postremo
937 2001 972 2034 C.
1000 2002 1135 2036 Marius
1158 2003 1322 2042 curabat5
1346 2004 1486 2037 eadem-

102 2071 169 2104 que
193 2060 512 2104 analogiadictum
545 2061 581 2093 in
613 2059 785 2104 proximo,
816 2060 894 2104 lug.
919 2061 1019 2105 LIX,
1044 2062 1077 2097 2.
1109 2062 1169 2096 ubi
1203 2073 1236 2096 ν.
1272 2063 1364 2097 Cort.
1400 2064 1486 2098 Late

101 2125 218 2155 autem
244 2132 351 2164 quum
376 2121 576 2165 oppositum
607 2121 652 2154 sit
683 2119 798 2152 verbis
833 2132 936 2164 quam
961 2122 1164 2164 artissume,
1197 2122 1232 2155 in
1253 2128 1414 2167 promptu
1436 2129 1488 2159 est

102 2181 175 2215 tale
198 2181 340 2214 Metello
363 2181 399 2214 in
426 2180 548 2214 itinere
572 2180 730 2214 faciendo
754 2180 939 2214 consilium
964 2182 1070 2215 fuisse
1085 2207 1095 2224 ,
1132 2187 1172 2217 ut
1197 2183 1329 2226 equites
1356 2184 1392 2218 in
1415 2185 1488 2229 pri-

101 2252 160 2275 mo
188 2241 331 2286 agmine
364 2241 434 2275 Iate
466 2241 597 2275 diducti
621 2241 793 2285 peditum,
827 2241 887 2285 qui
920 2242 956 2275 in
980 2241 1193 2276 artissimum
1226 2244 1342 2288 stipati
1366 2246 1487 2280 subse-

102 2308 301 2346 querentur,
327 2307 504 2345 aspectum
528 2300 745 2347 Vagensibus
772 2312 912 2344 prorsus
943 2303 1199 2338 subtraherent.
1249 2305 1350 2348 Quae
1379 2317 1486 2350 quum

101 2362 153 2397 ita
175 2362 266 2404 sint,
291 2363 398 2395 verba
420 2362 526 2406 signa
548 2363 721 2396 occultare
744 2363 984 2396 tantummodo
1007 2363 1051 2397 ad
1073 2364 1206 2408 pedites
1229 2365 1420 2409 pertinent,
1443 2378 1488 2401 ne

103 2423 279 2456 Romanos
301 2433 375 2456 esse
399 2422 563 2466 oppidani
597 2423 781 2464 senfirent3
812 2434 893 2457 nam
931 2423 1081 2467 equites,
1106 2424 1165 2468 qui
1190 2424 1380 2458 maximam
1403 2437 1488 2470 par-

103 2487 174 2518 tem
196 2482 370 2518 Numidae
393 2487 527 2524 essent,
561 2494 629 2517 non
652 2494 738 2526 opus
771 2487 846 2517 erat
879 2483 970 2517 idem
995 2485 1122 2518 facere.
1169 2484 1268 2529 Quod
1292 2495 1359 2518 non
1382 2496 1488 2529 repu-

103 2546 179 2580 tans
203 2542 340 2577 Cottius
364 2548 398 2577 et
422 2543 629 2587 particutam
653 2543 697 2576 ad
721 2555 858 2577 sensum
882 2545 1111 2578 necessariam
1135 2544 1282 2586 deIevit,
1306 2545 1367 2588 qui
1390 2556 1488 2579 error

105 2602 211 2637 etiam
235 2603 269 2636 in
294 2603 410 2637 Guelf.
435 2603 492 2637 12.
519 2604 620 2637 Rem.
646 2603 679 2638 1.
703 2608 737 2638 et
760 2604 844 2638 Ven.
868 2604 902 2640 2.
925 2604 1143 2648 conspicitur.

195 2663 316 2697 LXIX.
342 2665 374 2705 §-
408 2664 441 2696 1.
490 2664 643 2698 animum
677 2665 886 2708 advortere]
918 2666 972 2699 Ita
1003 2665 1168 2709 scriptum
1203 2669 1254 2700 est
1285 2665 1320 2699 in
1347 2666 1428 2700 Bas.
1452 2666 1485 2700 1.

104 2719 242 2757 Fabric.
266 2722 300 2757 1.
324 2723 358 2757 2.
383 2735 428 2758 m.
455 2735 520 2768 pn,
545 2724 750 2760 melioribus
774 2723 928 2767 Gruter-i,
956 2723 1065 2759 Puris.
1091 2724 1130 2759 Α.
1155 2727 1190 2758 et
1212 2726 1246 2758 b.
1271 2737 1303 2760 c.
1327 2738 1360 2761 x.
1384 2737 1426 2767 z.‚
1450 2726 1486 2760 in

174 2792 227 2836 11.
1144 2795 1208 2838 24
