1630 3034
61 158 65 163 ’
112 155 197 196 228
481 147 525 189 c.
557 145 877 187 snrnsn
908 144 1127 204 cnlspi

114 281 249 326 quam
297 279 352 309 eo
398 261 542 318 venit,
593 276 863 319 quamquam
909 260 1120 320 persequi
1157 258 1419 320 Iugurtham
1456 266 1500 304 et

113 362 284 408 mederi
323 360 546 404 fraternae
592 357 782 402 invidiae
829 357 998 402 animus
1049 356 1258 413 ardebat,
1311 357 1500 416 cognitis

114 459 337 513 militibus,
374 471 486 514 quos
521 459 701 515 praeter
730 455 886 516 fugam
923 456 1068 499 soluto
1099 454 1288 514 imperio
1324 454 1498 497 licentia

113 563 246 615 atque
276 553 455 598 lascivia
484 556 756 612 corruperat,
795 564 848 595 ex
885 552 1017 611 copia
1053 566 1201 596 rerum
1234 551 1383 595 statuit
1409 544 1499 594 'sibi

114 652 221 696 nihil
257 650 530 711 agitandum.

112 860 214 894 sicuti
237 862 454 900 convenerat,
476 868 578 890 arma
601 856 752 900 capiunt.
780 874 823 886 -,-
852 855 1067 899 Quamquam
1091 855 1141 889 ita
1163 853 1337 898 positum,
1373 855 1411 886 nt
1434 862 1501 885 non

112 924 275 965 sequatur
297 924 435 959 tamen,
458 916 714 951 illustravimus
737 925 842 959 supra
866 916 911 949 ad
935 927 965 949 c.
990 915 1152 958 XXXIII,
1178 914 1211 948 2.
1237 934 1279 939 —
1305 914 1375 947 Pro
1398 913 1500 946 απί-

115 993 206 1016 mus
238 981 388 1014 ardebat
411 979 498 1014 olim
521 979 705 1024 legebatur
729 979 877 1011 animo
902 976 1073 1016 ardebat,
1100 981 1140 1009 ut
1163 975 1269 1008 etiam
1294 972 1503 1008 Gerlachius

114 1042 150 1076 in
181 1046 277 1076 textu
312 1042 431 1075 habet.
480 1040 548 1073 Sed
574 1038 808 1073 nominativus
833 1041 943 1071 exstat
967 1036 1002 1070 in
1027 1036 1203 1070 nonnullis
1225 1038 1380 1079 Popmae
1403 1033 1502 1068 codd.

113 1103 233 1138 Struv.
258 1103 329 1136 Inc.
352 1102 386 1138 1.
409 1101 445 1134 2.
479 1101 606 1134 Franc.
633 1100 750 1135 Guelf.
774 1098 808 1133 7.
834 1099 890 1132 m.
923 1098 1020 1132 Leid.
1044 1098 1087 1131 B.
1111 1099 1156 1131 D.
1181 1098 1224 1133 E.
1249 1098 1289 1131 F.
1314 1096 1358 1131 K.
1391 1094 1503 1130 Paris.

113 1163 157 1196 B.
182 1163 227 1198 E.
261 1163 345 1196 Bar.
369 1162 404 1198 4.
434 1162 528 1195 Med.
558 1161 591 1196 1.
616 1161 650 1194 2.
674 1161 709 1196 4.
733 1159 768 1194 5.
791 1159 826 1194 8.
850 1159 905 1193 11.
942 1159 1026 1193 Ven.
1053 1159 1085 1193 1.
1109 1158 1144 1192 2.
1168 1159 1201 1192 4.
1244 1159 1323 1192 Vat.
1347 1157 1382 1190 2.
1406 1155 1440 1190 3.
1464 1154 1502 1188 4.

114 1223 230 1266 Misn„
254 1235 322 1267 quo
338 1234 485 1256 numero
508 1223 649 1256 tandem
671 1225 847 1264 permotus
862 1219 1071 1254 Gerlachius
1094 1219 1130 1253 in
1143 1220 1350 1253 Commentt.
1374 1229 1409 1261 p.
1421 1215 1503 1250 273.

115 1285 250 1318 animus
273 1284 412 1327 prohat,
435 1284 472 1317 in
495 1284 549 1316 ed.
568 1282 758 1317 novissima
782 1281 827 1315 ad
850 1281 1032 1325 vulgatam
1055 1280 1220 1323 relapsus.
1250 1278 1344 1323 Quin
1368 1282 1506 1312 utrum-

115 1357 183 1389 que
206 1349 299 1379 recte
321 1345 391 1378 dici
414 1344 522 1388 possit
544 1355 612 1377 non
637 1347 688 1377 est
711 1341 875 1382 (lnbium3
901 1342 959 1374 sed
984 1340 1221 1375 nominativus
1240 1340 1312 1374 h.1.
1327 1339 1505 1383 aliquanto

116 1407 193 1450 plus
220 1405 531 1439 commendationis
563 1405 695 1438 habere
727 1402 866 1436 videtur
898 1403 943 1435 ab
978 1415 1042 1436 usu
1066 1402 1199 1437 Latinis
1223 1399 1378 1445 proprio,
1405 1398 1505 1432 cuius

115 1467 258 1512 ignaros
290 1465 422 1500 scribas
453 1465 653 1500 ablativum
684 1462 904 1498 substituisse
941 1463 1124 1507 probabile
1156 1469 1219 1497 est.
1264 1462 1380 1505 Saepe
1411 1459 1504 1493 enim

115 1527 287 1561 vocabulo
311 1526 420 1560 animi
442 1526 493 1560 ita
515 1530 661 1560 utuntur
674 1524 801 1565 Latini,
830 1529 868 1558 ut
890 1524 985 1559 vices
1006 1524 1174 1559 sustineat
1195 1522 1407 1567 pronominis
1426 1519 1505 1564 per-

115 1587 267 1636 sonalis,
293 1587 384 1630 qnod
407 1587 466 1619 vel
489 1586 636 1620 subiecti
659 1585 695 1618 vi
720 1585 754 1618 in
779 1585 886 1618 verbo
913 1586 1007 1626 latet,
1032 1586 1088 1618 vel
1114 1586 1240 1618 diserte
1263 1583 1421 1618 additum
1445 1581 1505 1615 ob-

116 1648 198 1683 iecti
222 1649 343 1691 locum*
363 1648 492 1688 habet,
514 1646 648 1680 scilicet
671 1644 701 1679 si
724 1645 781 1686 id,
807 1645 898 1688 quod
923 1646 964 1678 de
988 1646 1107 1688 aliquo
1132 1644 1275 1678 homine
1299 1644 1334 1677 in
1358 1642 1503 1677 nniver-

115 1720 193 1742 sum
217 1708 434 1748 mundatur,
457 1708 525 1740 tale
543 1711 605 1748 cst,
630 1711 667 1740 ut
684 1706 726 1740 ad
745 1705 900 1739 animum
918 1705 1105 1748 pertineat3
1133 1717 1164 1739 v.
1177 1703 1332 1747 Zumptii
1345 1703 1503 1736 Gramm.

116 1769 196 1803 Lat.
221 1768 326 1811 §.S-l.
353 1769 394 1802 A.
416 1768 450 1801 7.
476 1780 509 1811 p.
534 1767 614 1802 475.
639 1769 692 1801 ed.
719 1768 776 1801 lv.
813 1767 1168 1800 Pseudo-Sallustius
1192 1766 1235 1799 de
1261 1766 1350 1808 nep.
1375 1763 1449 1797 ord.
1478 1764 1504 1803 l,

116 1828 151 1871 8,
175 1829 213 1863 9.
236 1830 293 1862 Ad
317 1828 599 1873 reprehendenda
616 1829 733 1862 aliena
750 1831 854 1871 sacta
878 1828 977 1861 ardet
1001 1827 1155 1860 omnibus
1179 1827 1362 1859 animus.
1387 1824 1461 1857 biv.
1479 1825 1505 1863 1,

117 1891 175 1932 22,
201 1889 236 1923 2.
265 1892 352 1924 'I'um
377 1894 476 1923 aetas
499 1890 674 1933 viresque,
711 1894 782 1923 tum
807 1888 905 1922 avita
928 1889 1045 1932 gloria
1067 1889 1185 1921 anim
1197 1899 1263 1920 um
1290 1885 1503 1920 stimulabat.

118 1951 164 1992 11,
188 1950 247 1991 39,
275 1951 330 1984 12.
356 1952 559 1985 Sacerdotes
584 1961 714 1995 quoque
735 1950 904 1984 traditum
929 1953 980 1982 cst
1003 1949 1110 1982 nihilo
1135 1949 1251 1992 magis
1274 1957 1375 1991 quam
1400 1947 1503 1990 lega-

121 2017 172 2046 tos
189 2012 332 2055 flexisse
355 2013 547 2046 animum
571 2023 620 2045 sc.
652 2010 848 2053 Coriolani,
884 2009 906 2043 i.
933 2021 962 2043 e.
996 2021 1084 2043 eum.
1132 2007 1274 2043 Similia
1305 2010 1386 2041 sunt
1416 2016 1506 2049 qnae

116 2084 222 2117 supra
246 2073 443 2107 notavimus
467 2073 511 2106 ad
535 2085 566 2106 c.
589 2072 652 2112 Χῖ,
675 2070 708 2105 8.
733 2071 779 2106 cf.
802 2083 832 2104 c.
857 2070 965 2114 an,
989 2070 1023 2105 8.
1050 2070 1156 2110 Lxx,
1182 2070 1211 2103 l.
1237 2067 1270 2102 5.
1296 2068 1454 2107 Lxxxl,
1474 2067 1506 2099 l.

117 2153 162 2158 —
179 2134 234 2166 Es
250 2134 348 2178 copia
368 2145 482 2167 rerum
504 2132 641 2167 Cottius
659 2135 751 2165 recte
769 2131 937 2175 explicat:
962 2142 1024 2174 pro
1041 2141 1171 2169 rerum,
1197 2139 1285 2173 quae
1302 2133 1376 2162 tum
1395 2131 1504 2168 erant,

116 2197 210 2229 statu
235 2198 269 2228 et
292 2194 512 2235 condicione;
538 2205 571 2227 v.
596 2194 640 2228 ad
664 2205 694 2228 c.
720 2193 806 2234 mv,
828 2193 862 2226 9.
879 2209 923 2217 —
940 2192 990 2225 De
1013 2195 1186 2224 structura
1210 2191 1335 2225 statuit
1358 2190 1504 2234 agitan-

118 2255 199 2288 dum
231 2266 298 2288 nou
331 2256 434 2298 plane
469 2265 650 2298 possumus
682 2253 842 2287 assentiri
867 2251 1010 2286 Bromio
1035 2252 1078 2285 ad
1103 2251 1190 2294 n'cp.
1218 2251 1319 2284 Eum.
1345 2250 1442 2290 vlu,
1468 2249 1503 2283 «l.

117 2316 249 2349 Statuit
273 2315 408 2359 aliquid
431 2315 496 2348 siba·
519 2314 653 2348 consilii
675 2314 756 2348 nova·
778 2326 851 2348 esse
871 2312 1154 2357 capiendum.
1191 2311 1280 2345 Nam
1295 2312 1387 2355 quod
1405 2321 1505 2355 prae-

118 2375 204 2419 cipit
228 2375 266 2408 V.
292 2377 332 2409 D.
359 2376 564 2410 decernendi
597 2376 707 2410 verba
738 2387 801 2419 pro
834 2375 893 2409 ins.
931 2385 1042 2418 praee.
1065 2372 1172 2407 activi
1205 2372 1417 2417 frequentius
1439 2371 1505 2406 ad-

118 2435 273 2470 iunctum
297 2437 427 2470 habere
450 2437 574 2480 partic.
599 2436 660 2470 l'ut.
686 2437 812 2481 passivi
837 2447 917 2469 cum
941 2446 1012 2469 csse
1035 2435 1252 2477 copulatum,
1276 2435 1402 2467 horum
1426 2443 1504 2465 ver-

119 2498 244 2531 borum
276 2502 421 2531 naturae
450 2501 634 2542 repugnat.
681 2498 782 2541 Apin!
812 2498 921 2530 bonos
954 2499 1047 2529 certe
1080 2494 1266 2538 scripturos
1288 2499 1442 2527 statuere
1468 2491 1503 2525 iu

117 2558 181 2592 tali
198 2562 372 2591 structura
391 2569 458 2592 non
478 2560 571 2592 valet
595 2559 788 2599 decernere,
811 2559 870 2592 sed
889 2567 1038 2599 ansere,
1059 2561 1195 2600 putare,
1220 2555 1388 2593 iudicare,
1413 2552 1504 2586 unde

116 2618 306 2652 infinitivus
328 2618 584 2663 coniugationis
606 2619 877 2663 periphrasticac
901 2616 1058 2662 passivae
1082 2616 1131 2650 ita
1150 2615 1283 2659 pendet,
1308 2618 1346 2647 ut
1361 2611 1503 2657 propria

118 2679 153 2713 vi
179 2681 213 2713 id
237 2679 429 2724 significet,
454 2680 545 2722 quod
569 2679 625 2712 cui
649 2691 784 2713 neccsse
808 2680 981 2713 videatur.
1007 2678 1052 2710 cs.
1078 2677 1171 2710 infra
1195 2687 1225 2710 c.
1251 2673 1337 2715 mv,
1361 2671 1394 2707 5.
1426 2672 1502 2705 Mc·

118 2741 218 2774 tenus
242 2741 413 2774 statuit
438 2741 507 2774 alio
531 2740 629 2774 modo
655 2741 781 2773 bellum
805 2737 1063 2783 gerundum.
1090 2736 1161 2770 Cic.
1190 2748 1222 2779 p.
1243 2735 1375 2768 Cluent-
1389 2732 1424 2773 6,
1446 2731 1499 2765 115.
