1630 3034
190 186 279 230 591
565 181 610 225 C.
642 181 968 224 SALLUSTI
1000 181 1222 226 CRISPI

191 299 252 344 de
295 314 410 360 pace
446 303 493 344 et
534 298 593 343 de
643 298 966 348 communibus,
998 299 1133 344 rebus
1173 299 1321 372 multis
1365 297 1586 348 disseruit.

190 397 406 456 Denique
441 396 542 456 regi
561 396 801 456 patefecit,
837 394 959 454 quod
987 397 1265 456 polliceatur,
1302 372 1503 443 senatdm
1537 405 1582 444 et

190 494 424 555 populum
457 494 740 549 Romanum,
776 494 986 552 quoniam
1020 495 1212 554 amplius
1248 495 1379 540 armis
1414 497 1580 541 valuis-

192 595 320 649 sent,
364 606 454 636 non
498 591 543 634 in
586 591 777 651 gratiam
815 589 1071 645 habituros3
1106 591 1364 636 faciundum
1401 592 1581 651 aliquid,

187 688 323 748 quod
357 689 533 733 illorum
567 688 710 747 magis
745 702 881 746 quam
915 702 995 731 sua
1028 689 1229 733 retulisse
1254 689 1493 734 videretur.
1529 689 1583 733 Id

191 785 315 831 adeo·
351 785 396 830 in
439 791 654 847 promptu
700 800 820 843 esse,
866 785 1075 844 quoniam
1121 785 1365 846 Iugurthae
1402 787 1582 847 copiam

188 953 309 988 batur.
361 953 464 988 Certe
492 951 698 988 incredibile
729 954 794 994 est,
823 951 854 987 si
884 950 1071 986 Sallustius
1101 951 1138 985 in
1164 953 1288 998 gratia
1310 953 1515 997 scripsisset,
1538 953 1583 987 li—

187 1014 328 1050 brarios
356 1027 421 1060 pro
445 1026 486 1050 eo
509 1014 546 1047 in
569 1013 726 1058 gratiam
753 1023 933 1054 exarasse,
962 1012 1054 1056 quod
1076 1024 1144 1046 non
1167 1013 1251 1047 satis
1273 1017 1469 1057 reputantes
1492 1014 1584 1048 Lan-

188 1073 269 1118 gius
291 1077 326 1108 et
354 1075 546 1108 Muellerus
568 1074 605 1108 in
628 1075 753 1119 gratia
776 1073 967 1107 ediderunt.
999 1074 1161 1108 Ceterum
1186 1074 1394 1108 Gerlachius
1418 1078 1456 1108 ut
1478 1085 1583 1109 accu-

187 1134 342 1168 sativum
372 1135 540 1179 explicet,
565 1135 601 1169 in
626 1136 834 1170 Commentt.
861 1146 894 1178 p.
919 1134 1001 1169 334.
1025 1139 1207 1180 comparat
1243 1134 1349 1169 Catil.
1371 1135 1467 1176 xlx,
1491 1134 1525 1169 3.
1550 1137 1585 1169 et

187 1194 266 1240 lug.
291 1196 412 1240 exn,
435 1196 490 1238 3.,
524 1207 613 1240 quae
645 1197 806 1241 exempla
832 1195 916 1239 quid
938 1196 1084 1240 probent
1106 1207 1210 1230 nemo
1233 1200 1371 1240 praeter
1392 1195 1506 1239 ipsum
1528 1194 1583 1230 in-

187 1256 385 1299 tellexerit3
416 1268 498 1291 nam
531 1260 732 1301 corruptum
762 1260 814 1291 est
845 1257 1016 1298 alterum,
1050 1258 1201 1292 alterum
1232 1256 1338 1292 alieni
1361 1256 1513 1302 generis.
1537 1275 1582 1281 —

191 1315 317 1359 Quod
343 1336 391 1344 —·
423 1318 644 1352 retulisse
678 1309 856 1352 videretur
885 1318 1095 1352 Iaumannus
1126 1317 1176 1351 ita
1212 1317 1342 1351 dictum
1376 1320 1510 1357 censet,
1544 1317 1584 1350 ut

180 1380 305 1421 facere
332 1373 379 1413 ad
405 1379 592 1414 relativum
623 1380 852 1424 supplendum
887 1379 944 1413 sit.
999 1378 1108 1413 Nobis
1139 1377 1230 1411 nihil
1259 1377 1396 1412 videtur
1419 1377 1583 1421 supplen-

187 1439 291 1483 dum,
324 1452 440 1484 quum
469 1440 578 1474 verba
604 1444 713 1484 refert
745 1444 850 1484 atque
873 1439 1016 1473 interest
1037 1451 1107 1473 non
1130 1449 1266 1482 semper
1289 1437 1498 1473 infinitivum
1522 1440 1584 1472 aut

186 1501 436 1536 accusativum
451 1514 480 1536 c.
501 1501 625 1538 infinit.
647 1503 833 1546 postulent,
856 1505 896 1536 ut
919 1501 1088 1545 praecipit
1112 1499 1294 1543 Zumptius
1320 1500 1478 1534 Gramm.
1504 1499 1583 1534 Lat.

187 1563 220 1603 §-
252 1561 309 1603 73,
345 1563 406 1599 13.
442 1575 477 1608 p.
512 1562 592 1597 352.
624 1563 679 1598 ed.
711 1549 795 1605 1v.‚*
813 1562 872 1597 sed
904 1562 1079 1596 interdum
1112 1561 1220 1595 etiam
1255 1571 1335 1594 cum
1366 1559 1583 1594 nominativo

186 1620 408 1662 pronominis
443 1626 506 1657 aut
537 1624 745 1658 substantivi
778 1624 1050 1668 coniungantur-3
1080 1622 1125 1656 cf.
1160 1622 1230 1656 Cic.
1257 1622 1345 1665 Epp.
1378 1621 1422 1655 ad
1445 1621 1583 1655 Famm.

186 1679 228 1721 V,
259 1680 318 1723 20,
353 1680 419 1719 115.
463 1684 545 1718 Non
578 1685 723 1729 ascripsi
752 1686 819 1726 id,
853 1685 967 1729 quod
998 1690 1060 1718 tua
1084 1684 1174 1717 nihil
1197 1682 1447 1725 referebat.
1497 1681 1583 1717 Ter.

185 1739 336 1787 Adelph.
364 1744 406 1786 V,
430 1744 465 1786 4,
488 1745 546 1779 27.
595 1745 645 1779 Id
668 1757 746 1780 mea
770 1746 908 1779 minime
931 1748 1059 1786 refert,
1094 1743 1156 1788 qui
1182 1754 1257 1776 sum
1282 1747 1369 1776 natu
1395 1743 1580 1776 maximus.

187 1803 259 1837 Cic.
293 1804 385 1847 Epp.
422 1806 467 1839 ad
499 1807 602 1840 Attic.
636 1808 696 1847 ΙΙΙ,
728 1806 783 1847 19,
815 1805 861 1839 in.
921 1806 961 1838 In
988 1805 1131 1848 Epirum
1156 1804 1206 1837 ad
1231 1808 1264 1836 te
1288 1804 1399 1836 statua·
1422 1814 1474 1836 me
1499 1815 1581 1837 con-

180 1867 300 1909 ferre,
334 1876 405 1899 non
437 1878 503 1910 quo
536 1878 614 1900 mea
646 1867 898 1902 interesset
930 1867 994 1900 loci
1028 1871 1216 1906 natura,
1240 1864 1300 1898 sed
1324 1870 1387 1897 etc.
1415 1863 1507 1897 Plin.
1532 1864 1578 1896 Η.

186 1925 231 1960 Ν.
255 1926 392 1971 ΧΠΙΙ,
427 1926 485 1961 21.
536 1928 726 1962 Plurimum
757 1930 907 1971 refert
931 1927 994 1961 soli
1017 1927 1179 1969 cuiusque
1203 1924 1343 1958 ratio.
1379 1924 1506 1958 Sensus
1526 1927 1581 1957 est

185 1986 318 2032 igitur}
351 1987 548 2023 faciendum
582 2000 655 2024 esse
688 1987 830 2032 aliquid,
862 1987 953 2031 quod
977 1987 1092 2031 magis
1117 1988 1161 2021 ob
1185 1985 1375 2019 utilitatem
1400 1985 1581 2018 Romano—

186 2060 282 2091 rum,
305 2061 410 2092 quam
433 2051 478 2084 ob
502 2062 604 2085 suum
629 2050 851 2084 commodum
874 2052 1070 2091 susceptum
1094 2047 1290 2087 videretur3
1316 2057 1421 2089 quam
1445 2050 1580 2079 senteu-

186 2109 278 2144 tiam
301 2111 397 2144 haud
425 2112 609 2146 obscuram
634 2124 701 2146 non
724 2110 976 2153 explanandam
1001 2108 1173 2141 duxissem
1189 2133 1198 2150 ,
1219 2106 1287 2140 nisi
1311 2106 1463 2140 sidetem
1489 2106 1580 2139 Lar.-

186 2171 290 2217 gium
314 2184 454 2216 prorsus
478 2185 500 2208 a
523 2184 606 2207 vero
631 2173 807 2211 aberrare,
832 2171 919 2204 haec
943 2173 1184 2203 annotantem:
1210 2171 1370 2211 referret.
1393 2167 1484 2210 quod
1510 2167 1578 2200 Ro-

187 2233 303 2266 manis
335 2233 470 2277 potius,
506 2245 613 2278 qnam
643 2233 710 2267 sibi
744 2232 829 2266 utile
862 2234 985 2265 esset.⁴‘
1007 2249 1053 2255 ——
1087 2231 1135 2263 In
1164 2233 1379 2274 promptu
1403 2239 1475 2262 esse
1499 2226 1522 2261 i.
1549 2237 1578 2260 e.

180 2295 340 2337 facile
376 2306 467 2336 essc;
499 2294 620 2327 eodem
650 2305 750 2327 sensu
786 2292 932 2327 Tacitus
966 2291 1052 2324 dixit
1081 2296 1278 2335 promptum
1312 2294 1384 2328 cst,
1417 2288 1465 2323 cf.
1487 2287 1579 2327 ΧΠ,

187 2353 246 2397 57,
285 2354 318 2387 1.
369 2355 626 2399 Promptum
654 2357 726 2398 suit
761 2354 891 2396 Rufum
928 2353 1070 2386 Fenium
1105 2353 1320 2386 imminuere.
1355 2349 1428 2391 XV,
1461 2348 1520 2391 41,
1546 2348 1579 2382 1.

190 2416 361 2449 Domuum
394 2422 427 2450 ct
459 2417 650 2450 insularum
683 2421 716 2450 ct
749 2416 949 2459 templorum
982 2424 1159 2447 numerum
1192 2413 1278 2445 inire
1303 2411 1401 2445 haud
1430 2420 1578 2454 prom-

185 2481 312 2521 ptum
340 2478 463 2519 suerit.
489 2496 534 2502 —
568 2479 619 2510 De
651 2488 713 2511 usu
745 2477 802 2509 illc
836 2472 1049 2518 pronominis
1080 2473 1114 2507 in
1148 2473 1303 2507 oratione
1326 2470 1470 2515 obliqua
1493 2470 1580 2507 sas-is

187 2536 328 2581 egimus
352 2539 396 2571 ad
421 2550 450 2571 c.
473 2538 569 2579 lm,
595 2537 628 2571 4.
654 2557 699 2562 -
726 2537 822 2571 Tunc
847 2540 926 2570 ante
948 2537 1036 2569 ultro
1061 2531 1218 2575 Cottius,
1255 2545 1362 2576 quum
1395 2532 1431 2567 in
1457 2530 1572 2566 Guen’.

187 2597 244 2630 12.
270 2597 387 2631 deesse
410 2598 562 2640 vidisset,
587 2598 782 2632 inconsulto
802 2597 945 2640 expulit,
970 2606 1036 2629 non
1060 2599 1233 2629 assecutus
1258 2594 1424 2638 temporis
1446 2591 1576 2628 diversi

186 2657 438 2701 oppositionem
464 2659 567 2692 istam
594 2658 809 2702 particulam
842 2656 1026 2702 flagitare3
1061 2668 1150 2700 quac
1179 2655 1352 2701 oppositio
1375 2654 1442 2688 nisi
1465 2665 1573 2697 quae—

185 2717 253 2752 uita
277 2721 311 2752 et
337 2717 379 2751 de
403 2718 574 2753 industria
597 2719 755 2754 instituta
780 2722 886 2760 essct,
918 2729 985 2752 non
1008 2717 1112 2752 scribi
1137 2717 1302 2761 potuisset
1325 2728 1432 2756 nunc,
1463 2727 1570 2758 quum

186 2777 320 2813 dicendi
349 2790 431 2814 usus
453 2778 488 2813 in
512 2780 575 2814 tali
600 2791 690 2815 nexu
715 2779 867 2824 postulet
898 2784 998 2822 tunc,
1034 2782 1073 2813 ut
1098 2778 1168 2813 iem
1191 2777 1330 2822 saepius
1353 2776 1570 2819 monuimu03
