1630 3034
398 201 736 245 CATILINA.
795 201 867 242 CA
882 200 928 241 P.
959 198 1112 240 XXXI.
1343 201 1425 240 141

45 322 278 370 immutata
311 319 430 364 urbis
465 318 604 363 facies
639 323 753 370 erat3
800 332 854 362 ex
889 331 1060 359 summa
1093 313 1259 358 laetitia
1294 319 1428 371 atque

45 412 250 466 lascivia,
310 426 426 469 quae
478 409 683 453 diuturna
745 408 870 465 quies
926 411 1189 466 pepererat,
1242 411 1429 463 repente

46 502 188 546 omnis
241 501 411 545 tristitia
462 500 637 552 invasit3
694 498 922 553 festinare,
972 497 1221 556 trepidare3
1272 511 1419 553 neque
1448 507 1475 544 2

45 593 150 638 loco
186 607 270 637 nee
303 591 476 635 homini
519 592 724 649 cuiquam
761 590 860 633 satis
895 588 1102 641 credere3
1146 603 1292 645 neque
1323 587 1427 630 bel-

44 684 140 726 lum
197 698 384 743 gerere,
436 697 581 739 neque
635 696 797 740 pacem
852 679 1045 731 habere3
1102 695 1182 723 suo
1239 679 1427 736 quisque

44 781 168 817 metu
228 773 430 832 pericula
475 773 633 816 metiri.
723 772 801 815 Ad
845 771 939 816 hoc
991 772 1222 825 mulieres,
1266 771 1469 827 quibusg

43 864 320 923 reipublicae
355 863 665 924 magnitudine
698 863 809 907 belli
843 863 976 906 timor
1007 863 1204 909 insolitus
1233 861 1429 906 incesse·

45 1053 80 1076 τ.
105 1042 257 1076 Nitschii
279 1039 419 1084 Antiqq.
458 1039 600 1074 Romm.
625 1041 671 1075 T.
700 1042 746 1075 Π.
779 1054 813 1086 p.
843 1041 947 1076 1090.
979 1039 1041 1075 Ed.
1070 1037 1132 1074 111.
1171 1038 1215 1073 cf.
1240 1037 1346 1073 etiam
1369 1036 1431 1072 Li·

45 1097 160 1142 psium
184 1099 228 1133 ad
253 1099 370 1133 Taciti
393 1099 529 1132 Annali.
549 1099 610 1140 111,
629 1099 686 1140 29,
710 1100 757 1133 in.
804 1100 936 1133 Urbem
968 1097 1100 1143 vigiliis
1124 1097 1295 1136 munitam
1323 1094 1431 1130 fuisse

44 1160 218 1190 memorat
240 1156 346 1190 etiam
371 1157 494 1189 Cicero
518 1153 552 1188 in
578 1157 680 1190 Catil.
703 1158 729 1198 Ι,
747 1157 779 1197 1,
797 1158 830 1190 1.

138 1213 268 1255 XXXI.
318 1216 349 1255 g.
373 1215 406 1246 1.
447 1213 562 1256 socies
587 1213 687 1256 crat]
731 1214 770 1246 In
803 1214 876 1246 cod.
909 1213 990 1248 Ecc.
1022 1213 1124 1246 Bodl.
1159 1211 1234 1245 Erl.
1269 1211 1362 1245 Med.
1395 1210 1429 1245 6.

45 1272 81 1303 et
103 1269 214 1305 Paris.
238 1274 315 1304 erat
338 1270 457 1311 abest,
488 1271 695 1313 cortiusqne
718 1274 752 1304 et
776 1268 953 1314 Bipontini
987 1268 1205 1310 deleverunt,
1240 1266 1430 1301 Gerlachio

45 1327 82 1361 in
106 1328 333 1369 Commentt.,
355 1327 444 1360 Voll.
463 1328 505 1360 ll.
532 1327 571 1360 P.
593 1328 675 1371 qu.
700 1327 779 1360 103.
813 1327 998 1371 probante,
1032 1337 1245 1370 quamquam
1278 1325 1313 1358 in
1347 1335 1431 1358 con·

45 1388 142 1418 textu
164 1383 317 1423 retinuit.
368 1384 437 1418 Sed
469 1384 634 1428 quoniam
658 1384 808 1418 civitatis
837 1389 945 1418 status
969 1384 1028 1427 qui
1053 1388 1134 1417 tunc
1158 1382 1323 1425 temporis
1355 1384 1432 1415 erat

47 1440 264 1483 describitur,
286 1440 491 1484 imperfecto
515 1452 600 1484 opus
622 1445 692 1483 est,
727 1442 820 1485 quod
851 1453 918 1475 non
957 1453 1066 1485 aeque
1097 1445 1136 1474 ut
1169 1445 1220 1474 est
1245 1438 1430 1473 omittitur.

48 1500 207 1533 Permota
223 1501 342 1532 autem
365 1501 398 1530 et
416 1496 602 1531 immutata
624 1497 660 1531 h.
672 1498 695 1531 1.
720 1509 789 1531 non
812 1496 1090 1543 participiorum,
1103 1497 1163 1533 sed
1180 1495 1432 1532 adiectis-orum

45 1555 120 1589 vim
142 1555 292 1596 habent3
326 1553 479 1598 alioquin
514 1555 895 1600 plusquamperfectum
929 1557 1138 1598 haberetur,
1173 1556 1218 1589 ab
1250 1555 1318 1587 hoc
1350 1554 1432 1587 loco

44 1612 148 1656 plane
182 1611 349 1646 alienum.
378 1631 421 1636 —
466 1611 520 1645 Ea:
556 1624 691 1645 summa
723 1614 884 1654 laetitia,
916 1613 938 1647 i.
973 1626 1001 1647 e.
1034 1625 1143 1657 quum
1175 1622 1314 1646 summa
1346 1611 1431 1644 laet.

45 1668 293 1711 antecessisset,
316 1668 390 1704 sive
411 1668 620 1713 simpliciter
639 1676 718 1714 post
741 1683 768 1704 s.
802 1672 823 1706 1.
856 1670 942 1704 Vide
965 1671 1010 1705 ad
1033 1683 1062 1704 c.
1084 1671 1142 1713 IV,
1166 1671 1199 1703 1.
1224 1688 1271 1695 -—
1313 1667 1434 1702 Omnis

46 1726 242 1769 in-aliquot
265 1727 362 1761 codd.
387 1727 561 1761 incolume
583 1726 784 1771 permansit,
810 1728 904 1761 velut
937 1728 974 1762 iu
999 1729 1117 1762 Guelf.
1142 1729 1175 1762 4.
1200 1726 1234 1761 5.
1259 1727 1293 1761 6.
1324 1726 1361 1761 7.
1393 1725 1431 1762 9.

44 1784 103 1817 11.
128 1783 184 1817 12.
208 1783 315 1818 Acad.
340 1783 537 1825 Fabric.2.,
560 1783 727 1826 librariis,
752 1785 812 1829 qui
835 1785 964 1829 ubique
987 1783 1218 1829 antiquiorem
1242 1781 1434 1819 accusativi

43 1839 190 1884 pluralis
221 1841 374 1875 formam
408 1841 560 1876 studiose
601 1843 821 1884 deleverunt,
852 1843 1106 1876 constructione
1141 1843 1232 1876 falsa
1264 1841 1431 1886 deceptis,

45 1897 175 1941 qnippe
197 1897 258 1941 qui
281 1899 388 1931 omnis
411 1898 556 1933 tristitia
588 1898 856 1945 coniungerent,
886 1898 1013 1934 invasit
1036 1903 1154 1934 autem
1177 1898 1338 1934 absolute
1365 1910 1432 1943 po-

46 1953 154 1988 situm
176 1958 359 1997 putarent3
388 1967 421 1989 v.
446 1958 490 1989 ad
515 1969 544 1991 c.
563 1958 590 1999 Ι,
610 1957 642 1990 1.
662 1977 706 1982 -
735 1956 882 1989 Comma
906 1961 981 2000 post
1008 1957 1078 1990 loco
1102 1956 1324 2000 sustulimus,
1348 1954 1432 1999 quia

47 2011 208 2055 cuiquam
239 2009 283 2044 ad
314 2015 501 2055 utrumque
534 2012 788 2047 substantivum
820 2013 978 2057 pertinet.
1039 2015 1201 2047 Ceterum
1232 2013 1321 2048 haec
1351 2024 1432 2047 sen-

46 2068 155 2103 tentia
179 2067 300 2101 iisdem
325 2069 398 2101 fere
422 2070 538 2103 verbis
561 2070 687 2104 iterum
712 2070 843 2115 legitur
860 2071 937 2115 lug.
956 2068 1101 2111 LXXII,
1120 2070 1154 2106 2.

138 2128 171 2167 §-
195 2125 230 2159 3.
278 2125 486 2168 reipublicae
510 2127 774 2172 magnitudine]
817 2128 870 2161 lta
900 2127 1056 2171 plerique
1087 2131 1202 2162 tenent
1234 2125 1340 2164 libri;
1371 2125 1433 2160 sed

46 2181 83 2216 in
106 2182 178 2216 Ine.
201 2181 234 2215 1.
257 2181 364 2215 Acad.
389 2181 468 2216 Ecc.
493 2184 575 2217 Bas.
596 2184 630 2217 2.
654 2183 751 2217 Leid.
775 2183 816 2216 N.
842 2184 973 2227 legitur
1002 2185 1088 2228 reip.
1116 2197 1181 2228 pro
1215 2196 1357 2228 magn„
1394 2182 1433 2217 in

49 2239 158 2273 Bel-n.
186 2237 220 2272 1.
254 2239 339 2282 reip.
372 2250 460 2283 prae
492 2242 644 2285 magnit.
691 2239 972 2284 Praepositiones
995 2240 1222 2275 librariorum
1245 2239 1434 2274 industriae

48 2295 167 2330 deberi
199 2295 288 2328 bene
318 2294 487 2331 iudicavit
518 2298 678 2338 Cortius3
715 2310 879 2342 perverse
919 2303 1035 2333 tamen
1065 2299 1179 2339 idem,
1220 2298 1256 2331 in
1288 2297 1434 2342 vulgata

49 2364 117 2386 non
141 2351 379 2395 acquiescens,
403 2365 529 2388 novam
561 2355 784 2389 coniectando
807 2354 988 2399 proposuit
1009 2356 1217 2399 scripturam
1253 2355 1372 2400 quibus
1396 2355 1434 2388 in

48 2411 134 2454 reip.
160 2409 412 2454 magnitudine.
461 2410 541 2454 Qua
562 2416 656 2446 recte
678 2416 815 2455 spreta,
848 2413 995 2445 Dahlins
1020 2425 1061 2447 ac
1084 2412 1239 2457 Langius
1261 2413 1297 2448 in
1321 2412 1433 2447 alium

49 2478 204 2502 errorem
244 2465 456 2510 inciderunt,
500 2468 637 2512 ellipsin
666 2481 729 2513 pro
771 2469 1035 2513 praepositionis
1076 2473 1283 2512 statuentes,
1325 2482 1432 2514 quam

48 2528 185 2562 nullam
209 2537 283 2560 esse
304 2537 422 2560 omnes
445 2526 576 2568 sciunt,
610 2529 669 2570 qui
694 2531 727 2561 et
750 2527 792 2560 de
815 2539 959 2561 casuum
994 2531 1029 2561 ct
1061 2527 1103 2560 de
1133 2527 1432 2571 praepositionum

51 2585 87 2619 vi
111 2588 145 2618 ct
169 2587 337 2628 potestate
359 2586 452 2616 recte
475 2582 629 2616 iudicare
652 2582 856 2617 didicerunt.
906 2585 956 2617 Ex
991 2583 1138 2618 ablativi
1160 2584 1270 2629 igitur
1293 2585 1432 2619 notione

49 2646 156 2686 patet,
179 2643 265 2685 reip.
291 2639 533 2685 magnitudine
556 2651 625 2673 non
649 2651 722 2673 esse
746 2638 770 2673 i.
795 2652 827 2683 q.
851 2651 913 2685 pro
938 2640 1022 2685 reip.
1043 2654 1100 2683 m.,
1125 2642 1183 2675 sed
1208 2641 1244 2675 vi
1268 2642 1432 2686 caussari,

50 2709 143 2744 quae
173 2697 322 2734 ablativi
352 2697 495 2742 propria
526 2701 596 2740 est,
626 2696 823 2742 significari
850 2703 993 2742 propter
1023 2699 1107 2744 reip.
1141 2700 1432 2745 magnitudinem.
