1630 3034
513 240 872 284 IUGURTHA.
935 241 1072 284 CAP.
1100 240 1132 283 Ι.
1489 244 1520 285 5

132 359 183 402 tis
210 357 410 417 corporis
436 356 751 418 pessumdatus
776 362 863 413 est,
898 356 1148 416 perniciosa
1168 355 1365 400 lubidine
1384 356 1518 416 paul-

132 454 269 513 lisper
303 469 427 513 usus,
463 441 539 498 ubi
572 468 657 513 per
691 453 943 497 socordiam
972 454 1109 510 vires,
1145 459 1349 512 tempus,
1385 453 1518 512 inge-

130 551 250 594 ulum
295 550 545 606 defluxere,
588 555 773 593 naturae
816 549 1045 594 infirmitas
1083 555 1343 604 accusatum
1390 564 1519 595 suam

131 705 223 740 tibus
246 715 283 739 se
305 704 384 749 regi
406 704 548 748 patitur.
557 706 581 723 “
629 704 729 747 Quae
752 704 843 738 ratio
867 715 935 738 non
959 705 1073 738 selum
1097 704 1218 739 durior
1240 707 1306 744 est,
1330 703 1422 748 quod
1444 703 1520 747 ipse

129 772 288 808 veretur,
319 766 378 799 sed
411 766 515 809 plane
548 774 714 808 perversa
737 768 772 798 et
796 775 818 798 a
845 764 1003 798 Sallustii
1036 763 1152 798 verbis
1175 768 1210 798 et
1236 764 1407 799 sententia
1429 764 1519 798 alie-

127 827 292 868 nissima3
325 838 393 860 non
425 826 514 860 vidit
547 825 640 858 enim
667 825 898 868 Gerlachius,
932 828 1113 858 auctorem
1147 824 1274 860 dixisse
1305 827 1359 860 ad
1391 826 1519 860 iner-

127 888 237 922 tiam
270 892 312 922 et
341 888 607 931 voluptates
638 885 850 928 corporis
872 886 1115 929 pessumdatus
1140 890 1211 928 est,
1246 890 1281 920 et
1309 887 1520 932 paullis-

123 958 201 992 per
223 959 316 989 usus,
339 948 432 991 quod
454 947 605 980 multum
626 945 748 979 differt
771 956 793 979 a
815 944 967 988 simplici
987 946 1230 990 pessumdatus
1252 950 1287 980 et
1311 958 1403 981 usus.
1450 944 1523 979 Sed

125 1007 295 1052 primaria
319 1008 448 1042 erroris
472 1017 595 1041 caussa
617 1005 705 1046 fuit,
748 1005 838 1047 quod
862 1006 1038 1047 protasin,
1067 1019 1157 1050 quae
1179 1011 1257 1050 post
1275 1007 1521 1051 pessumdatus

127 1073 178 1103 est
209 1068 352 1111 desinit,
384 1079 496 1112 usque
525 1067 571 1102 ad
602 1078 684 1100 usus
707 1065 880 1109 pertinere
902 1066 970 1099 rati
993 1071 1082 1101 sunt.
1131 1067 1228 1101 Tum
1251 1072 1290 1102 ut
1313 1068 1382 1101 hoc
1404 1067 1519 1111 ipsum

126 1130 339 1163 vocabulum
360 1140 439 1162 cum
465 1132 647 1161 accusatur
670 1126 776 1170 possit
800 1125 1000 1168 conciliari,
1025 1128 1210 1161 tenendum
1234 1132 1287 1162 est
1309 1128 1522 1162 Sallustium

125 1200 196 1223 uon
221 1189 304 1223 satis
327 1193 488 1222 accurate
510 1189 603 1221 hanc
628 1187 816 1220 verborum
848 1187 1124 1230 complexionem
1158 1188 1368 1230 instituisse,
1403 1191 1437 1222 et
1459 1198 1519 1221 co-

125 1249 261 1294 gitandi
294 1253 328 1282 et
357 1247 533 1282 scribendi
563 1247 701 1291 legibus
731 1257 800 1280 non
831 1257 951 1280 severe
981 1248 1188 1283 observatis,
1234 1248 1324 1283 Nam
1364 1248 1522 1292 primum

126 1310 205 1353 quis
228 1321 297 1343 non
320 1309 437 1348 videt,
461 1319 569 1351 quum
596 1306 715 1341 omnia
738 1307 782 1340 ad
807 1307 980 1350 animum,
1015 1309 1058 1342 de
1090 1321 1158 1352 quo
1191 1310 1307 1344 dicere
1339 1309 1519 1354 ingressus

126 1375 221 1412 crat,
264 1370 396 1403 referre
425 1369 618 1409 debuisset,
663 1379 743 1400 eum
776 1367 960 1401 interiecta
990 1370 1160 1404 sententia
1192 1372 1318 1415 quippe
1348 1382 1439 1415 quae
1471 1388 1518 1395 —-

126 1432 326 1475 cuiquam
348 1434 459 1474 potest
483 1429 663 1462 seductum
686 1427 819 1461 relicua
841 1427 893 1461 ita
916 1428 1127 1472 disputasse,
1152 1430 1257 1473 quasi⁴
1275 1441 1343 1464 non
1367 1431 1516 1470 animus,
1577 1467 1590 1477 ἡ

125 1492 185 1525 sed
209 1490 383 1536 generalis
406 1490 502 1524 notio
531 1490 696 1529 hominis,
724 1488 901 1523 indefinito
925 1490 1104 1534 quisquam
1129 1491 1336 1533 pronomine
1358 1502 1518 1535 compre-

125 1552 255 1593 hensa,
284 1551 478 1585 subiectum
502 1549 614 1584 esset?
659 1549 715 1583 lta
739 1553 831 1583 certe
854 1553 889 1583 et
911 1550 1108 1593 voluptates
1131 1552 1302 1595 corporis,
1334 1556 1368 1587 et
1391 1552 1518 1586 lubidi-

124 1613 178 1646 nis
201 1623 302 1654 usus,
328 1615 362 1646 et
383 1612 528 1652 virium,
564 1610 729 1654 temporis
752 1610 953 1655 ingeniique
975 1611 1141 1644 damnum
1163 1615 1294 1651 rectius
1318 1613 1518 1658 intelligen-

123 1677 200 1713 tur3
232 1673 278 1706 cf.
304 1673 379 1706 Cat.
403 1672 462 1713 lv,
489 1671 524 1706 6.
554 1670 616 1705 ubi
641 1671 772 1714 pariter
795 1671 953 1706 subiecta
975 1675 1111 1704 mutata
1134 1675 1231 1714 sunt3
1267 1684 1378 1717 neque
1412 1675 1516 1718 plane

123 1731 300 1765 dissimilis
324 1736 376 1765 est
398 1733 498 1766 locus
521 1733 597 1777 lug.
622 1732 764 1773 XXXV,
788 1731 822 1765 9.
853 1731 916 1765 ubi
948 1743 982 1765 v.
1030 1731 1148 1773 Tum,
1180 1733 1369 1776 paullatim
1393 1733 1428 1767 in
1453 1745 1516 1778 ge-

122 1792 279 1826 neralem
303 1793 508 1827 sententiam
533 1794 712 1837 delapsus,
742 1794 886 1836 propter
908 1791 1134 1836 interpositae
1153 1793 1344 1828 sententiae
1368 1794 1515 1827 verbum

122 1854 313 1896 defluxere,
348 1853 393 1886 ad
418 1865 490 1887 rem
514 1865 582 1887 non
607 1853 651 1887 ad
670 1864 856 1897 personam
878 1854 1049 1896 relatum,
1083 1853 1209 1887 ultimo
1231 1854 1310 1888 loco
1334 1855 1437 1897 plane
1459 1854 1514 1888 in-

122 1913 302 1947 definitum
329 1913 522 1947 subiectum
553 1913 709 1958 cogitat,
741 1913 841 1956 quasi
864 1913 900 1946 in
922 1913 1138 1958 praegressis
1164 1913 1304 1949 dixisset
1333 1919 1415 1960 post
1433 1926 1513 1959 per·

122 1974 269 2007 niciosae
301 1974 464 2007 lubidinis
496 1975 631 2007 breuem
662 1985 782 2015 usum,
813 1974 853 2007 id·
881 1975 973 2017 quod
1008 1975 1114 2009 etiam
1142 1975 1345 2009 Perizonius
1371 1974 1515 2008 sensisse

121 2033 280 2074 videtur,
320 2034 381 2077 qui
404 2034 450 2068 ad
473 2034 589 2068 Sanct.
614 2034 700 2067 Min.
724 2035 782 2078 IV,
811 2035 868 2069 11.
900 2035 945 2068 Τ.
970 2036 1012 2069 11.
1039 2047 1073 2080 p.
1093 2035 1176 2071 383.
1207 2036 1261 2070 ed.
1286 2036 1414 2068 Bauer.
1449 2045 1512 2067 no-

120 2096 232 2127 strum
256 2095 372 2127 locum
404 2094 447 2127 ad
473 2094 685 2128 anacolutha
708 2096 837 2135 rel'ert3
871 2106 982 2139 neque
1005 2096 1163 2129 dissentit
1186 2096 1231 2129 ab
1255 2106 1296 2129 eo
1321 2094 1513 2139 Sellingius

121 2152 158 2185 in
181 2153 290 2188 Lectt.
314 2153 400 2186 Sall.
425 2165 459 2197 p.
484 2154 530 2186 17
553 2166 624 2197 sq.‚
654 2156 788 2188 acutius
819 2167 925 2198 quam
956 2155 1063 2188 ceteri
1096 2155 1263 2189 iudicans.
1311 2156 1358 2188 L‘t
1391 2159 1511 2188 autem

121 2213 189 2246 loci
213 2213 262 2246 ita
285 2213 436 2255 expediti
458 2224 564 2246 nexus
587 2214 715 2247 melius
746 2219 883 2258 pateat,
916 2215 1238 2259 interpretationem
1271 2215 1510 2259 germanicam

120 2273 363 2307 subiiciemus:
388 2284 485 2306 wenn
509 2285 546 2307 er
573 2275 656 2307 aber
678 2285 744 2308 von
767 2276 916 2309 unedlen
940 2276 1138 2320 Regierden
1165 2276 1425 2322 eingenommen
1447 2287 1509 2310 zur

121 2334 328 2378 Schlnffheit
351 2334 424 2367 und
455 2346 498 2367 zu
520 2335 709 2367 sinnliclzen
740 2336 1028 2381 l'crgm'igungen
1051 2336 1338 2382 herabgesunken
1371 2338 1440 2371 ist.-
1472 2348 1510 2371 so

122 2394 227 2435 wird,
264 2405 387 2427 wenn
416 2393 532 2426 nach
557 2394 650 2427 dem
674 2396 851 2429 kur-zen
878 2397 1058 2430 Genuss
1082 2397 1216 2431 einer
1239 2397 1510 2432 verderbls'-

121 2454 227 2488 chen
253 2454 362 2488 Lust
384 2454 527 2487 durch
554 2454 945 2502 Nachliissigkeit
968 2457 1155 2500 Krc'iste‚
1183 2459 1306 2500 Zest,
1334 2459 1508 2504 Fcihig-

120 2515 275 2549 keiten
302 2515 445 2548 dahin
467 2515 587 2555 sind,
616 2515 673 2549 die
697 2517 933 2551 Schwachheit
955 2517 1019 2551 der
1043 2518 1161 2552 Natus·
1183 2520 1391 2564 angeklagt.
1437 2519 1505 2553 Lo-

120 2585 202 2608 cum
224 2574 346 2607 eodem
369 2574 471 2617 plane
497 2575 601 2608 modo
633 2576 884 2619 compositum,
915 2580 954 2610 ut
984 2577 1209 2612 secundariae
1241 2579 1508 2620 enunciationes,

118 2634 263 2678 apodosi
293 2635 567 2678 postponendae,
601 2635 633 2668 ci
658 2637 944 2680 praemittantur,
977 2638 1087 2673 habes
1110 2639 1203 2682 apud
1226 2639 1343 2673 Tacit.
1366 2640 1506 2674 Annan.

118 2695 146 2735 1,
169 2695 204 2735 2,
227 2694 274 2730 in.
299 2696 521 2738 „Postquam
545 2696 656 2730 Bruto
679 2700 714 2730 et
738 2697 860 2731 Cassio
883 2697 992 2731 caesis
1015 2699 1112 2733 nulla
1135 2698 1206 2732 iam
1229 2699 1370 2743 publica
1393 2710 1506 2741 arma,

118 2755 306 2798 Pompeius
329 2757 423 2799 apud
448 2756 609 2790 Siciliam
633 2767 838 2801 oppressus,
860 2761 1032 2802 exutoque
1055 2759 1208 2803 Lepido,
1231 2759 1413 2794 interfecto
1434 2759 1504 2792 Au-

120 2814 237 2858 tonio,
269 2827 312 2850 ne
335 2816 480 2851 Iulianis
504 2816 644 2861 quidem
667 2818 824 2861 partibus
847 2818 914 2854 nisi
935 2819 1064 2854 Caesar
1095 2820 1163 2854 dux
1193 2819 1361 2854 relicuus:
1391 2820 1503 2865 posito
