1630 3034
191 192 277 233 560
558 185 603 228 C.
634 183 969 228 SALLUSTI
1000 185 1225 229 CRISPI

153 303 327 355 4nendi
373 303 599 346 licentiam
642 303 752 362 ipsis
796 303 1025 363 permittit.
1095 304 1164 347 llli
1207 309 1380 349 mature
1419 305 1479 350 ad
1513 303 1593 351 hi-*

192 403 333 445 berna
368 401 679 444 Romanorum
713 396 1084 460 proficiscuntur3
1129 400 1294 445 deinde
1341 403 1386 446 in
1433 404 1588 449 itinere

193 515 221 542 a
257 497 461 541 Gaetulis
496 498 738 542 latronibus
775 498 1062 542 circumventi
1097 499 1385 558 spoliatique,
1420 501 1590 560 pavidi,

194 596 289 639 sine
337 594 503 639 decore
549 596 607 639 ad
644 596 818 640 Sullam
855 595 1147 655 perfugiunt,
1185 613 1318 656 quern
1357 599 1510 642 consul
1543 599 1590 643 in

194 693 526 753 expeditionem
581 693 868 754 proficiscens
926 709 1015 754 pro
1071 700 1284 754 praetore
1334 696 1591 754 reliquerat.

192 842 276 886 pida
299 840 335 876 in
359 841 526 887 periculis
549 844 584 876 et
609 841 769 876 sollertia
791 840 828 875 in
851 841 956 875 rebus
979 842 1205 886 gravioribus
1228 842 1505 888 difficilibusque
1531 855 1591 879 ex-

191 904 393 948 pediendi53
422 905 468 938 cf.
493 915 523 937 c.
549 904 607 944 vt,
633 903 666 938 1.

285 966 318 1006 ἕ.
341 963 374 997 3.
400 967 435 998 et
458 963 492 997 4.
528 964 679 1008 deinde]
711 965 903 1008 Perperam
928 963 1066 998 Coi-tius
1090 967 1125 998 et
1149 965 1360 999 Gerlachius
1380 965 1593 1010 scripserunt

193 1025 298 1067 dein,
334 1025 428 1069 quod
463 1036 485 1060 a
518 1025 626 1059 Rivio
662 1037 704 1058 ex
737 1026 936 1061 coniectura
968 1026 1122 1070 positum
1156 1029 1220 1069 est,
1243 1026 1302 1060 sed
1327 1026 1362 1059 in
1386 1027 1486 1061 nullo
1512 1027 1590 1063 cod.

192 1090 318 1120 exstat.
343 1105 389 1110 -—
415 1087 524 1130 Ipsis,
549 1098 615 1131 pro
639 1098 707 1130 quo
731 1087 768 1120 in
792 1086 912 1130 paucis
934 1086 1036 1120 libris
1069 1090 1119 1120 est
1150 1087 1240 1128 illis,
1273 1086 1309 1120 in
1341 1087 1455 1121 tribus
1488 1088 1593 1131 plane

190 1149 298 1184 deest.
339 1148 477 1181 Curtius
500 1147 629 1189 omisit,
653 1148 744 1191 quod
770 1148 901 1181 factum
928 1147 1136 1181 Gerlaehius
1161 1148 1196 1182 in
1221 1149 1430 1183 Commentt.
1452 1160 1486 1193 p.
1509 1147 1591 1183 33⁰.

188 1210 283 1244 haud
309 1211 461 1244 multum
486 1210 585 1244 abest
617 1209 700 1253 quin
736 1210 885 1254 probet,
909 1220 1123 1253 quamquam
1148 1209 1186 1243 in
1209 1213 1362 1253 utraque
1386 1210 1439 1243 ed.
1464 1221 1592 1254 prono-

190 1283 273 1305 men
298 1268 453 1308 retinuit.
486 1291 532 1296 —
569 1272 703 1305 Deinde
734 1271 771 1304 in
803 1271 926 1305 itinere
956 1271 1063 1315 longe
1091 1271 1237 1315 plurimi
1261 1274 1377 1305 tenent
1399 1271 1499 1307 codd.
1549 1271 1593 1305 In

188 1333 405 1377 praepositio
430 1333 466 1367 in
491 1333 601 1368 Cortii
626 1337 722 1367 textu
749 1343 833 1366 casu
859 1331 1029 1366 excidisse
1062 1331 1220 1375 videtur,
1253 1343 1361 1376 quum
1385 1332 1422 1366 in
1445 1335 1592 1367 annota-

189 1394 285 1429 tione
308 1394 397 1428 nihil
422 1395 465 1428 de
489 1395 564 1429 eius
589 1395 728 1428 defectu
751 1394 887 1427 dixerit.
946 1393 1039 1426 Eam
1064 1392 1246 1427 revocavit
1275 1393 1508 1435 Gen-lachim,
1531 1393 1591 1428 sed

187 1456 317 1490 deinde
340 1468 409 1490 non
434 1457 561 1491 idonea
585 1456 685 1490 codd.
708 1456 778 1489 fide
801 1455 836 1488 in
860 1455 941 1488 (lein
965 1453 1127 1488 mutavit.
1167 1455 1356 1488 Praeterea
1379 1453 1414 1487 in
1439 1454 1593 1488 nonnul-

187 1517 234 1551 lis
269 1517 370 1551 codd.
405 1522 440 1552 et
469 1518 546 1551 edd.
583 1517 714 1561 antiqq.
746 1515 885 1550 inverso
917 1515 1039 1550 ordine
1068 1515 1202 1561 legitur
1229 1517 1354 1551 deinde
1380 1528 1403 1551 a
1430 1516 1592 1551 Gaetulis

192 1578 275 1612 latr.
315 1579 353 1612 in
383 1579 529 1621 itinere,
566 1590 670 1623 quem
699 1578 856 1612 ordinem
888 1576 1045 1611 Weisius
1072 1577 1224 1621 repetiit.
1267 1596 1308 1604 -
1359 1578 1593 1612 Circumventi

188 1639 281 1683 expl.
307 1639 351 1673 ad
377 1651 407 1675 c.
431 1640 471 1681 L,
497 1639 531 1674 6.
565 1660 611 1665 -
652 1640 885 1685 Perfugium,
916 1638 1009 1685 quod
1035 1642 1153 1673 tenent
1175 1638 1311 1682 aliquot
1335 1639 1477 1683 Palam,
1502 1649 1591 1673 unua

188 1700 308 1735 Guelf.
332 1700 429 1734 Leid.
453 1700 497 1738 N.
514 1702 639 1740 *BeroL
664 1701 698 1734 1.
722 1704 757 1734 et
790 1701 923 1742 GoerL,
962 1699 1124 1734 Cortium
1147 1704 1241 1734 recte
1263 1699 1444 1744 scripsisse
1472 1711 1591 1734 cense-

187 1773 279 1805 muS‚
303 1762 486 1806 repudiata
508 1760 744 1805 plurimorum
770 1762 942 1796 librorum
967 1760 1141 1804 scriptura
1163 1761 1387 1805 profugiunt,
1413 1772 1503 1806 quae
1526 1773 1590 1796 eur

187 1823 273 1858 huic
296 1824 374 1858 loco
398 1835 467 1857 non
493 1821 694 1864 conveniat,
719 1820 824 1855 facile
855 1819 1066 1866 intelligitur
1089 1833 1132 1856 ex
1157 1826 1312 1856 annotat.
1337 1823 1381 1856 ad
1405 1824 1480 1858 cat.
1501 1823 1589 1865 mv,

188 1885 247 1927 3.;
272 1888 368 1929 patet
394 1884 487 1918 enim
512 1883 659 1918 Mauros
681 1883 726 1917 ad
750 1881 889 1916 Sullam
911 1881 1029 1925 ivisse,
1057 1889 1096 1918 ut
1120 1885 1193 1918 eius
1217 1885 1349 1918 tutelae
1372 1895 1408 1918 se
1433 1885 1590 1919 commit-

188 1951 314 1981 terent.
338 1946 378 1980 In
401 1944 482 1980 aliis
506 1944 565 1978 sed
588 1942 710 1988 paucis
735 1943 834 1977 codd.
861 1946 912 1978 est
934 1950 1102 1989 pergunt,
1127 1945 1345 1989 perveniunt,
1369 1946 1590 1988 conveniunt,

184 2008 416 2052 proveniunt,
449 2016 541 2050 quae
576 2003 696 2038 omnia
727 2016 769 2038 ex
801 2004 1070 2049 interpolatione
1099 2010 1182 2041 nata
1214 2007 1258 2041 ab
1288 2006 1458 2040 sententia
1483 2005 1590 2041 huius

187 2068 258 2102 loci
282 2067 399 2102 aliena
421 2070 513 2102 sunt.
573 2065 785 2100 Gerlachius
819 2065 855 2100 in
886 2070 1035 2110 utraque
1059 2068 1113 2102 ed.
1138 2067 1277 2112 scripsit
1296 2066 1518 2113 profugiunt.
1542 2086 1587 2092 —

189 2129 300 2172 Quem
321 2140 401 2174 pro
420 2133 642 2173 praetore
665 2129 856 2172 reliquerat
879 2139 947 2163 non
968 2133 1037 2163 est:
1063 2140 1167 2173 quem
1192 2129 1384 2173 reliquerat
1406 2129 1481 2162 veri
1501 2139 1589 2173 pro·

183 2191 359 2236 praetoris
398 2201 540 2224 munere
583 2190 784 2233 praeditum
822 2201 929 2235 eoque
961 2193 1173 2235 fungentem
1218 2189 1327 2233 (nam
1371 2195 1589 2235 quaestorem

185 2253 294 2287 fuisse
318 2252 456 2287 Sullam
479 2250 600 2286 statim
625 2254 702 2294 post
730 2249 856 2284 dicitur
891 2252 923 2292 §-
947 2250 982 2284 7.
1007 2254 1042 2285 et
1064 2261 1172 2294 supra
1194 2250 1326 2284 dictum
1348 2255 1402 2284 est
1426 2262 1457 2284 c.
1483 2249 1588 2293 XCV,

186 2313 251 2358 1.),
277 2314 355 2348 sed:
381 2325 508 2357 quem,
542 2313 626 2346 dum
651 2313 724 2356 ipse
749 2312 904 2353 abesset,
928 2312 1167 2356 propraetoris
1192 2313 1263 2345 loco
1288 2323 1399 2358 agere
1424 2313 1586 2354 iusserat,

187 2376 309 2420 cuique
333 2375 512 2419 imperium
542 2375 757 2419 praetorium
783 2373 1002 2418 permiserat.
1063 2373 1198 2407 Eodem
1227 2373 1332 2407 modo
1360 2373 1588 2418 intelligenda

185 2442 266 2470 sunt
289 2437 396 2470 verba
421 2448 450 2469 c.
477 2436 640 2477 XXXU,
664 2436 699 2471 4.
734 2436 891 2476 Albinus,
917 2436 1004 2468 Aulo
1023 2436 1142 2477 fratre
1168 2435 1203 2467 in
1229 2435 1351 2468 castris
1371 2445 1587 2479 proprae-

186 2502 288 2532 tore
313 2499 452 2539 relicto,
480 2489 627 2532 Romam
653 2497 813 2532 decessit.
860 2497 971 2530 Aulus
996 2495 1088 2529 enim
1119 2496 1258 2541 legatus
1287 2496 1374 2537 fuit,
1400 2499 1438 2529 nt
1461 2505 1586 2528 narra-

185 2563 244 2593 tur
268 2572 296 2595 c.
322 2561 523 2601 xxxvm,
548 2561 582 2594 1.
618 2571 651 2593 v.
678 2558 842 2593 Creuzeri
867 2558 1004 2601 Antiqq.
1032 2558 1172 2590 Rmnm.
1200 2559 1233 2599 §-
1259 2556 1337 2590 183.
1364 2568 1398 2600 p.
1423 2554 1504 2604 2397
1529 2554 1584 2588 ed.

186 2621 231 2655 ll.
257 2621 338 2654 coll.
366 2626 481 2655 atinot.
509 2623 552 2656 ad
573 2608 682 2656 'Catih
706 2633 735 2654 c.
762 2621 855 2661 xlx,
882 2620 913 2654 l.
942 2632 973 2663 p.
999 2618 1055 2653 vl.
1089 2637 1135 2643 —-
1169 2618 1341 2662 Deinceps
1367 2617 1519 2650 Weisius
1543 2627 1585 2650 ex

189 2682 267 2716 edd.
293 2681 423 2725 antiqq.
451 2682 543 2724 suis,
577 2681 700 2726 quovis
723 2680 1030 2724 tutet-potationum
1055 2691 1184 2724 genere
1210 2677 1414 2722 inquinatis,
1445 2676 1586 2721 scripsit

186 2747 412 2787 propraetore
446 2743 491 2775 in
525 2744 696 2777 castris
728 2743 847 2786 reliq.,
863 2735 949 2785 'qua
980 2741 1097 2785 glossa
1121 2741 1225 2785 longe
1249 2739 1392 2783 plurimi
1418 2738 1499 2771 libri
1524 2748 1584 2772 ca-

152 2850 156 2854 ,
190 2808 278 2838 rent.
325 2804 443 2839 llabet
477 2807 594 2839 tamen
627 2803 852 2838 acutissimus
878 2802 1040 2844 criticus,
1072 2813 1141 2846 quo
1163 2800 1375 2845 scripturam
1399 2799 1583 2841 defendat3
