1630 3034
412 180 777 225 IUGURTHA.
838 182 968 225 GAP.
998 182 1226 225 Lxxxv.
1427 161 1511 227 4⁴15

127 299 172 343 in
197 304 362 343 memet
397 299 530 354 sitae,
575 313 684 357 quas
718 313 902 342 neeesse
937 304 1004 343 est
1033 305 1076 343 et
1105 300 1266 343 virtute
1302 304 1346 343 et
1379 299 1507 343 inno-

127 397 269 440 centia
303 395 456 447 tutari;
488 409 592 438 nam
628 395 714 438 alia
748 395 923 438 infirma
959 401 1069 440 sunt.
1140 396 1202 440 Et
1229 395 1340 440 illud
1373 396 1541 440 intel-5

123 493 254 554 lego,
290 491 514 548 Quirites,
559 491 756 535 omnium
795 506 873 534 ora
917 492 962 535 in
1001 508 1075 536 me
1121 507 1337 537 convorsa
1384 508 1506 548 esse,

121 604 288 648 aequos
317 589 552 647 bonosque
595 588 746 631 favere
782 587 975 648 (quippe
1012 589 1247 633 benefacta
1280 604 1381 633 mea
1414 589 1504 633 rei-

118 686 328 746 publicae
374 685 674 746 procedunt)‚
730 683 1005 729 nobilitatem
1057 686 1208 730 locum
1266 670 1502 730 invadendi

119 798 347 842 quaerere.
419 783 524 838 Quo
566 780 675 825 mihi
711 781 853 826 acrius
890 783 1175 827 annitendum
1212 788 1299 838 est,
1347 788 1394 826 ut
1421 785 1543 826 ne-6

116 955 218 992 sunt,
255 954 298 985 et
330 950 374 984 ab
405 949 469 992 iis,
503 961 586 994 quos
616 949 799 994 prohibere
830 949 986 984 decebat.
1018 960 1052 984 v.
1081 949 1125 984 F.
1147 949 1188 984 A.
1213 949 1319 985 Wolf.
1344 950 1388 984 ad
1413 949 1501 984 Tac.

114 1010 252 1044 Annali.
277 1010 306 1052 Ι,
329 1009 387 1052 56,
410 1010 442 1044 1.
467 1010 546 1046 Car.
570 1010 690 1044 Beier.
716 1010 762 1044 ad
779 1010 851 1045 Cic.
869 1010 911 1043 de
934 1010 1006 1044 off.
1029 1011 1077 1052 11,
1101 1010 1159 1052 16,
1179 1009 1236 1044 57.
1261 1022 1294 1054 p.
1315 1010 1383 1044 110
1395 1022 1500 1054 sq.—

116 1072 334 1105 occursantis
357 1071 424 1105 hac
446 1070 690 1106 terminatione
714 1075 825 1106 exstat
848 1072 884 1106 in
908 1072 992 1106 Bas.
1018 1070 1050 1104 1.
1075 1070 1187 1105 Paris.
1209 1081 1240 1104 c.
1263 1081 1296 1105 x·
1317 1081 1347 1104 z.
1373 1070 1499 1104 Occur-

112 1142 192 1166 sare
217 1136 335 1165 autem
358 1134 409 1166 est
430 1131 552 1174 reniti,
580 1131 828 1177 impedimento
853 1144 946 1174 esse,
971 1132 1123 1166 obstare.

202 1192 236 1236 §.
267 1191 300 1226 4.
349 1193 464 1235 fortia
489 1192 616 1237 sacta]
662 1195 715 1228 Ita
745 1205 864 1228 omnes
900 1197 935 1228 et
978 1191 1160 1226 Gerlaehii
1194 1193 1229 1226 et
1257 1190 1366 1225 nostri
1399 1191 1497 1225 codd.

111 1253 250 1288 Cortius
272 1264 352 1287 cum
375 1253 456 1287 aliis
480 1253 618 1288 inverso
643 1254 763 1288 ordine
786 1254 925 1299 scripsit
940 1257 1045 1298 facta
1061 1252 1176 1296 fortia
1190 1276 1200 1293 ‚
1233 1252 1324 1294 quod
1343 1255 1500 1295 repetere

111 1314 304 1356 noluimus,
337 1324 445 1358 quum
478 1325 590 1357 neque
623 1315 707 1348 satis
739 1319 891 1357 constet,
924 1325 1073 1358 quorum
1097 1313 1269 1346 librorum
1292 1311 1499 1347 auctoritate

108 1374 168 1408 hic
192 1374 276 1408 ordo
299 1372 430 1409 nitatur
453 1378 488 1408 et
510 1385 629 1408 sensus
652 1376 767 1419 potior
789 1376 826 1410 in
850 1375 1021 1411 adieetivo
1044 1375 1100 1416 sit,
1124 1373 1287 1417 idemque
1309 1374 1500 1407 verborum

108 1436 194 1470 ordo
218 1438 250 1478 §.
276 1435 334 1471 21.
359 1438 534 1476 recurrat3
560 1435 605 1469 cf.
629 1440 795 1471 annotata
821 1436 865 1471 ad
890 1449 918 1470 c.
944 1436 1024 1479 XX,
1050 1434 1253 1471 L-—Haec
1279 1438 1359 1468 ante
1381 1434 1498 1468 omnia

108 1496 203 1531 male
237 1496 332 1529 deest
359 1495 395 1529 in
426 1496 518 1540 Reg.
551 1495 680 1532 Arond.
714 1496 823 1530 Laud.
857 1496 890 1530 1.
915 1495 950 1529 2.
977 1496 1012 1531 3.
1062 1496 1207 1530 Praeter
1240 1497 1372 1528 ceteros
1395 1494 1497 1528 codd.

108 1567 299 1602 pronomen
325 1560 441 1591 tuetur
465 1556 570 1590 etiam
593 1557 722 1592 Donat.
741 1557 785 1591 ad
800 1556 941 1591 Terent.
957 1557 1102 1591 Phorm.
1123 1556 1155 1600 1,
1179 1554 1214 1597 2,
1230 1554 1297 1598 8⁰„
1316 1554 1376 1599 qui
1398 1555 1496 1589 locus

106 1622 142 1653 et
165 1617 320 1652 eiusdem
343 1620 395 1651 est
425 1615 563 1661 generis
586 1620 624 1651 ut
655 1621 796 1661 noster,
829 1620 864 1652 et
886 1621 978 1652 recte
1001 1618 1197 1663 explicatus
1224 1620 1275 1650 est
1298 1626 1320 1650 a
1343 1617 1493 1659 Donato,

105 1679 166 1724 qui
189 1681 293 1722 „post
319 1677 630 1720 enumerationem,
664 1677 796 1722 iuquit,
830 1681 964 1714 veteres
986 1679 1056 1713 hoo
1079 1677 1276 1715 dicebant.“
1321 1676 1375 1710 Ita
1397 1676 1490 1711 scili-

107 1743 161 1774 cet
192 1738 349 1784 singulas
379 1740 497 1781 partes
523 1737 559 1772 in
592 1749 701 1772 unum
725 1739 994 1782 comprehensas
1018 1751 1098 1773 cum
1122 1738 1160 1772 vi
1184 1738 1297 1772 denuo
1322 1748 1494 1781 propone-

104 1801 188 1834 bant
213 1798 437 1844 cogitandas3
471 1798 516 1834 cf.
541 1799 586 1833 ad
609 1798 711 1834 Catil.
736 1799 836 1841 xlv,
860 1799 895 1835 3.
921 1800 1108 1840 xxxvu,
1129 1797 1163 1833 5.
1189 1801 1224 1832 et
1247 1798 1393 1843 Grysar.
1415 1799 1492 1833 Art.

103 1859 227 1896 Latine
248 1858 420 1894 scribendi
443 1870 479 1902 p.
498 1857 544 1892 71
566 1870 593 1894 s.
616 1877 664 1885 ·—·
688 1859 866 1895 Praesidio
891 1865 1057 1895 assunt
1094 1871 1169 1894 rem
1194 1859 1406 1904 gravissime
1430 1859 1491 1892 de-

102 1921 236 1966 signat,
270 1931 378 1963 quum
410 1918 484 1954 iam
508 1919 631 1953 adesse
653 1932 716 1964 per
748 1931 785 1954 se
807 1920 981 1965 significet
1003 1921 1135 1954 auxilio
1158 1931 1254 1961 esse,
1278 1923 1317 1953 ut
1340 1919 1491 1954 ostendi·

103 1992 181 2015 mus
204 1980 249 2014 ad
275 1991 304 2013 c.
327 1979 427 2020 XIV,
450 1977 507 2013 13.
554 1979 673 2022 Quare
702 1981 879 2025 praesidio
906 1980 952 2015 ad
983 1980 1020 2014 id
1043 1974 1371 2025 pleonasmi‘genus
1396 1980 1489 2014 refe-

103 2041 249 2076 rendum
280 2039 439 2078 videtur,
472 2038 515 2072 de
545 2050 614 2082 quo
646 2039 796 2075 diximus
828 2041 874 2075 ad
906 2051 936 2074 c.
968 2040 1135 2082 Lxxm,
1160 2039 1194 2073 1.
1221 2059 1267 2065 -
1290 2041 1490 2074 Innocentio

103 2103 141 2137 h.
165 2103 190 2137 1.
223 2112 292 2135 non
335 2098 560 2144 peculiariter
599 2101 773 2135 avaritiae
807 2099 1012 2145 opponitur,
1052 2104 1093 2135 ut
1120 2100 1331 2135 Gerlaehius
1363 2104 1488 2144 censet,

101 2173 318 2208 quamquam
347 2161 384 2195 id
415 2159 618 2204 saepissimo
647 2160 725 2195 fieri
758 2160 908 2196 diximus
938 2162 983 2196 ad
1017 2162 1093 2197 Cat.
1118 2162 1199 2206 ΧΠ,
1224 2161 1258 2196 l.
1284 2164 1318 2196 et
1341 2161 1386 2196 ud
1408 2162 1489 2207 Ing.

101 2223 224 2267 XLVI,
249 2222 294 2266 1.‚
319 2221 378 2256 sed
401 2220 439 2255 in
462 2220 662 2255 universum
686 2221 915 2267 intelligenda
939 2224 991 2257 est
1013 2222 1057 2256 de
1079 2221 1174 2257 vitae
1197 2233 1405 2267 morumque
1432 2223 1487 2257 in—

101 2283 292 2329 tegritate,
315 2282 413 2318 nulla
437 2282 532 2316 mule
553 2282 728 2316 factorum
750 2282 888 2316 macula
916 2283 1163 2318 contaminata.

191 2346 225 2387 ἓ.
247 2342 281 2378 5.
304 2347 339 2378 et
360 2342 396 2378 6.
443 2342 531 2377 illud
553 2342 743 2387 intellego}
777 2343 831 2376 De
853 2342 1059 2387 pronomine
1080 2343 1169 2378 illud
1185 2370 1196 2388 ,
1219 2354 1290 2388 quo
1314 2344 1486 2388 sequentis

99 2403 273 2439 enunciati
304 2415 423 2438 sensus
451 2402 628 2437 indefinite
658 2404 978 2448 comprehenditur,
1010 2414 1044 2438 v,
1078 2404 1122 2439 ad
1153 2404 1258 2441 Catil.
1289 2405 1356 2447 m,
1389 2405 1424 2440 ⁷.
1448 2418 1483 2450 p.

97 2465 179 2500 239.
214 2469 249 2500 et
286 2465 434 2510 Grysar.
461 2465 535 2498 Art.
560 2463 685 2498 Latine
718 2463 892 2499 scribendi
922 2477 957 2510 p.
984 2464 1042 2500 86.
1067 2484 1115 2490 —
1150 2465 1285 2501 Favere
1308 2478 1356 2501 se.
1382 2467 1481 2508 mihi,

100 2526 192 2569 quod
222 2525 258 2559 in
296 2524 412 2559 Guelf.
439 2523 472 2558 6.
506 2524 662 2559 additum
696 2529 767 2566 est3
802 2525 849 2560 cf.
874 2525 918 2560 ad
941 2537 972 2559 c.
1002 2526 1092 2569 XIV,
1115 2524 1172 2560 19.
1205 2539 1238 2572 p.
1263 2526 1321 2562 87.
1367 2527 1484 2562 Animi

100 2597 222 2621 mussa
243 2595 558 2620 commemoramus
577 2595 641 2628 pro
661 2597 789 2631 aequos
813 2586 983 2630 bonosque
1002 2584 1040 2619 in
1065 2585 1182 2620 Guelf.
1205 2586 1263 2623 1⁰.
1284 2586 1357 2632 leg-i
1381 2598 1483 2632 equos

103 2651 137 2681 et
159 2647 269 2681 boves.
297 2665 343 2672 —
371 2645 468 2679 Bene
493 2646 602 2688 facta
635 2656 704 2679 non
731 2645 816 2680 satis
846 2649 942 2679 recte
975 2656 998 2679 a
1023 2645 1142 2681 Curtio
1173 2650 1207 2681 et
1231 2645 1420 2681 Geriachio
1445 2646 1480 2680 in

99 2716 206 2739 unum
230 2706 440 2741 vocabulum
463 2708 677 2740 contractum
701 2717 774 2740 esse
797 2705 947 2739 diximus
970 2706 1015 2740 ad
1039 2705 1116 2741 eat.
1140 2706 1231 2749 VIII,
1254 2706 1288 2744 5.
1313 2718 1348 2750 p.
1371 2706 1478 2741 46.-

103 2764 295 2802 Procedunt
319 2765 457 2801 eortius
487 2777 626 2810 prorsus
647 2765 798 2800 mirifice
819 2765 1067 2810 interpretatur
1088 2771 1295 2811 reputantur
1317 2767 1373 2800 vel
1397 2778 1478 2800 con-
