1630 3034
0 0 51 201 ,-

0 217 7 234 Ι

11 244 106 285 Atque
130 245 152 276 i.
180 253 210 286 q.
239 247 273 276 et
295 243 390 284 adeo,
424 243 460 277 C.
481 245 535 285 52,
554 245 607 279 35.

14 302 109 341 Atque
134 300 333 333 adversandi
357 301 392 332 vi
417 301 438 332 l.
466 310 496 343 q.
523 303 588 342 sed,
623 296 658 335 C'.
679 301 734 342 51,
751 301 804 335 35.

0 353 109 397 Meque
132 356 154 388 i.
173 365 203 398 q.
229 360 264 388 et
288 356 428 398 quidem,
461 356 485 389 I.
512 356 567 397 92,
586 358 618 390 4.
668 356 745 397 101,
762 357 794 390 2.

14 413 108 453 Atque
131 421 204 444 cum
229 416 254 443 et
282 411 464 451 confusum,
498 412 533 445 C.
561 412 616 452 51,
636 412 690 446 10.

16 469 110 509 Atque
134 477 206 500 cum
231 469 316 508 atqui
343 467 525 507 confusum,
559 467 595 501 C.
623 468 678 508 51,
697 468 750 502 35.
800 468 824 501 Ι.
853 468 908 509 31,
926 470 981 503 21.

15 524 109 565 Atque
131 533 204 555 cum
228 528 278 555 auc
301 523 484 563 confusum,
517 523 541 556 I.
569 524 624 563 82,
642 524 675 558 2.
726 524 780 564 98,
799 524 830 557 6.
881 524 957 560 112.
977 524 1006 558 3.

15 581 143 613 Allinere
166 580 297 620 aliquem
321 581 342 612 i.
370 590 400 622 q.
427 581 586 619 retinere,
615 580 639 612 I.
669 580 745 620 108,
764 580 795 613 3,

0 632 157 669 'Am-actio
183 646 270 667 casus
298 636 434 668 relativi
458 636 669 679 praecedenti
695 637 816 669 nomini
841 637 1074 675 adhaerentis,
1110 636 1133 669 1.
1168 637 1244 675 104,
1269 638 1279 669 l

16 693 157 724 Aur-actio
183 694 299 732 yeneris
325 696 350 724 et
375 702 462 723 casus
482 701 573 734 pron.
593 692 855 731 demonstrativi,
886 692 911 725 I.
938 692 1001 732 35,
1026 692 1057 725 6.

17 749 158 780 Auraclio
190 750 306 789 pencris
347 757 438 791 pron.
472 748 608 780 relativi
638 752 673 780 et
703 749 955 781 demonstrativi
985 749 1026 781 ad
1065 748 1308 792 praedicatum,
1351 750 1384 781 C.

108 802 139 843 7,
159 803 189 836 6.
241 803 368 843 51.,14.
417 803 442 835 Ι.
477 801 531 837 75.
550 803 582 835 6.

16 860 157 893 Attraclio
186 861 302 891 numeri
338 859 370 891 in
409 859 641 891 enunciatione
673 861 914 902 comparativa,
964 858 998 891 C.
1033 859 1095 899 25,
1128 859 1160 892 3.
1210 861 1232 893 1.
1269 861 1322 894 50.
1357 861 1386 892 6.

106 913 163 951 74,
197 916 227 947 3.

16 972 157 1004 Auractio
188 972 317 1002 nominis
348 976 399 1002 aut
429 973 614 1012 pronominis
657 972 688 1003 in
722 972 919 1005 secundaria
943 972 1175 1004 enunciatione
1207 972 1325 1014 positi,
1353 971 1388 1003 C.

109 1027 213 1066 11,2.
261 1027 285 1059 Ι.
314 1027 369 1066 93,
388 1026 419 1058 7.
468 1026 570 1060 95,1.

17 1084 160 1116 Attractio
177 1084 258 1114 verbi
277 1084 308 1115 in
327 1083 558 1115 enunciatione
583 1084 780 1116 secundaria
793 1109 801 1123 ,
835 1082 870 1116 C.
898 1083 953 1121 49,
971 1085 1002 1115 4.

16 1139 159 1171 Attractio
181 1140 264 1171 verbi
289 1139 331 1171 ad
356 1149 471 1171 nomen
495 1139 696 1181 praedicati,
729 1139 754 1172 Ι.
783 1139 836 1177 18,
857 1138 907 1171 11.

16 1195 196 1228 Attractione
219 1195 382 1227 obiectum
414 1195 589 1238 primariae
615 1195 856 1228 enunciationis
889 1195 926 1227 fit
955 1195 1137 1227 subiectum
1161 1195 1391 1234 secundariae,

107 1250 132 1284 Ι.
159 1251 215 1290 94,
233 1251 265 1283 2.

19 1307 198 1339 Attractioue
221 1307 400 1339 relativum
425 1311 485 1338 aut
520 1307 826 1346 demonstrativum,
851 1308 893 1340 ad
922 1307 1118 1339 vocabulum
1143 1307 1296 1339 omissum
1315 1317 1390 1349 per-

50 1405 53 1407 ·
109 1363 230 1402 tinens,
257 1372 330 1394 cum
355 1367 515 1404 sequente
534 1363 662 1395 nomine
680 1363 839 1401 sociatur,
868 1362 892 1395 Ι.
921 1364 976 1401 54,
995 1362 1025 1395 6.
1075 1362 1131 1401 83,
1149 1362 1180 1394 2.

19 1419 200 1451 Attractione
231 1418 416 1450 subiectum
460 1420 702 1451 enunciationis
740 1429 781 1451 ex
821 1419 1029 1460 impersonali
1069 1418 1170 1450 verbo
1214 1418 1385 1460 pendentis

110 1476 188 1508 huic
220 1475 283 1518 ipsi
315 1475 416 1506 verbo
449 1474 618 1507 tribuitur,
652 1474 676 1506 Ι.
704 1474 759 1513 49,
784 1475 817 1508 2.

19 1531 160 1565 Amat-tio
183 1531 313 1563 obtinet
336 1531 369 1562 in
386 1528 525 1562 formula
549 1540 608 1561 non
632 1540 709 1571 quo,
736 1529 771 1562 C.
800 1529 855 1570 34,
872 1530 903 1564 2.

20 1587 160 1618 Attractio
193 1587 225 1619 in
251 1586 389 1619 formula
409 1587 482 1617 mih-i
504 1596 612 1617 nomen
639 1589 699 1623 est,
725 1585 752 1618 Ι.
779 1586 812 1625 5,
830 1586 860 1618 4.

421 132 593 174 RERUM
623 133 684 174 Ac
715 102 986 189 veRBoRUM
1334 133 1384 174 17

20 1644 161 1675 Amactio
201 1643 233 1674 in
258 1652 322 1674 usu
347 1643 405 1673 nisi
428 1641 623 1684 particulae,
664 1641 688 1673 Ι.
714 1642 772 1680 24,
791 1642 820 1674 5.

18 1699 160 1730 Auractio
185 1699 351 1739 zeugmati
374 1697 523 1736 confinis,
561 1697 586 1729 Ι.
615 1696 668 1736 75,
686 1696 718 1730 3.

20 1754 162 1786 Aur-actio
187 1763 259 1786 cum
284 1754 395 1796 ellipsi
419 1754 606 1792 coniuncta,
646 1752 669 1785 Ι.
698 1751 752 1792 79,
772 1752 804 1785 8.
854 1752 908 1792 92,
928 1754 958 1785 5.

20 1810 161 1842 Aur-actio
185 1810 218 1841 in
243 1809 369 1842 duabus
398 1809 712 1850 interrogationibus
735 1809 939 1847 coniunctis,
970 1806 1005 1840 C.
1026 1807 1081 1847 47,
1102 1809 1130 1840 1.

21 1866 161 1898 Attractio
187 1875 251 1897 non
272 1866 399 1898 obtinet
422 1866 456 1897 in
481 1864 620 1897 formula
642 1865 718 1895 mihi
748 1868 791 1895 est
815 1864 933 1904 aIIqm'd
956 1865 1120 1901 volenti,
1155 1863 1177 1895 Ι.
1204 1863 1260 1901 84,
1279 1864 1310 1897 3.

22 1922 162 1954 attractio
185 1921 321 1953 relativi
346 1930 409 1952 non
444 1920 538 1952 licita
562 1924 632 1957 est,
665 1919 723 1951 ubi
756 1919 1049 1951 demonstrativum
1080 1928 1138 1950 ex·
1154 1920 1395 1961 praepositione

111 1977 258 2019 pendens
283 1976 455 2013 omittitur,
480 1973 504 2006 Ι.
534 1974 609 2011 108,
628 1974 659 2007 3.

23 2033 131 2065 Auctor
156 2037 190 2065 et
217 2037 299 2063 actor
323 2030 472 2069 confusa,
500 2029 534 2062 (2.
563 2029 595 2068 3,
621 2029 652 2062 2.

23 2089 160 2120 Audacia
183 2098 240 2132 pro
264 2089 368 2119 virtute
391 2087 533 2122 dictum,
567 2084 602 2117 C.
630 2085 684 2123 58,
702 2085 734 2119 2.

24 2145 138 2186 Auyere
164 2145 295 2184 aIIquem
320 2144 341 2175 i.
362 2153 391 2185 q.
419 2141 634 2185 potentiorem
668 2140 818 2179 reddere,
851 2139 874 2172 Ι.
901 2140 956 2179 86,
974 2140 1004 2172 3.

24 2200 80 2232 Aut
102 2209 156 2232 res
181 2209 244 2231 non
269 2209 391 2241 genere
417 2198 474 2231 sed
499 2197 608 2239 specie
640 2197 791 2228 diversas
815 2196 1002 2237 distinguit,
1052 2195 1085 2228 C.
1113 2195 1168 2230 26,
1187 2195 1206 2225 2
1269 2194 1291 2226 1.
1313 2193 1344 2230 3,
1363 2193 1393 2225 2.

115 2254 241 2293 14,17.
290 2254 346 2291 41,
364 2254 395 2286 8.
446 2252 500 2290 53,
519 2252 549 2285 3.
600 2252 704 2288 62,1.
755 2250 810 2289 67,
830 2251 858 2283 3.
910 2251 965 2285 85.
985 2250 1036 2283 47.

25 2311 78 2342 Aul
104 2315 179 2354 post
202 2312 409 2351 negationem
434 2310 455 2341 i.
483 2319 512 2350 q.
540 2318 645 2347 neque,
686 2307 710 2339 Ι.
740 2307 793 2346 18,
811 2307 842 2339 2.

0 2355 7 2359 ’
26 2367 79 2398 Aut
102 2367 135 2398 in
161 2366 419 2406 interrogatione
445 2374 507 2395 non
541 2364 671 2405 ponitur
695 2373 751 2406 pro
776 2374 825 2399 (ιιι.
858 2361 881 2394 Ι.
910 2361 964 2395 67.
984 2361 1013 2394 3.

25 2421 80 2453 Aul
105 2422 126 2453 ἰ.
154 2431 184 2463 q.
217 2422 337 2464 potius,
370 2420 394 2451 Ι.
423 2419 477 2457 67,
498 2419 528 2451 3.

0 2465 81 2508 sAut
105 2480 140 2509 et
164 2480 253 2516 atque
278 2475 427 2510 confusa
462 2474 486 2507 Ι.
514 2473 569 2511 98,
596 2474 626 2506 6
680 2474 754 2509 112
781 2475 811 2506 3.

19 2532 185 2564 ‘Autronius
211 2529 297 2574 (P.)
331 2530 366 2563 C.
398 2530 449 2568 17,
474 2530 506 2563 2.

27 2588 179 2620 Auxilium
203 2587 351 2618 modeste
392 2596 448 2628 pro
482 2587 610 2617 vindicta
636 2585 769 2623 (lictum,
804 2584 826 2616 Ι.
855 2585 910 2622 31
928 2585 980 2618 29.

27 2643 183 2674 irentinus
209 2651 282 2673 num
307 2641 357 2673 bis
390 2651 407 2672 a
434 2640 528 2683 plebe
553 2645 731 2681 occupatus
755 2623 866 2674 suerit,
902 2639 935 2672 C.
965 2640 1019 2675 33
1040 2640 1070 2672 3,
1121 2640 1141 2671 l.
1165 2639 1219 2673 31.
1242 2639 1289 2671 17.

74 2711 161 2739 Index
178 2712 208 2738 in
226 2710 346 2738 Sallust.
366 2711 412 2739 od.
432 2710 568 2738 Krnzius.
1111 2707 1130 2735 ¹.)
