<?xml version="1.0" encoding="UTF-8"?>
<!DOCTYPE html PUBLIC "-//W3C//DTD XHTML 1.0 Transitional//EN"
    "http://www.w3.org/TR/xhtml1/DTD/xhtml1-transitional.dtd">
<html xmlns="http://www.w3.org/1999/xhtml" xml:lang="en" lang="en">
 <head>
  <title>
</title>
<meta http-equiv="Content-Type" content="text/html;charset=utf-8" />
  <meta name='ocr-system' content='tesseract 3.04.00' />
  <meta name='ocr-capabilities' content='ocr_page ocr_carea ocr_par ocr_line ocrx_word'/>
</head>
<body>
  <div class='ocr_page' id='page_1' title='image "./operaquaesupeappx01salluoft_0753.png"; bbox 0 0 1630 3034; ppageno 0'>
   <div class='ocr_carea' id='block_1_1' title="bbox 0 1895 24 3034">
    <p class='ocr_par' dir='ltr' id='par_1_1' title="bbox 0 1895 24 3034">
     <span class='ocr_line' id='line_1_1' title="bbox 0 1895 24 3034; baseline 0 0"><span class='ocrx_word' id='word_1_1' title='bbox 0 1895 24 3034; x_wconf 95' lang='lat' dir='ltr'><strong> </strong></span> 
     </span>
    </p>
   </div>
   <div class='ocr_carea' id='block_1_2' title="bbox 502 215 1548 263">
    <p class='ocr_par' dir='ltr' id='par_1_2' title="bbox 502 215 1548 263">
     <span class='ocr_line' id='line_1_2' title="bbox 502 215 1548 263; baseline 0.004 -4"><span class='ocrx_word' id='word_1_2' title='bbox 502 215 863 259; x_wconf 87' lang='lat' dir='ltr'>IUGURTHA.</span> <span class='ocrx_word' id='word_1_3' title='bbox 924 217 1047 261; x_wconf 89' lang='lat' dir='ltr'><strong>CAP.</strong></span> <span class='ocrx_word' id='word_1_4' title='bbox 1082 218 1214 259; x_wconf 90' lang='lat' dir='ltr'>LXX.</span> <span class='ocrx_word' id='word_1_5' title='bbox 1464 222 1548 263; x_wconf 74' lang='lat'><strong>373</strong></span> 
     </span>
    </p>
   </div>
   <div class='ocr_carea' id='block_1_3' title="bbox 163 332 1544 682">
    <p class='ocr_par' dir='ltr' id='par_1_3' title="bbox 163 332 1544 682">
     <span class='ocr_line' id='line_1_3' title="bbox 167 332 1544 394; baseline 0.003 -19"><span class='ocrx_word' id='word_1_6' title='bbox 167 332 303 376; x_wconf 82' lang='lat' dir='ltr'><strong>tando</strong></span> <span class='ocrx_word' id='word_1_7' title='bbox 361 333 528 377; x_wconf 89' lang='lat' dir='ltr'><strong>socium</strong></span> <span class='ocrx_word' id='word_1_8' title='bbox 582 334 662 377; x_wconf 82' lang='lat' dir='ltr'><strong>sibi</strong></span> <span class='ocrx_word' id='word_1_9' title='bbox 720 333 920 394; x_wconf 80' lang='lat' dir='ltr'><strong>adiungit</strong></span> <span class='ocrx_word' id='word_1_10' title='bbox 964 334 1271 391; x_wconf 79' lang='lat' dir='ltr'>Nabdalsam,</span> <span class='ocrx_word' id='word_1_11' title='bbox 1318 333 1544 379; x_wconf 88' lang='lat' dir='ltr'><strong>hominem</strong></span> 
     </span>
     <span class='ocr_line' id='line_1_4' title="bbox 165 410 1540 491; baseline 0.002 -19"><span class='ocrx_word' id='word_1_12' title='bbox 165 429 388 488; x_wconf 86' lang='lat' dir='ltr'><strong>nobilem,</strong></span> <span class='ocrx_word' id='word_1_13' title='bbox 423 431 596 490; x_wconf 84' lang='lat' dir='ltr'><strong>maguis</strong></span> <span class='ocrx_word' id='word_1_14' title='bbox 631 430 807 490; x_wconf 86' lang='lat' dir='ltr'><strong>opibus,</strong></span> <span class='ocrx_word' id='word_1_15' title='bbox 845 410 998 473; x_wconf 83' lang='lat' dir='ltr'><strong>carum</strong></span> <span class='ocrx_word' id='word_1_16' title='bbox 1033 435 1357 490; x_wconf 83' lang='lat' dir='ltr'><strong>acceptumque</strong></span> <span class='ocrx_word' id='word_1_17' title='bbox 1391 446 1540 491; x_wconf 88' lang='lat' dir='ltr'><strong>popu-</strong></span> 
     </span>
     <span class='ocr_line' id='line_1_5' title="bbox 165 525 1540 587; baseline 0.003 -19"><span class='ocrx_word' id='word_1_18' title='bbox 165 525 327 569; x_wconf 70' lang='lat' dir='ltr'><strong>laribus</strong></span> <span class='ocrx_word' id='word_1_19' title='bbox 364 527 474 582; x_wconf 84' lang='lat' dir='ltr'><strong>suis,</strong></span> <span class='ocrx_word' id='word_1_20' title='bbox 517 527 592 585; x_wconf 89' lang='lat' dir='ltr'><strong>qui</strong></span> <span class='ocrx_word' id='word_1_21' title='bbox 627 527 895 586; x_wconf 85' lang='lat' dir='ltr'><strong>plerumque</strong></span> <span class='ocrx_word' id='word_1_22' title='bbox 932 541 1129 570; x_wconf 85' lang='lat' dir='ltr'><strong>seorsum</strong></span> <span class='ocrx_word' id='word_1_23' title='bbox 1170 527 1226 569; x_wconf 86' lang='lat' dir='ltr'><strong>ab</strong></span> <span class='ocrx_word' id='word_1_24' title='bbox 1262 542 1372 587; x_wconf 87' lang='lat' dir='ltr'><strong>rege</strong></span> <span class='ocrx_word' id='word_1_25' title='bbox 1412 543 1540 572; x_wconf 56' lang='lat' dir='ltr'><strong>exer-³</strong></span> 
     </span>
     <span class='ocr_line' id='line_1_6' title="bbox 163 622 1541 682; baseline 0.004 -19"><span class='ocrx_word' id='word_1_26' title='bbox 163 622 296 665; x_wconf 83' lang='lat' dir='ltr'><strong>citum</strong></span> <span class='ocrx_word' id='word_1_27' title='bbox 330 622 513 666; x_wconf 84' lang='lat' dir='ltr'><strong>ductare</strong></span> <span class='ocrx_word' id='word_1_28' title='bbox 549 629 593 666; x_wconf 88' lang='lat' dir='ltr'><strong>et</strong></span> <span class='ocrx_word' id='word_1_29' title='bbox 618 623 759 666; x_wconf 86' lang='lat' dir='ltr'><strong>omnis</strong></span> <span class='ocrx_word' id='word_1_30' title='bbox 791 637 862 666; x_wconf 88' lang='lat' dir='ltr'><strong>res</strong></span> <span class='ocrx_word' id='word_1_31' title='bbox 892 623 1075 681; x_wconf 84' lang='lat' dir='ltr'><strong>exsequi</strong></span> <span class='ocrx_word' id='word_1_32' title='bbox 1104 623 1254 667; x_wconf 83' lang='lat' dir='ltr'><strong>solitus</strong></span> <span class='ocrx_word' id='word_1_33' title='bbox 1283 629 1391 679; x_wconf 83' lang='lat' dir='ltr'><strong>erat,</strong></span> <span class='ocrx_word' id='word_1_34' title='bbox 1426 640 1541 682; x_wconf 86' lang='lat' dir='ltr'><strong>quae</strong></span> 
     </span>
    </p>
   </div>
   <div class='ocr_carea' id='block_1_4' title="bbox 162 717 1541 778">
    <p class='ocr_par' dir='ltr' id='par_1_4' title="bbox 162 717 1541 778">
     <span class='ocr_line' id='line_1_7' title="bbox 162 717 1541 778; baseline 0.003 -18"><span class='ocrx_word' id='word_1_35' title='bbox 162 717 406 778; x_wconf 79' lang='lat' dir='ltr'><strong>Iugurthae</strong></span> <span class='ocrx_word' id='word_1_36' title='bbox 441 718 559 763; x_wconf 85' lang='lat' dir='ltr'><strong>fesso</strong></span> <span class='ocrx_word' id='word_1_37' title='bbox 597 724 671 762; x_wconf 86' lang='lat' dir='ltr'><strong>aut</strong></span> <span class='ocrx_word' id='word_1_38' title='bbox 706 719 946 763; x_wconf 81' lang='lat' dir='ltr'><strong>maioribus</strong></span> <span class='ocrx_word' id='word_1_39' title='bbox 987 719 1165 763; x_wconf 83' lang='lat' dir='ltr'><strong>astricto</strong></span> <span class='ocrx_word' id='word_1_40' title='bbox 1201 728 1541 778; x_wconf 80' lang='lat' dir='ltr'><strong>superaverant3</strong></span> 
     </span>
    </p>
   </div>
   <div class='ocr_carea' id='block_1_5' title="bbox 146 853 1541 2838">
    <p class='ocr_par' dir='ltr' id='par_1_5' title="bbox 152 853 1541 1567">
     <span class='ocr_line' id='line_1_8' title="bbox 159 853 1540 900; baseline 0.003 -14"><span class='ocrx_word' id='word_1_41' title='bbox 159 855 238 887; x_wconf 83' lang='lat' dir='ltr'><strong>utut</strong></span> <span class='ocrx_word' id='word_1_42' title='bbox 261 857 335 894; x_wconf 81' lang='lat' dir='ltr'><strong>est,</strong></span> <span class='ocrx_word' id='word_1_43' title='bbox 357 854 502 899; x_wconf 87' lang='lat' dir='ltr'><strong>vulgata</strong></span> <span class='ocrx_word' id='word_1_44' title='bbox 527 865 594 887; x_wconf 90' lang='lat' dir='ltr'><strong>non</strong></span> <span class='ocrx_word' id='word_1_45' title='bbox 618 857 670 888; x_wconf 81' lang='lat' dir='ltr'><strong>est</strong></span> <span class='ocrx_word' id='word_1_46' title='bbox 694 853 924 888; x_wconf 77' lang='lat' dir='ltr'><strong>sollicitanda.</strong></span> <span class='ocrx_word' id='word_1_47' title='bbox 948 871 994 880; x_wconf 90' lang='lat'>—</span> <span class='ocrx_word' id='word_1_48' title='bbox 1020 854 1175 889; x_wconf 87' lang='lat' dir='ltr'><strong>Novas</strong></span> <span class='ocrx_word' id='word_1_49' title='bbox 1204 867 1274 890; x_wconf 82' lang='lat' dir='ltr'><strong>res</strong></span> <span class='ocrx_word' id='word_1_50' title='bbox 1305 867 1426 900; x_wconf 83' lang='lat' dir='ltr'><strong>cupere</strong></span> <span class='ocrx_word' id='word_1_51' title='bbox 1449 857 1540 890; x_wconf 85' lang='lat' dir='ltr'><strong>Lan-</strong></span> 
     </span>
     <span class='ocr_line' id='line_1_9' title="bbox 156 913 1541 961; baseline 0.003 -14"><span class='ocrx_word' id='word_1_52' title='bbox 156 913 237 958; x_wconf 81' lang='lat' dir='ltr'><strong>gius</strong></span> <span class='ocrx_word' id='word_1_53' title='bbox 260 925 445 958; x_wconf 80' lang='lat' dir='ltr'><strong>perperam</strong></span> <span class='ocrx_word' id='word_1_54' title='bbox 470 914 720 959; x_wconf 83' lang='lat' dir='ltr'><strong>interpretatur</strong></span> <span class='ocrx_word' id='word_1_55' title='bbox 743 926 867 949; x_wconf 81' lang='lat' dir='ltr'><strong>novum</strong></span> <span class='ocrx_word' id='word_1_56' title='bbox 891 916 1067 949; x_wconf 79' lang='lat' dir='ltr'><strong>consilium</strong></span> <span class='ocrx_word' id='word_1_57' title='bbox 1091 917 1191 961; x_wconf 80' lang='lat' dir='ltr'><strong>cepit.</strong></span> <span class='ocrx_word' id='word_1_58' title='bbox 1239 917 1330 951; x_wconf 87' lang='lat' dir='ltr'><strong>Nam</strong></span> <span class='ocrx_word' id='word_1_59' title='bbox 1353 928 1407 950; x_wconf 85' lang='lat' dir='ltr'><strong>res</strong></span> <span class='ocrx_word' id='word_1_60' title='bbox 1429 929 1541 951; x_wconf 81' lang='lat' dir='ltr'><strong>novae</strong></span> 
     </span>
     <span class='ocr_line' id='line_1_10' title="bbox 156 974 1539 1021; baseline 0.004 -15"><span class='ocrx_word' id='word_1_61' title='bbox 156 978 196 1007; x_wconf 88' lang='lat' dir='ltr'><strong>ut</strong></span> <span class='ocrx_word' id='word_1_62' title='bbox 229 974 264 1008; x_wconf 88' lang='lat' dir='ltr'><strong>in</strong></span> <span class='ocrx_word' id='word_1_63' title='bbox 289 975 490 1009; x_wconf 84' lang='lat' dir='ltr'><strong>universum</strong></span> <span class='ocrx_word' id='word_1_64' title='bbox 521 979 601 1009; x_wconf 85' lang='lat' dir='ltr'><strong>sunt</strong></span> <span class='ocrx_word' id='word_1_65' title='bbox 632 976 757 1009; x_wconf 78' lang='lat' dir='ltr'><strong>turbae</strong></span> <span class='ocrx_word' id='word_1_66' title='bbox 788 976 832 1009; x_wconf 80' lang='lat' dir='ltr'><strong>ad</strong></span> <span class='ocrx_word' id='word_1_67' title='bbox 869 987 985 1009; x_wconf 84' lang='lat' dir='ltr'><strong>rerum</strong></span> <span class='ocrx_word' id='word_1_68' title='bbox 1010 980 1157 1021; x_wconf 77' lang='lat' dir='ltr'><strong>statum,</strong></span> <span class='ocrx_word' id='word_1_69' title='bbox 1190 977 1249 1021; x_wconf 93' lang='lat' dir='ltr'><strong>qui</strong></span> <span class='ocrx_word' id='word_1_70' title='bbox 1274 977 1358 1019; x_wconf 79' lang='lat' dir='ltr'><strong>fuit,</strong></span> <span class='ocrx_word' id='word_1_71' title='bbox 1384 981 1539 1011; x_wconf 84' lang='lat' dir='ltr'><strong>everten-</strong></span> 
     </span>
     <span class='ocr_line' id='line_1_11' title="bbox 157 1023 1540 1082; baseline 0.003 -15"><span class='ocrx_word' id='word_1_72' title='bbox 157 1035 259 1077; x_wconf 87' lang='lat' dir='ltr'><strong>dum,</strong></span> <span class='ocrx_word' id='word_1_73' title='bbox 302 1035 353 1070; x_wconf 85' lang='lat' dir='ltr'><strong>ita</strong></span> <span class='ocrx_word' id='word_1_74' title='bbox 393 1036 595 1079; x_wconf 77' lang='lat' dir='ltr'><strong>saepissime</strong></span> <span class='ocrx_word' id='word_1_75' title='bbox 637 1036 834 1081; x_wconf 85' lang='lat' dir='ltr'><strong>significant</strong></span> <span class='ocrx_word' id='word_1_76' title='bbox 867 1023 1100 1079; x_wconf 47' lang='lat' dir='ltr'><strong>defectionem?</strong></span> <span class='ocrx_word' id='word_1_77' title='bbox 1126 1039 1169 1071; x_wconf 81' lang='lat' dir='ltr'><strong>ab</strong></span> <span class='ocrx_word' id='word_1_78' title='bbox 1209 1039 1354 1072; x_wconf 83' lang='lat' dir='ltr'><strong>alicuius</strong></span> <span class='ocrx_word' id='word_1_79' title='bbox 1386 1039 1540 1082; x_wconf 83' lang='lat' dir='ltr'><strong>imperio,</strong></span> 
     </span>
     <span class='ocr_line' id='line_1_12' title="bbox 156 1096 1540 1139; baseline 0.002 -11"><span class='ocrx_word' id='word_1_80' title='bbox 156 1106 247 1139; x_wconf 88' lang='lat' dir='ltr'><strong>quae</strong></span> <span class='ocrx_word' id='word_1_81' title='bbox 268 1096 358 1129; x_wconf 81' lang='lat' dir='ltr'><strong>ratio</strong></span> <span class='ocrx_word' id='word_1_82' title='bbox 392 1098 500 1132; x_wconf 78' lang='lat' dir='ltr'><strong>nostri</strong></span> <span class='ocrx_word' id='word_1_83' title='bbox 524 1098 591 1131; x_wconf 84' lang='lat' dir='ltr'><strong>loci</strong></span> <span class='ocrx_word' id='word_1_84' title='bbox 624 1101 697 1139; x_wconf 64' lang='grc' dir='ltr'><strong>θείς</strong></span> <span class='ocrx_word' id='word_1_85' title='bbox 722 1099 767 1131; x_wconf 79' lang='lat' dir='ltr'><strong>cf.</strong></span> <span class='ocrx_word' id='word_1_86' title='bbox 801 1110 828 1132; x_wconf 93' lang='lat' dir='ltr'><strong>c.</strong></span> <span class='ocrx_word' id='word_1_87' title='bbox 852 1098 1048 1139; x_wconf 78' lang='lat' dir='ltr'>LXXVIII,</span> <span class='ocrx_word' id='word_1_88' title='bbox 1073 1099 1107 1132; x_wconf 91' lang='lat'><strong>1.</strong></span> <span class='ocrx_word' id='word_1_89' title='bbox 1131 1119 1176 1124; x_wconf 83' lang='lat'><strong>—-</strong></span> <span class='ocrx_word' id='word_1_90' title='bbox 1207 1100 1278 1132; x_wconf 89' lang='lat' dir='ltr'><strong>Pro</strong></span> <span class='ocrx_word' id='word_1_91' title='bbox 1312 1099 1368 1132; x_wconf 76' lang='lat' dir='ltr'><strong>die</strong></span> <span class='ocrx_word' id='word_1_92' title='bbox 1402 1098 1540 1132; x_wconf 69' lang='lat' dir='ltr'><strong>Curtius</strong></span> 
     </span>
     <span class='ocr_line' id='line_1_13' title="bbox 155 1156 1540 1202; baseline 0.002 -13"><span class='ocrx_word' id='word_1_93' title='bbox 155 1167 198 1189; x_wconf 82' lang='lat' dir='ltr'><strong>ex</strong></span> <span class='ocrx_word' id='word_1_94' title='bbox 222 1156 302 1191; x_wconf 91' lang='lat' dir='ltr'><strong>Sen.</strong></span> <span class='ocrx_word' id='word_1_95' title='bbox 327 1157 360 1190; x_wconf 93' lang='lat'><strong>1.</strong></span> <span class='ocrx_word' id='word_1_96' title='bbox 384 1158 489 1191; x_wconf 87' lang='lat' dir='ltr'><strong>Rem.</strong></span> <span class='ocrx_word' id='word_1_97' title='bbox 515 1159 549 1192; x_wconf 85' lang='lat'><strong>2.</strong></span> <span class='ocrx_word' id='word_1_98' title='bbox 574 1162 608 1192; x_wconf 83' lang='lat' dir='ltr'><strong>et</strong></span> <span class='ocrx_word' id='word_1_99' title='bbox 632 1159 748 1194; x_wconf 80' lang='lat' dir='ltr'><strong>Guelf.</strong></span> <span class='ocrx_word' id='word_1_100' title='bbox 771 1159 830 1194; x_wconf 78' lang='lat'><strong>12.</strong></span> <span class='ocrx_word' id='word_1_101' title='bbox 862 1158 999 1202; x_wconf 78' lang='lat' dir='ltr'><strong>scripsit</strong></span> <span class='ocrx_word' id='word_1_102' title='bbox 1022 1159 1093 1192; x_wconf 80' lang='lat' dir='ltr'><strong>diu.</strong></span> <span class='ocrx_word' id='word_1_103' title='bbox 1142 1160 1197 1193; x_wconf 87' lang='lat' dir='ltr'><strong>Ita</strong></span> <span class='ocrx_word' id='word_1_104' title='bbox 1219 1171 1302 1192; x_wconf 80' lang='lat' dir='ltr'><strong>sane</strong></span> <span class='ocrx_word' id='word_1_105' title='bbox 1331 1160 1465 1192; x_wconf 80' lang='lat' dir='ltr'><strong>locutus</strong></span> <span class='ocrx_word' id='word_1_106' title='bbox 1489 1163 1540 1193; x_wconf 75' lang='lat' dir='ltr'><strong>est</strong></span> 
     </span>
     <span class='ocr_line' id='line_1_14' title="bbox 154 1217 1538 1264; baseline 0.001 -14"><span class='ocrx_word' id='word_1_107' title='bbox 154 1217 342 1251; x_wconf 78' lang='lat' dir='ltr'><strong>Sallustius</strong></span> <span class='ocrx_word' id='word_1_108' title='bbox 365 1219 512 1264; x_wconf 80' lang='lat' dir='ltr'><strong>Fragm.</strong></span> <span class='ocrx_word' id='word_1_109' title='bbox 537 1219 689 1253; x_wconf 83' lang='lat' dir='ltr'><strong>Ilistorr.</strong></span> <span class='ocrx_word' id='word_1_110' title='bbox 715 1219 766 1262; x_wconf 84' lang='lat'><strong>11,</strong></span> <span class='ocrx_word' id='word_1_111' title='bbox 792 1219 850 1252; x_wconf 76' lang='lat'><strong>27.</strong></span> <span class='ocrx_word' id='word_1_112' title='bbox 886 1220 982 1252; x_wconf 82' lang='lat' dir='ltr'><strong>Gerl.</strong></span> <span class='ocrx_word' id='word_1_113' title='bbox 1032 1219 1182 1252; x_wconf 73' lang='lat' dir='ltr'><strong>Noctu</strong></span> <span class='ocrx_word' id='word_1_114' title='bbox 1220 1220 1393 1264; x_wconf 79' lang='lat' dir='ltr'><strong>diuque</strong></span> <span class='ocrx_word' id='word_1_115' title='bbox 1417 1220 1538 1253; x_wconf 80' lang='lat' dir='ltr'><strong>statio-</strong></span> 
     </span>
     <span class='ocr_line' id='line_1_15' title="bbox 154 1278 1539 1325; baseline 0.001 -14"><span class='ocrx_word' id='word_1_116' title='bbox 154 1289 215 1312; x_wconf 78' lang='lat' dir='ltr'><strong>nes</strong></span> <span class='ocrx_word' id='word_1_117' title='bbox 238 1284 272 1313; x_wconf 84' lang='lat' dir='ltr'><strong>et</strong></span> <span class='ocrx_word' id='word_1_118' title='bbox 295 1280 439 1325; x_wconf 74' lang='lat' dir='ltr'><strong>vigilias</strong></span> <span class='ocrx_word' id='word_1_119' title='bbox 469 1285 628 1322; x_wconf 77' lang='lat' dir='ltr'><strong>tentare,</strong></span> <span class='ocrx_word' id='word_1_120' title='bbox 660 1283 744 1314; x_wconf 77' lang='lat' dir='ltr'><strong>teste</strong></span> <span class='ocrx_word' id='word_1_121' title='bbox 776 1279 937 1313; x_wconf 76' lang='lat' dir='ltr'><strong>charisio</strong></span> <span class='ocrx_word' id='word_1_122' title='bbox 962 1278 1004 1313; x_wconf 78' lang='grc' dir='ltr'><strong>ΙΙ.</strong></span> <span class='ocrx_word' id='word_1_123' title='bbox 1028 1290 1063 1322; x_wconf 88' lang='lat' dir='ltr'><strong>p.</strong></span> <span class='ocrx_word' id='word_1_124' title='bbox 1089 1279 1189 1320; x_wconf 77' lang='lat'>185.;</span> <span class='ocrx_word' id='word_1_125' title='bbox 1223 1279 1280 1312; x_wconf 83' lang='lat' dir='ltr'><strong>sed</strong></span> <span class='ocrx_word' id='word_1_126' title='bbox 1306 1280 1341 1313; x_wconf 86' lang='lat' dir='ltr'><strong>h.</strong></span> <span class='ocrx_word' id='word_1_127' title='bbox 1364 1280 1375 1312; x_wconf 91' lang='lat' dir='ltr'><strong>l</strong></span> <span class='ocrx_word' id='word_1_128' title='bbox 1411 1279 1539 1323; x_wconf 83' lang='lat' dir='ltr'><strong>exigua</strong></span> 
     </span>
     <span class='ocr_line' id='line_1_16' title="bbox 152 1339 1538 1385; baseline 0.001 -13"><span class='ocrx_word' id='word_1_129' title='bbox 152 1339 324 1374; x_wconf 86' lang='lat' dir='ltr'><strong>librorum</strong></span> <span class='ocrx_word' id='word_1_130' title='bbox 347 1340 538 1374; x_wconf 83' lang='lat' dir='ltr'><strong>auctoritas</strong></span> <span class='ocrx_word' id='word_1_131' title='bbox 561 1340 796 1385; x_wconf 74' lang='lat' dir='ltr'><strong>suspicionem</strong></span> <span class='ocrx_word' id='word_1_132' title='bbox 821 1339 927 1381; x_wconf 81' lang='lat' dir='ltr'><strong>facit,</strong></span> <span class='ocrx_word' id='word_1_133' title='bbox 952 1339 1008 1372; x_wconf 77' lang='lat' dir='ltr'><strong>die</strong></span> <span class='ocrx_word' id='word_1_134' title='bbox 1033 1351 1051 1373; x_wconf 88' lang='lat' dir='ltr'><strong>a</strong></span> <span class='ocrx_word' id='word_1_135' title='bbox 1076 1340 1197 1373; x_wconf 77' lang='lat' dir='ltr'><strong>scribis</strong></span> <span class='ocrx_word' id='word_1_136' title='bbox 1221 1340 1256 1373; x_wconf 88' lang='lat' dir='ltr'><strong>in</strong></span> <span class='ocrx_word' id='word_1_137' title='bbox 1281 1341 1341 1374; x_wconf 81' lang='lat' dir='ltr'><strong>diu</strong></span> <span class='ocrx_word' id='word_1_138' title='bbox 1365 1344 1538 1374; x_wconf 79' lang='lat' dir='ltr'><strong>mutatum</strong></span> 
     </span>
     <span class='ocr_line' id='line_1_17' title="bbox 152 1399 1538 1446; baseline -0.001 -13"><span class='ocrx_word' id='word_1_139' title='bbox 152 1406 239 1443; x_wconf 77' lang='lat' dir='ltr'><strong>esse,</strong></span> <span class='ocrx_word' id='word_1_140' title='bbox 262 1406 301 1435; x_wconf 86' lang='lat' dir='ltr'><strong>ut</strong></span> <span class='ocrx_word' id='word_1_141' title='bbox 324 1412 404 1435; x_wconf 86' lang='lat' dir='ltr'><strong>cum</strong></span> <span class='ocrx_word' id='word_1_142' title='bbox 427 1413 512 1435; x_wconf 84' lang='lat' dir='ltr'><strong>voce</strong></span> <span class='ocrx_word' id='word_1_143' title='bbox 535 1406 636 1435; x_wconf 81' lang='lat' dir='ltr'><strong>noctu</strong></span> <span class='ocrx_word' id='word_1_144' title='bbox 660 1403 887 1446; x_wconf 86' lang='lat' dir='ltr'><strong>congrueret;</strong></span> <span class='ocrx_word' id='word_1_145' title='bbox 911 1400 954 1434; x_wconf 81' lang='lat' dir='ltr'><strong>cf.</strong></span> <span class='ocrx_word' id='word_1_146' title='bbox 977 1400 1021 1433; x_wconf 82' lang='lat' dir='ltr'><strong>ad</strong></span> <span class='ocrx_word' id='word_1_147' title='bbox 1042 1401 1162 1442; x_wconf 87' lang='lat' dir='ltr'>XLIV,</span> <span class='ocrx_word' id='word_1_148' title='bbox 1183 1399 1215 1433; x_wconf 77' lang='lat'><strong>5.</strong></span> <span class='ocrx_word' id='word_1_149' title='bbox 1234 1403 1268 1434; x_wconf 87' lang='lat' dir='ltr'><strong>et</strong></span> <span class='ocrx_word' id='word_1_150' title='bbox 1285 1401 1328 1434; x_wconf 83' lang='lat' dir='ltr'><strong>ad</strong></span> <span class='ocrx_word' id='word_1_151' title='bbox 1346 1400 1538 1441; x_wconf 77' lang='lat' dir='ltr'>XXXVIII,</span> 
     </span>
     <span class='ocr_line' id='line_1_18' title="bbox 153 1461 1537 1506; baseline -0.001 -10"><span class='ocrx_word' id='word_1_152' title='bbox 153 1462 187 1496; x_wconf 86' lang='lat'><strong>3.</strong></span> <span class='ocrx_word' id='word_1_153' title='bbox 215 1481 256 1488; x_wconf 94' lang='lat'>—</span> <span class='ocrx_word' id='word_1_154' title='bbox 282 1463 442 1496; x_wconf 78' lang='lat' dir='ltr'><strong>Animum</strong></span> <span class='ocrx_word' id='word_1_155' title='bbox 474 1462 499 1496; x_wconf 86' lang='lat' dir='ltr'><strong>i.</strong></span> <span class='ocrx_word' id='word_1_156' title='bbox 534 1473 564 1495; x_wconf 87' lang='lat' dir='ltr'><strong>c.</strong></span> <span class='ocrx_word' id='word_1_157' title='bbox 598 1473 655 1506; x_wconf 85' lang='lat' dir='ltr'><strong>se,</strong></span> <span class='ocrx_word' id='word_1_158' title='bbox 690 1463 733 1494; x_wconf 88' lang='lat' dir='ltr'><strong>de</strong></span> <span class='ocrx_word' id='word_1_159' title='bbox 767 1471 836 1503; x_wconf 89' lang='lat' dir='ltr'><strong>quo</strong></span> <span class='ocrx_word' id='word_1_160' title='bbox 868 1471 933 1493; x_wconf 84' lang='lat' dir='ltr'><strong>usu</strong></span> <span class='ocrx_word' id='word_1_161' title='bbox 965 1461 1127 1494; x_wconf 73' lang='lat' dir='ltr'><strong>vocabuli</strong></span> <span class='ocrx_word' id='word_1_162' title='bbox 1159 1461 1294 1495; x_wconf 83' lang='lat' dir='ltr'><strong>animus</strong></span> <span class='ocrx_word' id='word_1_163' title='bbox 1329 1461 1399 1495; x_wconf 84' lang='lat' dir='ltr'><strong>dixi</strong></span> <span class='ocrx_word' id='word_1_164' title='bbox 1432 1462 1474 1495; x_wconf 89' lang='lat' dir='ltr'><strong>ad</strong></span> <span class='ocrx_word' id='word_1_165' title='bbox 1509 1473 1537 1494; x_wconf 94' lang='lat' dir='ltr'><strong>c.</strong></span> 
     </span>
     <span class='ocr_line' id='line_1_19' title="bbox 154 1519 1238 1567; baseline -0.003 -11"><span class='ocrx_word' id='word_1_166' title='bbox 154 1523 313 1565; x_wconf 81' lang='lat' dir='ltr'>XXXIX,</span> <span class='ocrx_word' id='word_1_167' title='bbox 337 1522 371 1558; x_wconf 86' lang='lat'><strong>5.</strong></span> <span class='ocrx_word' id='word_1_168' title='bbox 395 1523 442 1556; x_wconf 80' lang='lat' dir='ltr'><strong>cf.</strong></span> <span class='ocrx_word' id='word_1_169' title='bbox 467 1522 613 1567; x_wconf 69' lang='lat' dir='ltr'><strong>Grysar.</strong></span> <span class='ocrx_word' id='word_1_170' title='bbox 640 1523 713 1556; x_wconf 87' lang='lat' dir='ltr'><strong>Art.</strong></span> <span class='ocrx_word' id='word_1_171' title='bbox 739 1523 814 1556; x_wconf 87' lang='lat' dir='ltr'><strong>Lat.</strong></span> <span class='ocrx_word' id='word_1_172' title='bbox 841 1520 1014 1555; x_wconf 85' lang='lat' dir='ltr'><strong>scribendi</strong></span> <span class='ocrx_word' id='word_1_173' title='bbox 1040 1533 1073 1564; x_wconf 91' lang='lat' dir='ltr'><strong>p.</strong></span> <span class='ocrx_word' id='word_1_174' title='bbox 1099 1519 1168 1554; x_wconf 79' lang='lat'><strong>145</strong></span> <span class='ocrx_word' id='word_1_175' title='bbox 1187 1532 1238 1564; x_wconf 81' lang='lat' dir='ltr'><strong>sq.</strong></span> 
     </span>
    </p>

    <p class='ocr_par' dir='ltr' id='par_1_6' title="bbox 146 1581 1538 2838">
     <span class='ocr_line' id='line_1_20' title="bbox 244 1581 1538 1628; baseline -0.001 -10"><span class='ocrx_word' id='word_1_176' title='bbox 244 1587 277 1627; x_wconf 84' lang='lat'><strong>§.</strong></span> <span class='ocrx_word' id='word_1_177' title='bbox 300 1584 335 1618; x_wconf 82' lang='grc'><strong>2.</strong></span> <span class='ocrx_word' id='word_1_178' title='bbox 374 1583 491 1618; x_wconf 82' lang='lat' dir='ltr'><strong>omnia</strong></span> <span class='ocrx_word' id='word_1_179' title='bbox 513 1584 694 1628; x_wconf 81' lang='lat' dir='ltr'><strong>tentando]</strong></span> <span class='ocrx_word' id='word_1_180' title='bbox 719 1584 814 1616; x_wconf 83' lang='lat' dir='ltr'>Cave</span> <span class='ocrx_word' id='word_1_181' title='bbox 838 1582 957 1616; x_wconf 83' lang='lat' dir='ltr'><strong>credas</strong></span> <span class='ocrx_word' id='word_1_182' title='bbox 973 1582 1062 1614; x_wconf 85' lang='lat' dir='ltr'><strong>haec</strong></span> <span class='ocrx_word' id='word_1_183' title='bbox 1085 1581 1284 1626; x_wconf 75' lang='lat' dir='ltr'><strong>significare</strong></span> <span class='ocrx_word' id='word_1_184' title='bbox 1305 1582 1421 1615; x_wconf 76' lang='lat' dir='ltr'><strong>omnia</strong></span> <span class='ocrx_word' id='word_1_185' title='bbox 1443 1587 1538 1617; x_wconf 82' lang='lat' dir='ltr'><strong>ten-</strong></span> 
     </span>
     <span class='ocr_line' id='line_1_21' title="bbox 155 1642 1536 1687; baseline -0.002 -9"><span class='ocrx_word' id='word_1_186' title='bbox 155 1648 288 1687; x_wconf 80' lang='lat' dir='ltr'><strong>tans,</strong></span> <span class='ocrx_word' id='word_1_187' title='bbox 324 1644 380 1678; x_wconf 76' lang='lat' dir='ltr'><strong>vel</strong></span> <span class='ocrx_word' id='word_1_188' title='bbox 407 1644 562 1678; x_wconf 74' lang='lat' dir='ltr'><strong>omnibus</strong></span> <span class='ocrx_word' id='word_1_189' title='bbox 592 1644 800 1678; x_wconf 59' lang='lat' dir='ltr'><strong>tentati&amp;</strong></span> <span class='ocrx_word' id='word_1_190' title='bbox 847 1643 997 1686; x_wconf 84' lang='lat' dir='ltr'><strong>Propria</strong></span> <span class='ocrx_word' id='word_1_191' title='bbox 1021 1642 1112 1676; x_wconf 89' lang='lat' dir='ltr'><strong>enim</strong></span> <span class='ocrx_word' id='word_1_192' title='bbox 1137 1646 1271 1677; x_wconf 76' lang='lat' dir='ltr'><strong>constat</strong></span> <span class='ocrx_word' id='word_1_193' title='bbox 1301 1643 1446 1677; x_wconf 77' lang='lat' dir='ltr'><strong>ablativi</strong></span> <span class='ocrx_word' id='word_1_194' title='bbox 1470 1655 1536 1687; x_wconf 79' lang='lat' dir='ltr'><strong>ge-</strong></span> 
     </span>
     <span class='ocr_line' id='line_1_22' title="bbox 152 1693 1537 1749; baseline -0.001 -11"><span class='ocrx_word' id='word_1_195' title='bbox 152 1704 266 1738; x_wconf 86' lang='lat' dir='ltr'><strong>rundii</strong></span> <span class='ocrx_word' id='word_1_196' title='bbox 291 1704 345 1738; x_wconf 81' lang='lat' dir='ltr'><strong>vis</strong></span> <span class='ocrx_word' id='word_1_197' title='bbox 368 1704 404 1737; x_wconf 91' lang='lat' dir='ltr'><strong>in</strong></span> <span class='ocrx_word' id='word_1_198' title='bbox 427 1704 522 1736; x_wconf 88' lang='lat' dir='ltr'><strong>hunc</strong></span> <span class='ocrx_word' id='word_1_199' title='bbox 545 1705 710 1738; x_wconf 86' lang='lat' dir='ltr'><strong>modum:</strong></span> <span class='ocrx_word' id='word_1_200' title='bbox 747 1716 806 1746; x_wconf 85' lang='lat' dir='ltr'><strong>eo,</strong></span> <span class='ocrx_word' id='word_1_201' title='bbox 839 1704 927 1749; x_wconf 81' lang='lat' dir='ltr'><strong>quod</strong></span> <span class='ocrx_word' id='word_1_202' title='bbox 950 1703 1066 1736; x_wconf 80' lang='lat' dir='ltr'><strong>omnia</strong></span> <span class='ocrx_word' id='word_1_203' title='bbox 1090 1703 1272 1745; x_wconf 77' lang='lat' dir='ltr'><strong>tentabat,</strong></span> <span class='ocrx_word' id='word_1_204' title='bbox 1298 1704 1402 1737; x_wconf 73' lang='lat' dir='ltr'><strong>etiam</strong></span> <span class='ocrx_word' id='word_1_205' title='bbox 1429 1704 1477 1736; x_wconf 79' lang='lat' dir='ltr'><strong>ad</strong></span> <span class='ocrx_word' id='word_1_206' title='bbox 1501 1693 1537 1737; x_wconf 72' lang='lat' dir='ltr'><strong>{d</strong></span> 
     </span>
     <span class='ocr_line' id='line_1_23' title="bbox 152 1763 1536 1811; baseline -0.001 -12"><span class='ocrx_word' id='word_1_207' title='bbox 152 1767 282 1800; x_wconf 80' lang='lat' dir='ltr'><strong>consilii</strong></span> <span class='ocrx_word' id='word_1_208' title='bbox 305 1767 427 1800; x_wconf 79' lang='lat' dir='ltr'><strong>ductus</strong></span> <span class='ocrx_word' id='word_1_209' title='bbox 451 1770 513 1805; x_wconf 84' lang='lat' dir='ltr'><strong>est,</strong></span> <span class='ocrx_word' id='word_1_210' title='bbox 544 1770 582 1798; x_wconf 82' lang='lat' dir='ltr'><strong>nt</strong></span> <span class='ocrx_word' id='word_1_211' title='bbox 605 1765 737 1799; x_wconf 88' lang='lat' dir='ltr'><strong>socium</strong></span> <span class='ocrx_word' id='word_1_212' title='bbox 761 1765 828 1799; x_wconf 84' lang='lat' dir='ltr'><strong>sibi</strong></span> <span class='ocrx_word' id='word_1_213' title='bbox 854 1765 1071 1809; x_wconf 74' lang='lat' dir='ltr'><strong>adiungeret,</strong></span> <span class='ocrx_word' id='word_1_214' title='bbox 1096 1779 1138 1787; x_wconf 90' lang='lat'><em>-</em></span> <span class='ocrx_word' id='word_1_215' title='bbox 1163 1763 1318 1811; x_wconf 15' lang='lat' dir='ltr'><strong>Carujm</strong></span> <span class='ocrx_word' id='word_1_216' title='bbox 1343 1769 1536 1808; x_wconf 72' lang='lat' dir='ltr'><strong>acceptum-</strong></span> 
     </span>
     <span class='ocr_line' id='line_1_24' title="bbox 150 1823 1536 1871; baseline -0.002 -11"><span class='ocrx_word' id='word_1_217' title='bbox 150 1838 216 1871; x_wconf 83' lang='lat' dir='ltr'><strong>que</strong></span> <span class='ocrx_word' id='word_1_218' title='bbox 239 1830 355 1860; x_wconf 81' lang='lat' dir='ltr'><strong>utrum</strong></span> <span class='ocrx_word' id='word_1_219' title='bbox 372 1824 590 1858; x_wconf 85' lang='lat' dir='ltr'><strong>scribendum</strong></span> <span class='ocrx_word' id='word_1_220' title='bbox 611 1837 799 1867; x_wconf 84' lang='lat' dir='ltr'><strong>censerem,</strong></span> <span class='ocrx_word' id='word_1_221' title='bbox 825 1836 867 1859; x_wconf 86' lang='lat' dir='ltr'><strong>an</strong></span> <span class='ocrx_word' id='word_1_222' title='bbox 893 1826 1067 1858; x_wconf 79' lang='lat' dir='ltr'><strong>clarum</strong></span> <span class='ocrx_word' id='word_1_223' title='bbox 1093 1834 1163 1855; x_wconf 84' lang='lat' dir='ltr'><strong>acc.</strong></span> <span class='ocrx_word' id='word_1_224' title='bbox 1183 1823 1399 1865; x_wconf 78' lang='lat' dir='ltr'><strong>aliquamdiu</strong></span> <span class='ocrx_word' id='word_1_225' title='bbox 1420 1824 1536 1857; x_wconf 62' lang='lat' dir='ltr'><strong>baesi—</strong></span> 
     </span>
     <span class='ocr_line' id='line_1_25' title="bbox 149 1884 1535 1931; baseline -0.001 -9"><span class='ocrx_word' id='word_1_226' title='bbox 149 1887 234 1931; x_wconf 80' lang='lat' dir='ltr'><strong>tavi,</strong></span> <span class='ocrx_word' id='word_1_227' title='bbox 260 1897 366 1930; x_wconf 88' lang='lat' dir='ltr'><strong>quum</strong></span> <span class='ocrx_word' id='word_1_228' title='bbox 390 1885 476 1918; x_wconf 86' lang='lat' dir='ltr'><strong>illud</strong></span> <span class='ocrx_word' id='word_1_229' title='bbox 493 1897 535 1919; x_wconf 82' lang='lat' dir='ltr'><strong>ex</strong></span> <span class='ocrx_word' id='word_1_230' title='bbox 556 1887 674 1920; x_wconf 86' lang='lat' dir='ltr'><strong>Coleri</strong></span> <span class='ocrx_word' id='word_1_231' title='bbox 698 1886 896 1919; x_wconf 87' lang='lat' dir='ltr'><strong>coniectura</strong></span> <span class='ocrx_word' id='word_1_232' title='bbox 917 1884 973 1925; x_wconf 86' lang='lat' dir='ltr'><strong>sit,</strong></span> <span class='ocrx_word' id='word_1_233' title='bbox 995 1885 1063 1917; x_wconf 88' lang='lat' dir='ltr'><strong>hoc</strong></span> <span class='ocrx_word' id='word_1_234' title='bbox 1086 1884 1239 1916; x_wconf 82' lang='lat' dir='ltr'><strong>maximo</strong></span> <span class='ocrx_word' id='word_1_235' title='bbox 1259 1886 1414 1919; x_wconf 87' lang='lat' dir='ltr'><strong>omnium</strong></span> <span class='ocrx_word' id='word_1_236' title='bbox 1436 1886 1535 1920; x_wconf 83' lang='lat' dir='ltr'><strong>codd.</strong></span> 
     </span>
     <span class='ocr_line' id='line_1_26' title="bbox 150 1943 1536 1991; baseline -0.004 -8"><span class='ocrx_word' id='word_1_237' title='bbox 150 1960 315 1983; x_wconf 83' lang='lat' dir='ltr'><strong>consensu</strong></span> <span class='ocrx_word' id='word_1_238' title='bbox 340 1950 566 1988; x_wconf 76' lang='lat' dir='ltr'><strong>sustentetur,</strong></span> <span class='ocrx_word' id='word_1_239' title='bbox 591 1952 625 1980; x_wconf 85' lang='lat' dir='ltr'><strong>et</strong></span> <span class='ocrx_word' id='word_1_240' title='bbox 649 1946 906 1991; x_wconf 79' lang='lat' dir='ltr'><strong>quodammodo</strong></span> <span class='ocrx_word' id='word_1_241' title='bbox 931 1944 1048 1977; x_wconf 74' lang='lat' dir='ltr'><strong>verbis</strong></span> <span class='ocrx_word' id='word_1_242' title='bbox 1072 1943 1312 1986; x_wconf 70' lang='lat' dir='ltr'><strong>sequentibus,</strong></span> <span class='ocrx_word' id='word_1_243' title='bbox 1338 1957 1378 1978; x_wconf 70' lang='lat' dir='ltr'><strong>ez·</strong></span> <span class='ocrx_word' id='word_1_244' title='bbox 1401 1957 1465 1989; x_wconf 84' lang='lat' dir='ltr'><strong>quo</strong></span> <span class='ocrx_word' id='word_1_245' title='bbox 1482 1947 1536 1979; x_wconf 66' lang='lat' dir='ltr'><strong>illa·</strong></span> 
     </span>
     <span class='ocr_line' id='line_1_27' title="bbox 149 2003 1534 2055; baseline -0.003 -13"><span class='ocrx_word' id='word_1_246' title='bbox 149 2009 305 2055; x_wconf 81' lang='lat' dir='ltr'><strong>gloria</strong></span> <span class='ocrx_word' id='word_1_247' title='bbox 335 2017 480 2052; x_wconf 75' lang='lat' dir='ltr'><strong>opesque</strong></span> <span class='ocrx_word' id='word_1_248' title='bbox 513 2007 675 2039; x_wconf 82' lang='lat' dir='ltr'><strong>inventae</strong></span> <span class='ocrx_word' id='word_1_249' title='bbox 711 2007 965 2050; x_wconf 83' lang='lat' dir='ltr'><strong>comprobetur.</strong></span> <span class='ocrx_word' id='word_1_250' title='bbox 1024 2004 1093 2037; x_wconf 84' lang='lat' dir='ltr'><strong>Sed</strong></span> <span class='ocrx_word' id='word_1_251' title='bbox 1126 2003 1309 2047; x_wconf 70' lang='lat' dir='ltr'><strong>quominus</strong></span> <span class='ocrx_word' id='word_1_252' title='bbox 1342 2006 1429 2037; x_wconf 77' lang='lat' dir='ltr'><strong>haec</strong></span> <span class='ocrx_word' id='word_1_253' title='bbox 1452 2005 1534 2038; x_wconf 78' lang='lat' dir='ltr'><strong>satis</strong></span> 
     </span>
     <span class='ocr_line' id='line_1_28' title="bbox 150 2064 1534 2114; baseline -0.001 -14"><span class='ocrx_word' id='word_1_254' title='bbox 150 2068 276 2114; x_wconf 82' lang='lat' dir='ltr'><strong>gravia</strong></span> <span class='ocrx_word' id='word_1_255' title='bbox 307 2071 484 2110; x_wconf 80' lang='lat' dir='ltr'><strong>putarem,</strong></span> <span class='ocrx_word' id='word_1_256' title='bbox 520 2070 684 2108; x_wconf 82' lang='lat' dir='ltr'><strong>quattuor</strong></span> <span class='ocrx_word' id='word_1_257' title='bbox 717 2076 860 2100; x_wconf 77' lang='lat' dir='ltr'><strong>caussae</strong></span> <span class='ocrx_word' id='word_1_258' title='bbox 893 2066 1044 2097; x_wconf 83' lang='lat' dir='ltr'><strong>fuerunt.</strong></span> <span class='ocrx_word' id='word_1_259' title='bbox 1102 2064 1258 2097; x_wconf 82' lang='lat' dir='ltr'><strong>Primum</strong></span> <span class='ocrx_word' id='word_1_260' title='bbox 1293 2065 1384 2097; x_wconf 91' lang='lat' dir='ltr'><strong>enim</strong></span> <span class='ocrx_word' id='word_1_261' title='bbox 1421 2067 1534 2099; x_wconf 72' lang='lat' dir='ltr'><strong>clarus</strong></span> 
     </span>
     <span class='ocr_line' id='line_1_29' title="bbox 150 2124 1533 2170; baseline -0.003 -7"><span class='ocrx_word' id='word_1_262' title='bbox 150 2130 298 2163; x_wconf 85' lang='lat' dir='ltr'><strong>otiosum</strong></span> <span class='ocrx_word' id='word_1_263' title='bbox 326 2127 460 2160; x_wconf 86' lang='lat' dir='ltr'><strong>videtur</strong></span> <span class='ocrx_word' id='word_1_264' title='bbox 484 2125 661 2169; x_wconf 78' lang='lat' dir='ltr'><strong>epitheton</strong></span> <span class='ocrx_word' id='word_1_265' title='bbox 686 2126 720 2160; x_wconf 90' lang='lat' dir='ltr'><strong>in</strong></span> <span class='ocrx_word' id='word_1_266' title='bbox 745 2137 806 2166; x_wconf 85' lang='lat' dir='ltr'><strong>eo,</strong></span> <span class='ocrx_word' id='word_1_267' title='bbox 831 2124 890 2168; x_wconf 87' lang='lat' dir='ltr'><strong>qui</strong></span> <span class='ocrx_word' id='word_1_268' title='bbox 917 2125 1038 2157; x_wconf 71' lang='lat' dir='ltr'><strong>nobilis</strong></span> <span class='ocrx_word' id='word_1_269' title='bbox 1063 2129 1096 2158; x_wconf 85' lang='lat' dir='ltr'><strong>et</strong></span> <span class='ocrx_word' id='word_1_270' title='bbox 1120 2126 1260 2170; x_wconf 82' lang='lat' dir='ltr'><strong>magnis</strong></span> <span class='ocrx_word' id='word_1_271' title='bbox 1284 2127 1401 2169; x_wconf 76' lang='lat' dir='ltr'><strong>opibus</strong></span> <span class='ocrx_word' id='word_1_272' title='bbox 1424 2126 1533 2159; x_wconf 81' lang='lat' dir='ltr'><strong>dictus</strong></span> 
     </span>
     <span class='ocr_line' id='line_1_30' title="bbox 148 2185 1530 2231; baseline -0.002 -8"><span class='ocrx_word' id='word_1_273' title='bbox 148 2193 210 2223; x_wconf 75' lang='lat' dir='ltr'><strong>est.</strong></span> <span class='ocrx_word' id='word_1_274' title='bbox 258 2188 372 2228; x_wconf 87' lang='lat' dir='ltr'><strong>Tum,</strong></span> <span class='ocrx_word' id='word_1_275' title='bbox 409 2187 498 2229; x_wconf 85' lang='lat' dir='ltr'><strong>quod</strong></span> <span class='ocrx_word' id='word_1_276' title='bbox 524 2186 663 2228; x_wconf 85' lang='lat' dir='ltr'><strong>quidam</strong></span> <span class='ocrx_word' id='word_1_277' title='bbox 698 2187 837 2231; x_wconf 71' lang='lat' dir='ltr'><strong>magnis</strong></span> <span class='ocrx_word' id='word_1_278' title='bbox 868 2187 986 2229; x_wconf 79' lang='lat' dir='ltr'><strong>opibus</strong></span> <span class='ocrx_word' id='word_1_279' title='bbox 1020 2187 1177 2218; x_wconf 75' lang='lat' dir='ltr'><strong>clarus</strong></span> <span class='ocrx_word' id='word_1_280' title='bbox 1212 2185 1373 2228; x_wconf 66' lang='lat' dir='ltr'><strong>coniungi</strong></span> <span class='ocrx_word' id='word_1_281' title='bbox 1400 2187 1530 2229; x_wconf 85' lang='lat' dir='ltr'><strong>volunt,</strong></span> 
     </span>
     <span class='ocr_line' id='line_1_31' title="bbox 148 2245 1530 2292; baseline -0.002 -9"><span class='ocrx_word' id='word_1_282' title='bbox 148 2260 258 2292; x_wconf 86' lang='lat' dir='ltr'><strong>neque</strong></span> <span class='ocrx_word' id='word_1_283' title='bbox 291 2259 354 2292; x_wconf 87' lang='lat' dir='ltr'><strong>per</strong></span> <span class='ocrx_word' id='word_1_284' title='bbox 386 2259 423 2280; x_wconf 83' lang='lat' dir='ltr'><strong>se</strong></span> <span class='ocrx_word' id='word_1_285' title='bbox 455 2246 537 2280; x_wconf 84' lang='lat' dir='ltr'><strong>satis</strong></span> <span class='ocrx_word' id='word_1_286' title='bbox 571 2251 702 2280; x_wconf 86' lang='lat' dir='ltr'><strong>rectum</strong></span> <span class='ocrx_word' id='word_1_287' title='bbox 747 2251 818 2288; x_wconf 63' lang='lat' dir='ltr'><strong>est,</strong></span> <span class='ocrx_word' id='word_1_288' title='bbox 856 2250 890 2279; x_wconf 89' lang='lat' dir='ltr'><strong>et</strong></span> <span class='ocrx_word' id='word_1_289' title='bbox 927 2245 1031 2278; x_wconf 81' lang='lat' dir='ltr'><strong>huius</strong></span> <span class='ocrx_word' id='word_1_290' title='bbox 1072 2245 1138 2277; x_wconf 83' lang='lat' dir='ltr'><strong>loci</strong></span> <span class='ocrx_word' id='word_1_291' title='bbox 1172 2245 1311 2290; x_wconf 84' lang='lat' dir='ltr'><strong>ingenio</strong></span> <span class='ocrx_word' id='word_1_292' title='bbox 1350 2252 1530 2291; x_wconf 76' lang='lat' dir='ltr'><strong>repugnat.</strong></span> 
     </span>
     <span class='ocr_line' id='line_1_32' title="bbox 148 2306 1530 2354; baseline -0.001 -11"><span class='ocrx_word' id='word_1_293' title='bbox 148 2310 288 2354; x_wconf 80' lang='lat' dir='ltr'><strong>Quippe</strong></span> <span class='ocrx_word' id='word_1_294' title='bbox 310 2309 479 2353; x_wconf 77' lang='lat' dir='ltr'><strong>simplicia</strong></span> <span class='ocrx_word' id='word_1_295' title='bbox 503 2308 657 2351; x_wconf 86' lang='lat' dir='ltr'><strong>epitheta</strong></span> <span class='ocrx_word' id='word_1_296' title='bbox 682 2312 803 2342; x_wconf 84' lang='lat' dir='ltr'><strong>auctor</strong></span> <span class='ocrx_word' id='word_1_297' title='bbox 835 2307 1010 2346; x_wconf 79' lang='lat' dir='ltr'><strong>cumulat,</strong></span> <span class='ocrx_word' id='word_1_298' title='bbox 1047 2316 1136 2347; x_wconf 85' lang='lat' dir='ltr'><strong>quae</strong></span> <span class='ocrx_word' id='word_1_299' title='bbox 1159 2306 1348 2340; x_wconf 78' lang='lat' dir='ltr'><strong>interiectis</strong></span> <span class='ocrx_word' id='word_1_300' title='bbox 1370 2308 1530 2342; x_wconf 78' lang='lat' dir='ltr'><strong>ablativis</strong></span> 
     </span>
     <span class='ocr_line' id='line_1_33' title="bbox 147 2367 1526 2410; baseline -0.001 -7"><span class='ocrx_word' id='word_1_301' title='bbox 147 2369 350 2410; x_wconf 77' lang='lat' dir='ltr'><strong>variantur,</strong></span> <span class='ocrx_word' id='word_1_302' title='bbox 382 2373 421 2402; x_wconf 88' lang='lat' dir='ltr'><strong>ut</strong></span> <span class='ocrx_word' id='word_1_303' title='bbox 455 2369 593 2403; x_wconf 75' lang='lat' dir='ltr'><strong>Cottius</strong></span> <span class='ocrx_word' id='word_1_304' title='bbox 633 2370 720 2403; x_wconf 77' lang='lat' dir='ltr'><strong>bene</strong></span> <span class='ocrx_word' id='word_1_305' title='bbox 762 2367 986 2407; x_wconf 79' lang='lat' dir='ltr'><strong>observavit,</strong></span> <span class='ocrx_word' id='word_1_306' title='bbox 1022 2367 1100 2399; x_wconf 91' lang='lat' dir='ltr'><strong>coll.</strong></span> <span class='ocrx_word' id='word_1_307' title='bbox 1137 2367 1236 2400; x_wconf 83' lang='lat' dir='ltr'><strong>Catil.</strong></span> <span class='ocrx_word' id='word_1_308' title='bbox 1274 2369 1460 2409; x_wconf 67' lang='lat' dir='ltr'>XXXVII,</span> <span class='ocrx_word' id='word_1_309' title='bbox 1493 2368 1526 2403; x_wconf 83' lang='grc'><strong>8.</strong></span> 
     </span>
     <span class='ocr_line' id='line_1_34' title="bbox 148 2426 1525 2474; baseline -0.002 -9"><span class='ocrx_word' id='word_1_310' title='bbox 148 2429 313 2471; x_wconf 67' lang='lat' dir='ltr'><strong>xum,</strong></span> <span class='ocrx_word' id='word_1_311' title='bbox 337 2428 370 2463; x_wconf 88' lang='lat'><strong>5.</strong></span> <span class='ocrx_word' id='word_1_312' title='bbox 397 2430 474 2474; x_wconf 83' lang='lat' dir='ltr'><strong>Iug.</strong></span> <span class='ocrx_word' id='word_1_313' title='bbox 499 2431 562 2473; x_wconf 78' lang='lat' dir='ltr'><strong>w,</strong></span> <span class='ocrx_word' id='word_1_314' title='bbox 588 2431 620 2464; x_wconf 91' lang='lat'><strong>1.</strong></span> <span class='ocrx_word' id='word_1_315' title='bbox 650 2431 766 2472; x_wconf 82' lang='lat' dir='ltr'>XXV,</span> <span class='ocrx_word' id='word_1_316' title='bbox 791 2430 823 2463; x_wconf 80' lang='lat'><strong>4.</strong></span> <span class='ocrx_word' id='word_1_317' title='bbox 850 2428 1014 2468; x_wconf 75' lang='lat' dir='ltr'><strong>xxvm,</strong></span> <span class='ocrx_word' id='word_1_318' title='bbox 1040 2426 1073 2462; x_wconf 82' lang='lat'><strong>5.</strong></span> <span class='ocrx_word' id='word_1_319' title='bbox 1101 2427 1238 2469; x_wconf 76' lang='lat' dir='ltr'>XXXI,</span> <span class='ocrx_word' id='word_1_320' title='bbox 1263 2427 1317 2461; x_wconf 79' lang='lat'><strong>12.</strong></span> <span class='ocrx_word' id='word_1_321' title='bbox 1342 2429 1471 2470; x_wconf 68' lang='lat' dir='ltr'>XLVI,</span> <span class='ocrx_word' id='word_1_322' title='bbox 1492 2429 1525 2462; x_wconf 84' lang='lat'><strong>3.</strong></span> 
     </span>
     <span class='ocr_line' id='line_1_35' title="bbox 147 2486 1525 2534; baseline -0.003 -9"><span class='ocrx_word' id='word_1_323' title='bbox 147 2490 307 2530; x_wconf 80' lang='lat' dir='ltr'>LXXIX,</span> <span class='ocrx_word' id='word_1_324' title='bbox 331 2489 364 2522; x_wconf 82' lang='lat'><strong>2.</strong></span> <span class='ocrx_word' id='word_1_325' title='bbox 391 2490 555 2531; x_wconf 88' lang='lat' dir='ltr'>LXXXI,</span> <span class='ocrx_word' id='word_1_326' title='bbox 581 2490 628 2534; x_wconf 89' lang='lat'><strong>1.‚</strong></span> <span class='ocrx_word' id='word_1_327' title='bbox 662 2491 698 2524; x_wconf 92' lang='lat' dir='ltr'><strong>in</strong></span> <span class='ocrx_word' id='word_1_328' title='bbox 724 2503 792 2534; x_wconf 88' lang='lat' dir='ltr'><strong>qua</strong></span> <span class='ocrx_word' id='word_1_329' title='bbox 815 2493 986 2524; x_wconf 74' lang='lat' dir='ltr'><strong>structura</strong></span> <span class='ocrx_word' id='word_1_330' title='bbox 1010 2486 1104 2520; x_wconf 88' lang='lat' dir='ltr'><strong>aliud</strong></span> <span class='ocrx_word' id='word_1_331' title='bbox 1131 2486 1341 2521; x_wconf 77' lang='lat' dir='ltr'><strong>adiectivum</strong></span> <span class='ocrx_word' id='word_1_332' title='bbox 1374 2499 1441 2521; x_wconf 91' lang='lat' dir='ltr'><strong>non</strong></span> <span class='ocrx_word' id='word_1_333' title='bbox 1466 2489 1525 2522; x_wconf 81' lang='lat' dir='ltr'><strong>ad-</strong></span> 
     </span>
     <span class='ocr_line' id='line_1_36' title="bbox 146 2544 1524 2594; baseline -0.001 -10"><span class='ocrx_word' id='word_1_334' title='bbox 146 2552 249 2585; x_wconf 85' lang='lat' dir='ltr'><strong>ditur.</strong></span> <span class='ocrx_word' id='word_1_335' title='bbox 295 2550 427 2584; x_wconf 85' lang='lat' dir='ltr'><strong>Deinde</strong></span> <span class='ocrx_word' id='word_1_336' title='bbox 458 2551 645 2585; x_wconf 79' lang='lat' dir='ltr'><strong>Sallustius</strong></span> <span class='ocrx_word' id='word_1_337' title='bbox 668 2551 703 2584; x_wconf 90' lang='lat' dir='ltr'><strong>in</strong></span> <span class='ocrx_word' id='word_1_338' title='bbox 741 2548 988 2594; x_wconf 81' lang='lat' dir='ltr'><strong>coniungendis</strong></span> <span class='ocrx_word' id='word_1_339' title='bbox 1020 2547 1198 2580; x_wconf 85' lang='lat' dir='ltr'><strong>vocabulis</strong></span> <span class='ocrx_word' id='word_1_340' title='bbox 1222 2544 1322 2582; x_wconf 73' lang='lat' dir='ltr'><strong>c&#39;arus</strong></span> <span class='ocrx_word' id='word_1_341' title='bbox 1345 2554 1524 2594; x_wconf 76' lang='lat' dir='ltr'><strong>acceptus-</strong></span> 
     </span>
     <span class='ocr_line' id='line_1_37' title="bbox 146 2607 1524 2657; baseline -0.002 -11"><span class='ocrx_word' id='word_1_342' title='bbox 146 2623 210 2657; x_wconf 76' lang='lat' dir='ltr'><strong>que</strong></span> <span class='ocrx_word' id='word_1_343' title='bbox 241 2612 298 2644; x_wconf 77' lang='lat' dir='ltr'><strong>vel</strong></span> <span class='ocrx_word' id='word_1_344' title='bbox 328 2611 610 2645; x_wconf 82' lang='lat' dir='ltr'><strong>consuetudinem</strong></span> <span class='ocrx_word' id='word_1_345' title='bbox 643 2611 799 2655; x_wconf 79' lang='lat' dir='ltr'><strong>aliquam</strong></span> <span class='ocrx_word' id='word_1_346' title='bbox 819 2610 895 2654; x_wconf 71' lang='lat' dir='ltr'><strong>&#39;ipsi</strong></span> <span class='ocrx_word' id='word_1_347' title='bbox 927 2607 1122 2652; x_wconf 86' lang='lat' dir='ltr'><strong>propriam,</strong></span> <span class='ocrx_word' id='word_1_348' title='bbox 1157 2609 1213 2642; x_wconf 76' lang='lat' dir='ltr'><strong>vel</strong></span> <span class='ocrx_word' id='word_1_349' title='bbox 1237 2611 1435 2653; x_wconf 85' lang='lat' dir='ltr'><strong>generalem</strong></span> <span class='ocrx_word' id='word_1_350' title='bbox 1469 2611 1524 2643; x_wconf 91' lang='lat' dir='ltr'><strong>lo-</strong></span> 
     </span>
     <span class='ocr_line' id='line_1_38' title="bbox 147 2669 1521 2716; baseline -0.001 -10"><span class='ocrx_word' id='word_1_351' title='bbox 147 2671 272 2716; x_wconf 87' lang='lat' dir='ltr'><strong>quendi</strong></span> <span class='ocrx_word' id='word_1_352' title='bbox 295 2683 396 2706; x_wconf 84' lang='lat' dir='ltr'><strong>usum</strong></span> <span class='ocrx_word' id='word_1_353' title='bbox 421 2675 558 2705; x_wconf 85' lang='lat' dir='ltr'><strong>secutus</strong></span> <span class='ocrx_word' id='word_1_354' title='bbox 581 2671 738 2713; x_wconf 80' lang='lat' dir='ltr'><strong>videtur3</strong></span> <span class='ocrx_word' id='word_1_355' title='bbox 762 2682 843 2705; x_wconf 87' lang='lat' dir='ltr'><strong>nam</strong></span> <span class='ocrx_word' id='word_1_356' title='bbox 868 2671 919 2703; x_wconf 86' lang='lat' dir='ltr'><strong>ita</strong></span> <span class='ocrx_word' id='word_1_357' title='bbox 943 2669 1029 2703; x_wconf 80' lang='lat' dir='ltr'><strong>dixit</strong></span> <span class='ocrx_word' id='word_1_358' title='bbox 1050 2680 1153 2713; x_wconf 84' lang='lat' dir='ltr'><strong>supra</strong></span> <span class='ocrx_word' id='word_1_359' title='bbox 1178 2681 1207 2703; x_wconf 88' lang='lat' dir='ltr'><strong>c.</strong></span> <span class='ocrx_word' id='word_1_360' title='bbox 1232 2671 1310 2713; x_wconf 87' lang='lat' dir='ltr'>XII,</span> <span class='ocrx_word' id='word_1_361' title='bbox 1329 2670 1363 2705; x_wconf 87' lang='lat'><strong>3.</strong></span> <span class='ocrx_word' id='word_1_362' title='bbox 1399 2671 1521 2704; x_wconf 69' lang='lat' dir='ltr'><strong>Proxu-</strong></span> 
     </span>
     <span class='ocr_line' id='line_1_39' title="bbox 148 2731 1522 2778; baseline -0.001 -13"><span class='ocrx_word' id='word_1_363' title='bbox 148 2744 222 2766; x_wconf 79' lang='lat' dir='ltr'><strong>mus</strong></span> <span class='ocrx_word' id='word_1_364' title='bbox 246 2732 345 2766; x_wconf 83' lang='lat' dir='ltr'><strong>lictor</strong></span> <span class='ocrx_word' id='word_1_365' title='bbox 368 2733 585 2778; x_wconf 78' lang='lat' dir='ltr'><strong>Iugurthae,</strong></span> <span class='ocrx_word' id='word_1_366' title='bbox 621 2743 751 2766; x_wconf 80' lang='lat' dir='ltr'><strong>carus</strong></span> <span class='ocrx_word' id='word_1_367' title='bbox 785 2736 1093 2775; x_wconf 78' lang='lat' dir='ltr'><strong>acceptusque</strong></span> <span class='ocrx_word' id='word_1_368' title='bbox 1126 2731 1159 2764; x_wconf 80' lang='lat' dir='ltr'><strong>ei</strong></span> <span class='ocrx_word' id='word_1_369' title='bbox 1180 2742 1312 2775; x_wconf 71' lang='lat' dir='ltr'><strong>semper</strong></span> <span class='ocrx_word' id='word_1_370' title='bbox 1327 2733 1463 2774; x_wconf 83' lang='lat' dir='ltr'><strong>fuerat,</strong></span> <span class='ocrx_word' id='word_1_371' title='bbox 1487 2735 1522 2765; x_wconf 88' lang='lat' dir='ltr'><strong>et</strong></span> 
     </span>
     <span class='ocr_line' id='line_1_40' title="bbox 148 2792 1518 2838; baseline -0.001 -12"><span class='ocrx_word' id='word_1_372' title='bbox 148 2804 178 2826; x_wconf 88' lang='lat' dir='ltr'><strong>c.</strong></span> <span class='ocrx_word' id='word_1_373' title='bbox 201 2793 330 2838; x_wconf 88' lang='lat' dir='ltr'><strong>cvm,</strong></span> <span class='ocrx_word' id='word_1_374' title='bbox 354 2793 386 2827; x_wconf 89' lang='lat' dir='ltr'><strong>l.</strong></span> <span class='ocrx_word' id='word_1_375' title='bbox 435 2793 556 2827; x_wconf 81' lang='lat' dir='ltr'><strong>Dabar</strong></span> <span class='ocrx_word' id='word_1_376' title='bbox 590 2794 714 2827; x_wconf 79' lang='lat' dir='ltr'><strong>Mauro</strong></span> <span class='ocrx_word' id='word_1_377' title='bbox 745 2793 785 2827; x_wconf 77' lang='lat' dir='ltr'><strong>ob</strong></span> <span class='ocrx_word' id='word_1_378' title='bbox 817 2793 939 2837; x_wconf 76' lang='lat' dir='ltr'><strong>ingeni</strong></span> <span class='ocrx_word' id='word_1_379' title='bbox 968 2793 1077 2826; x_wconf 75' lang='lat' dir='ltr'><strong>multa</strong></span> <span class='ocrx_word' id='word_1_380' title='bbox 1109 2792 1197 2826; x_wconf 81' lang='lat' dir='ltr'><strong>bona</strong></span> <span class='ocrx_word' id='word_1_381' title='bbox 1227 2803 1361 2826; x_wconf 67' lang='lat' dir='ltr'><strong>carun</strong></span> <span class='ocrx_word' id='word_1_382' title='bbox 1393 2803 1518 2825; x_wconf 81' lang='lat' dir='ltr'><strong>acce-</strong></span> 
     </span>
    </p>
   </div>
  </div>
 </body>
</html>
