1630 3034
476 185 835 230 IUGURTHA.
896 186 1018 230 CAP.
1049 188 1250 231 LXXVI.
1446 194 1530 234 405

123 297 278 361 nare,
333 318 519 364 parare3
572 317 754 363 prorsus
813 302 869 345 ab
923 303 1118 360 utrisque
1164 303 1269 347 nihil
1316 306 1526 349 relicuum

147 402 256 446 fieri.
327 401 533 459 Denique
568 399 783 455 Romani,
819 399 960 442 multo
996 406 1097 444 ante
1132 401 1287 445 labore
1321 402 1560 461 proeliis-5

146 513 235 556 que
280 497 477 557 fatigati,
523 502 626 555 post
672 495 765 538 dies
805 495 1127 555 quadraginta.
1166 513 1298 554 quam
1331 513 1385 542 eo
1421 514 1526 543 ven-

142 661 239 700 cent,
263 668 354 701 quae
376 656 474 690 nullo
497 655 601 689 modo
625 654 819 699 potuissent
842 654 951 697 oriri,
983 655 1013 689 si
1037 655 1224 689 Sallustius
1247 656 1295 690 ita
1319 658 1524 702 scrip=issct‚

144 724 181 752 ut
205 716 413 752 Gerlachius
436 715 594 750 coniecit.
641 715 760 758 Neque
784 715 971 748 obscurum
991 719 1061 756 est,
1087 716 1195 749 verba
1216 727 1235 749 a
1260 717 1369 752 Basil.
1395 718 1526 753 editore

141 778 307 812 damnata
339 774 593 820 perspicuitatis
631 786 754 809 caussa
793 775 837 809 ab
871 778 1012 809 auctore
1052 775 1170 810 addita
1203 788 1299 819 esse;
1332 791 1398 813 non
1433 780 1524 813 enim

141 848 260 872 omnes
283 841 394 871 turres
417 847 520 879 super
540 846 708 880 aggerem
729 835 1009 879 imponebantur.
1033 854 1078 860 -—
1110 836 1224 870 verba
1248 849 1332 882 opus
1356 844 1389 873 ct
1412 841 1525 874 admi-

139 900 264 933 nistros
286 898 399 933 tutari
421 896 576 940 plerique
600 897 697 930 codd.
722 900 838 931 tenere
864 897 1038 931 videntur.
1087 897 1295 933 Gerlachius
1318 902 1459 942 tamen,
1482 911 1525 934 ne

138 959 285 993 minima
316 957 457 1002 quidem
481 957 715 1001 discrepantia
744 957 782 991 in
805 968 899 991 varr.
934 958 1028 991 lectt.
1062 961 1199 1000 notata,
1233 958 1268 992 in
1302 963 1396 994 textu
1420 961 1526 995 edidit

138 1032 224 1065 opus
250 1020 298 1053 ad
321 1019 493 1052 ministros
517 1017 650 1059 tutari,
684 1017 782 1060 quasi
811 1028 929 1051 omnes
953 1017 987 1050 in
1019 1029 1061 1051 ea
1085 1018 1255 1061 scriptura
1278 1020 1524 1063 conspirarent,

138 1084 174 1114 et
201 1079 292 1113 nihil
320 1081 409 1113 esset
439 1089 503 1112 cur
532 1077 740 1120 displiceret.
788 1077 858 1111 Sed
881 1077 932 1111 ita
955 1081 1091 1112 tantum
1123 1079 1244 1118 inveni
1274 1080 1310 1114 in
1333 1082 1452 1118 Berol.
1475 1081 1524 1125 1.,

138 1141 173 1175 in
197 1139 301 1174 Misn.
324 1151 430 1180 vero,
461 1137 580 1172 Vinar.
605 1138 637 1172 1.
664 1141 698 1171 et
724 1138 823 1174 Leid.
847 1139 897 1172 M.
932 1142 983 1171 est
1015 1149 1100 1182 opus
1136 1140 1438 1176 administris
1470 1146 1523 1176 tu-

137 1199 222 1240 tari,
247 1197 283 1232 in
306 1198 446 1234 Fabric.
470 1198 504 1232 2.
529 1209 612 1242 opus
636 1201 669 1232 et
694 1197 1092 1232 administrantes
1117 1204 1166 1240 t.,·
1198 1199 1233 1233 in
1257 1200 1330 1234 Inc.
1353 1201 1385 1234 1.
1407 1202 1524 1235 Guelf.

137 1259 193 1296 12.
217 1262 252 1294 et
274 1258 370 1295 Leid.
395 1259 434 1292 C.
459 1269 512 1303 op.
536 1263 571 1294 et
593 1258 829 1292 ministros
854 1262 904 1298 t.‚·
927 1257 964 1291 in
988 1270 1055 1292 uno
1087 1260 1165 1293 vat.
1188 1259 1221 1293 5.
1247 1272 1331 1304 opus
1354 1262 1527 1296 ministros

136 1320 271 1362 tutari,
306 1319 413 1354 ceteri
446 1323 563 1353 autem
597 1318 713 1352 Italici
746 1329 827 1351 cum
861 1319 1008 1363 vulgato
1033 1319 1226 1353 consentire
1250 1322 1420 1356 videntur.
1470 1322 1526 1363 Ex

135 1382 192 1417 hie
214 1386 254 1417 nt
276 1385 370 1426 patet
392 1380 555 1424 copulam
579 1379 709 1423 exigua
731 1377 830 1412 codd.
855 1379 1060 1414 auctoritate
1093 1391 1115 1414 a
1139 1379 1326 1416 Gerlachio
1359 1382 1525 1417 omissam

136 1454 221 1485 cese,
245 1441 296 1476 ita
316 1440 423 1476 etiam
447 1439 611 1484 loquendi
636 1449 719 1472 usus
742 1437 846 1481 plane
869 1438 977 1481 obest,
1002 1440 1186 1484 quominus
1210 1441 1246 1474 id
1270 1442 1351 1483 fiat3
1376 1453 1409 1476 V.
1435 1454 1526 1486 quae

134 1503 178 1536 de
200 1502 348 1546 copulae
371 1501 486 1545 ellipsi
509 1501 599 1535 inter
623 1500 692 1534 dno
715 1499 890 1532 vocabula
913 1499 986 1533 dixi
1011 1501 1054 1534 ad
1079 1512 1109 1534 c.
1134 1502 1337 1544 XXXVIII,
1366 1502 1400 1537 9.
1424 1506 1459 1537 et
1481 1503 1525 1537 ad

133 1564 242 1606 LXII,
266 1562 300 1597 1.
349 1562 427 1598 Non
451 1561 566 1595 minus
597 1559 791 1594 inconsulte
813 1560 989 1594 ministros
1012 1561 1179 1605 scriptum
1204 1574 1267 1606 pro
1293 1564 1524 1607 administros,

134 1625 226 1668 quod
261 1622 438 1658 codicibus
466 1632 579 1665 aeque
603 1632 644 1655 ac
668 1619 831 1663 loquendi
863 1631 927 1654 usn
959 1622 1193 1656 confirmatur.
1242 1624 1280 1657 In
1312 1636 1352 1657 rc
1377 1624 1526 1659 militari

133 1684 228 1719 enim
253 1683 459 1718 administer
481 1686 515 1716 et
547 1682 795 1716 administrare
827 1681 1052 1726 peculiariter
1076 1682 1203 1717 dicitur
1226 1683 1268 1716 de
1291 1683 1352 1725 its,
1377 1684 1437 1728 qui
1461 1696 1524 1718 ne-

133 1745 232 1792 gotia
256 1744 423 1788 cuiusque
445 1743 582 1788 generis
611 1743 655 1776 ad
684 1741 819 1775 bellum
851 1745 911 1776 aut
944 1753 1099 1787 pugnam
1134 1743 1343 1786 pertinentia
1374 1746 1524 1788 obeunt3

132 1807 178 1840 cf.
203 1805 297 1839 infra
320 1815 350 1839 c.
373 1804 481 1846 xcu,
505 1803 538 1839 9.
588 1803 721 1837 Milites
743 1813 853 1847 neque
876 1813 940 1846 pro
972 1814 1073 1847 opere
1101 1803 1304 1846 consistere,
1335 1817 1444 1849 neque
1468 1807 1522 1840 in-

132 1872 188 1902 ter
217 1866 338 1899 vincas
369 1865 442 1899 sine
474 1865 627 1910 periculo
663 1863 1015 1898 administrare.
1061 1863 1155 1897 Caes.
1194 1863 1239 1897 B.
1274 1863 1316 1897 G.
1348 1864 1428 1905 vll,
1463 1863 1522 1897 81.

136 1928 229 1961 Galli
245 1926 390 1971 fundis,
414 1925 578 1971 sagittis,
603 1922 778 1968 lapidibus
801 1927 935 1956 nostros
959 1923 1002 1957 de
1025 1924 1117 1957 vallo
1141 1924 1347 1964 deturbare,
1371 1924 1521 1967 reliqua-

134 2000 220 2033 que,
260 1999 350 2033 quae
383 1985 432 2021 ad
463 1984 759 2029 oppugnationem
779 1983 976 2026 pertinent,
1014 1983 1363 2018 administrare.
1411 1983 1522 2028 Igitur

132 2048 170 2081 h.
195 2048 219 2081 Ι.
245 2045 463 2086 administri,
497 2055 543 2078 sc.
570 2043 702 2087 operis,
736 2042 958 2087 intelligendi
982 2047 1060 2076 sunt
1093 2043 1152 2086 qui
1178 2042 1296 2076 vineas
1321 2047 1464 2087 agerent
1487 2047 1522 2077 et

133 2115 302 2150 aggerem
338 2104 493 2139 iacerent
523 2107 557 2138 et
590 2104 627 2138 in
666 2103 742 2147 ipso
774 2113 906 2148 aggere
938 2102 1134 2147 oppidanos
1166 2102 1420 2147 impugnarent.
1468 2103 1520 2137 De

134 2166 241 2199 vineis
265 2175 307 2199 ac
336 2165 488 2199 turribus
516 2175 551 2200 v.
576 2164 620 2198 ad
653 2175 684 2198 c.
709 2163 814 2204 XXI,
836 2163 879 2205 ὃς
910 2163 953 2197 de
991 2163 1180 2208 aggeribus
1211 2163 1255 2197 cf.
1287 2163 1441 2209 Herzog.
1474 2163 1519 2197 ad

133 2227 233 2260 Caes.
255 2225 299 2259 B.
325 2225 369 2261 G.
392 2226 438 2269 11,
466 2224 523 2259 12.
547 2236 581 2268 p.
605 2223 685 2258 123.

225 2287 257 2328 §.
291 2284 325 2321 4.
351 2289 385 2320 et
407 2284 441 2320 5.
489 2285 688 2329 festinare,
723 2284 880 2329 parare]
917 2283 1098 2318 Festinare
1132 2282 1382 2328 explicavimus
1412 2284 1458 2318 ad
1485 2295 1516 2318 c.

133 2346 253 2388 LXVI,
276 2345 309 2380 1.
339 2356 468 2390 parare
502 2346 545 2380 ad
570 2357 600 2381 c.
623 2346 703 2389 Lx,
728 2345 763 2381 1.
787 2363 833 2370 -
866 2345 920 2378 De
948 2356 1088 2389 prorsus
1120 2355 1206 2379 voce
1240 2345 1285 2379 cf.
1308 2345 1352 2379 ad
1387 2345 1463 2380 Cat.
1487 2356 1516 2379 c.

133 2407 216 2449 XV,
249 2404 283 2440 5.
316 2425 362 2431 —-
393 2406 694 2451 Praepositionem
725 2411 809 2440 ante
842 2405 1071 2448 Gerlachius,
1116 2415 1320 2449 comparans
1343 2406 1514 2440 Graecam

131 2470 341 2502 structuram
371 2469 493 2513 πολλῷ
524 2465 693 2512 πρόσθεν
726 2464 849 2512 πόνῳ,
882 2477 944 2510 per
976 2465 1121 2510 hyphen
1150 2465 1303 2510 figuram
1336 2464 1513 2500 artissimo

131 2539 221 2563 nexu
252 2539 331 2561 cum
367 2528 483 2562 labore
506 2529 694 2562 cohaerere
717 2527 813 2564 dicit.
860 2526 928 2560 Sed
963 2526 1031 2560 ista
1064 2526 1203 2570 figura,
1237 2526 1283 2560 ab
1305 2525 1511 2570 antiquiori-

132 2589 198 2622 bus
221 2588 462 2633 grammaticis
484 2588 593 2622 nimio
616 2588 730 2622 studio
755 2587 933 2632 quaesita,
959 2585 1102 2631 ingenio
1126 2585 1270 2620 Latinae
1291 2586 1434 2631 linguae
1455 2596 1510 2619 re-

133 2651 264 2693 pugnat
292 2652 329 2682 et
360 2659 485 2692 parum
515 2652 678 2682 accurata
709 2647 965 2693 grammaticae
995 2645 1191 2690 cognitione
1212 2645 1355 2688 nititur,
1385 2656 1509 2690 quam-

133 2719 238 2752 quam
268 2719 336 2743 non
369 2708 525 2742 omnium
557 2709 736 2751 locorum,
767 2709 828 2751 qui
857 2709 927 2741 huc
948 2708 1158 2749 trahuntur,
1188 2707 1308 2741 eadem
1332 2710 1384 2741 est
1404 2705 1507 2740 ratio.

135 2767 225 2803 Nam
251 2767 287 2803 in
314 2769 437 2804 multis
459 2769 495 2803 id
513 2769 744 2812 vocabulum,
768 2769 858 2812 quod
884 2779 963 2802 cum
986 2768 1097 2802 altero
1118 2767 1153 2802 in
1177 2778 1285 2802 unum
1306 2765 1407 2810 quasi
1430 2776 1507 2800 cor-
