1630 3034
466 137 822 180 IUGURTHA.
888 140 1010 184 CAP.
1044 140 1089 183 C.
1373 146 1457 187 5323

75 255 323 299 auxiliarios
363 254 559 308 mittere,
615 261 852 314 praeterea
895 256 1002 299 alios
1043 272 1177 317 super
1213 244 1376 304 vallurri
1411 261 1454 304 in

74 351 353 396 munimentis
391 352 568 405 locare3
618 351 787 412 vigilias
828 353 924 412 ipse
947 353 1203 408 circumire,
1239 371 1326 400 non
1361 363 1452 401 tam

73 447 333 505 diffidentia,
366 448 576 502 futurum,
613 464 727 507 quae
756 449 1072 509 imperavisset,
1108 467 1243 511 quam
1272 454 1333 497 uti
1367 454 1451 497 mi-

68 607 169 632 sensu
197 596 427 643 intelligitur3
462 609 494 631 v.
525 598 570 632 ad
597 609 627 631 c.
660 597 764 639 LVII,
799 597 832 630 4.
878 598 1033 643 Eadem,
1067 603 1106 634 ut
1134 600 1268 644 priores
1291 601 1452 646 editores,
1501 630 1517 637 ,

67 669 191 693 caussa
212 662 390 703 permotus
422 661 456 692 et
486 662 666 702 praeterea
701 658 791 692 falsa
816 660 989 693 structura
1023 659 1185 704 deceptus
1208 662 1345 697 Gortius
1366 663 1452 698 scri-

66 719 135 763 psit
157 720 194 753 in
215 725 360 764 ponas,-
388 719 526 763 putavit
557 719 650 753 enim
679 719 744 753 hus
775 727 880 753 voces
906 730 948 752 ex
981 720 1116 773 mittere
1151 723 1258 756 verbo
1291 725 1451 769 pendere,

63 791 154 824 quae
177 779 311 824 pariter
332 783 370 815 ut
392 780 502 814 verba
521 791 585 824 pro
609 780 732 814 castris
754 789 796 813 ex
819 778 941 822 supino
966 782 1156 816 excubitum
1177 787 1260 827 apta
1283 790 1372 821 sunt.

155 852 223 874 non
253 846 327 875 tam
359 842 582 884 diffidentia,
609 843 792 885 futurum,
829 851 918 883 quae
941 841 1202 888 imperavisset]
1231 845 1316 878 Tam
1341 845 1451 889 parti-

64 901 166 943 cula,
199 912 289 944 quae
319 913 388 936 non
419 902 551 947 legitur
574 902 609 936 in
642 901 722 935 Sen.
747 901 781 935 l.
814 901 932 934 Guelf.
959 902 992 935 1.
1016 902 1051 936 2.
1084 903 1179 937 Leid.
1213 905 1254 938 Ε.
1278 906 1327 939 H.
1350 907 1377 939 Ι.
1403 908 1448 940 Κ.

63 962 103 998 L.
127 962 182 1004 N„
206 973 388 1006 perperam
411 974 434 997 a
457 963 574 998 Curtio
601 962 730 997 omissa
754 963 824 1003 est,
849 961 906 994 cui
928 962 1045 996 Faber
1065 975 1133 997 non
1158 964 1242 998 satis
1265 970 1366 999 caute
1388 977 1447 1000 as·-

61 1023 230 1065 sentitur,
251 1035 321 1056 non
336 1043 384 1049 —
406 1036 511 1069 quam
542 1036 608 1068 pro
639 1035 708 1057 non
725 1042 770 1048 —
785 1022 844 1056 sed
874 1022 1024 1065 positum
1059 1024 1195 1068 dicens,
1220 1029 1259 1059 ut
1281 1027 1449 1062 sententia

62 1083 127 1129 sitz
158 1083 313 1118 Marium
334 1086 458 1119 nihil
492 1095 686 1130 prorsus
718 1084 760 1118 de
794 1083 942 1117 militum
967 1090 1132 1119 accurata
1154 1086 1350 1121 obedientia
1383 1089 1448 1122 du-

62 1144 209 1187 bitasse,
242 1147 484 1180 tantummodo
517 1157 577 1180 eos
609 1145 768 1188 exemplo
799 1154 862 1178 suo
894 1145 1082 1180 alacriores
1111 1146 1254 1180 reddere
1286 1147 1446 1182 voluisse.

60 1204 129 1238 Sed
161 1216 271 1248 neque
307 1209 360 1240 est
390 1206 496 1250 periti
520 1205 617 1240 ducis
649 1205 700 1239 ita
723 1213 882 1238 securum
906 1216 979 1239 esse
1009 1206 1052 1239 de
1075 1218 1215 1240 suorum
1240 1207 1448 1250 obedientia,

59 1276 170 1308 neque
192 1265 332 1300 omnino
362 1268 452 1301 haec
482 1265 651 1301 sententia
673 1268 786 1309 potest
808 1264 952 1299 vocibus
978 1278 1045 1299 non
1068 1286 1112 1292 —
1135 1279 1242 1312 quam
1264 1268 1448 1305 declarari.

58 1326 148 1360 Nam
177 1338 285 1370 quum
317 1328 498 1370 particulis
530 1334 603 1363 tam
623 1345 669 1351 ——
694 1337 798 1371 quam
826 1326 916 1359 dnae
946 1326 1133 1360 sententiae
1163 1327 1230 1362 sibi
1265 1329 1366 1372 plane
1388 1341 1447 1364 ae-

58 1390 207 1430 quentur
230 1388 282 1431 (v.
317 1389 362 1422 ad
392 1400 421 1423 c.
454 1389 594 1430 XXXI,
619 1387 674 1421 14.
710 1388 791 1422 coll.
824 1387 937 1421 Plaut.
971 1387 1071 1430 Capt.
1096 1387 1141 1428 11,
1165 1387 1200 1430 2,
1225 1388 1282 1423 60.
1306 1390 1363 1425 61,
1387 1390 1445 1425 62.

59 1446 118 1482 66.
139 1446 198 1483 86.
228 1447 301 1483 Cic.
325 1449 412 1492 Epp.
446 1449 491 1482 ad
514 1448 620 1482 Attic.
650 1449 744 1487 XIII,
773 1448 868 1492 20.),
899 1446 1084 1490 negatione
1111 1453 1187 1482 tam
1219 1449 1298 1483 voci
1328 1451 1448 1486 addita

58 1507 128 1541 hoc
153 1507 327 1549 efficitur,
358 1512 396 1542 ut
421 1509 671 1542 sententiarum
695 1508 891 1552 aequalitas
916 1507 1086 1550 tollatur,
1119 1509 1229 1543 altera
1253 1511 1351 1554 quani
1374 1512 1447 1546 ele-

58 1569 164 1610 vata,
189 1569 300 1602 altera
324 1568 474 1612 pondere
497 1570 611 1603 aucta.
637 1570 681 1604 cf.
706 1569 777 1605 Cic.
807 1569 893 1612 Epp.
919 1568 963 1600 ad
987 1568 1091 1602 Attin.
1114 1569 1177 1610 IX,
1201 1570 1235 1603 2.
1283 1572 1446 1606 Eundum

58 1630 170 1674 igitur
195 1634 257 1669 est,
280 1623 358 1663 nef:
383 1634 470 1663 tam
495 1635 532 1664 nt
556 1631 656 1673 belli,
680 1642 733 1674 qu
746 1641 811 1662 am
835 1634 872 1662 ut
890 1631 1008 1673 fugae
1032 1630 1115 1662 socii
1138 1631 1264 1671 simus,
1289 1632 1327 1665 h.
1353 1644 1382 1667 e.
1407 1639 1446 1668 ut

57 1689 143 1722 belli
167 1689 306 1732 quidem
329 1689 605 1733 aliquantulum,
638 1690 755 1735 magis
786 1695 901 1724 tamen
925 1693 963 1723 ut
986 1690 1092 1733 fugae
1117 1690 1202 1724 socii
1227 1691 1346 1726 simus.
1394 1694 1444 1727 Id.

55 1749 183 1794 Topic.
215 1761 248 1786 c.
279 1750 315 1790 1,
345 1750 380 1784 2.
441 1752 522 1796 Ego
556 1757 591 1785 te
621 1764 708 1785 non
740 1757 831 1785 tam
862 1751 999 1784 vitandi
1042 1751 1169 1784 laboris
1208 1754 1277 1786 mei
1310 1764 1443 1796 caussa,
1480 1789 1485 1797 1

56 1822 186 1855 quam
219 1810 310 1855 quod
340 1811 379 1845 id
412 1816 476 1845 tua
508 1812 672 1846 interesse
703 1812 906 1851 arbitrarer,
931 1815 969 1842 ut
994 1820 1050 1843 eos
1071 1821 1134 1853 per
1157 1815 1191 1844 te
1216 1813 1288 1855 ipse
1312 1814 1444 1856 legeres

57 1871 215 1904 hortatus
238 1881 325 1904 sum.
349 1870 385 1903 in
408 1871 505 1904 I‘crr.
529 1873 572 1913 II,
598 1872 657 1913 34,
680 1870 738 1904 83.
762 1882 794 1904 v.
816 1871 950 1904 Meiner
975 1870 1016 1902 de
1036 1871 1185 1903 Particc.
1214 1871 1287 1904 Lat.
1310 1883 1342 1915 p.
1361 1872 1442 1906 49⁰.

55 1931 124 1965 Sed
148 1931 179 1964 si
201 1941 245 1964 ex
268 1930 403 1964 duabus
425 1931 602 1964 sententiis
626 1931 826 1975 compositis
849 1931 961 1964 altera
984 1934 1058 1963 tota
1080 1934 1240 1973 negatur,
1264 1931 1299 1964 id
1320 1932 1443 1966 Latine

55 2003 123 2026 non
146 1990 364 2036 significatur
388 2002 457 2025 non
480 2003 604 2035 quam,
628 1991 688 2024 sed
713 2002 781 2025 non
802 2007 845 2015 —
866 1991 928 2024 sed
952 1991 1152 2032 particulis3
1177 1991 1221 2023 cf.
1247 1992 1327 2036 lug.
1351 1993 1443 2037 xlv,

55 2051 112 2085 23.
137 2052 210 2092 CII,
235 2051 294 2086 12.
317 2049 388 2084 Cic.
414 2062 447 2093 p.
473 2051 580 2084 Arch.
613 2063 647 2095 p.
673 2062 703 2085 c.
728 2050 761 2092 4,
785 2049 819 2085 8.
850 2050 900 2084 Id.
925 2051 1016 2094 Epp.
1042 2051 1086 2085 ad
1109 2052 1248 2086 Famm.
1273 2053 1302 2093 I,
1327 2052 1360 2094 9,
1384 2054 1443 2089 30.

56 2112 120 2153 vl,
142 2110 184 2151 7,
209 2111 266 2147 17.
291 2111 379 2155 XII,
403 2111 470 2153 14,
493 2110 550 2146 19.
573 2111 694 2145 lustin.
720 2111 792 2153 XI,
815 2111 858 2151 7,
882 2110 915 2143 4.
962 2111 1061 2153 Quae
1085 2116 1203 2144 autem
1229 2123 1251 2146 a
1276 2114 1343 2147 VV.
1366 2115 1440 2148 Du.

4 2179 8 2182 “
57 2172 253 2206 afferuntur
284 2173 465 2217 exempla,
499 2172 625 2216 quibus
655 2171 820 2215 probetur
849 2183 916 2204 uon
935 2188 979 2196 —
998 2182 1102 2214 quam
1134 2181 1198 2215 pro
1222 2185 1289 2207 ποη
1313 2191 1360 2199 —-
1378 2176 1441 2209 sed

55 2233 146 2274 dici,
170 2233 364 2276 depravata
386 2236 465 2267 sunt
488 2233 626 2273 omnia,
657 2232 708 2266 ita
730 2232 890 2276 quidem,
923 2236 962 2265 ut
984 2231 1157 2266 bonorum
1180 2233 1349 2268 librorum
1372 2235 1442 2269 fide

56 2293 113 2326 vel
136 2292 171 2326 in
195 2292 314 2336 priore
336 2286 496 2327 membro
528 2293 749 2327 scribendum
781 2293 826 2327 sit
860 2304 928 2325 non
959 2297 1069 2334 tam,
1106 2293 1164 2326 vel
1187 2293 1222 2328 iu
1249 2296 1440 2339 posteriore

56 2364 160 2397 quam
184 2352 219 2386 in
243 2354 303 2387 sed
326 2354 545 2388 mutandum.
592 2353 682 2388 Nam
711 2354 804 2397 apud
835 2353 912 2387 Liv.
947 2353 1062 2394 XXV,
1095 2352 1162 2395 15,
1185 2353 1219 2388 9.
1268 2357 1439 2391 Attinium

53 2413 163 2456 facile
188 2413 266 2446 elici
283 2414 338 2451 ‚ad
362 2419 535 2448 certamen
561 2415 727 2448 rebantur
748 2425 866 2458 posse,
889 2425 974 2446 non
999 2415 1159 2456 militum,
1184 2427 1267 2459 quos
1286 2427 1439 2461 perpau-

59 2483 114 2507 cos
136 2473 308 2515 habebat,
320 2474 479 2517 fiducia,
503 2486 633 2519 quam
661 2475 848 2510 iuventutis
873 2474 1075 2515 Thurinae,
1098 2478 1134 2509 et
1154 2475 1260 2512 multi
1281 2477 1380 2511 codd.
1404 2480 1440 2512 et

58 2534 136 2567 odd.
160 2537 241 2568 ante
264 2534 480 2569 Gronovium
504 2539 596 2570 recte
618 2537 750 2571 habent
770 2549 839 2570 non
869 2540 972 2570 tam.
1005 2534 1053 2568 ib.
1077 2535 1123 2577 11,
1146 2534 1203 2581 56,
1227 2537 1261 2571 9.
1310 2538 1438 2573 Laeto-

60 2595 152 2636 rius,
179 2595 462 2640 Quandoquidem
485 2609 570 2630 non
585 2598 697 2641 facile
721 2598 862 2641 loquor,
886 2595 1018 2640 inquit,
1043 2608 1169 2641 quam
1191 2599 1282 2643 quod
1305 2599 1437 2633 locutus

59 2665 155 2695 aum,
186 2659 349 2698 praesto,
381 2656 530 2690 crastino
565 2657 622 2691 die
655 2659 800 2698 adeste5
831 2657 891 2690 ubi
924 2657 993 2691 duo
1016 2657 1163 2692 Heurnii
1191 2659 1290 2694 codd*-
1313 2670 1435 2693 veram

59 2714 268 2759 scripturam
299 2728 367 2751 non
399 2721 486 2751 tam
525 2722 719 2753 servarunt.
752 2717 798 2751 ib.
835 2718 969 2759 xxm,
1004 2717 1059 2760 18,
1083 2719 1116 2753 3.
1167 2719 1254 2754 Nec
1287 2724 1436 2753 tamen
