1630 3034
196 191 283 231 28}
569 186 612 228 C.
644 184 965 228 SALLUSTI
995 185 1215 228 CRISPI
1315 192 1331 211 ⁶

197 301 457 347 cedentibus
503 299 770 345 advorsariis
823 300 1025 361 receptui
1071 317 1125 345 ac
1166 309 1274 362 post
1313 303 1586 348 munimento

158 397 339 451 4foret3
388 398 490 441 dein
526 403 715 457 repente
752 397 882 456 signo
918 397 1025 441 dato
1059 398 1200 444 hostis
1235 398 1414 446 invadit.
1485 400 1584 444 Nu-

197 494 344 539 midae
381 494 451 539 alii
488 499 739 554 postremos
770 493 974 546 caedere,
1010 510 1113 555 pars
1134 510 1160 538 a
1189 495 1361 539 sinistra
1387 511 1440 539 ac
1471 495 1585 540 dex-

195 598 292 636 tera
336 596 530 644 tentare,
576 589 734 635 infensi
777 590 934 635 adesse
980 597 1114 649 atque
1161 591 1347 646 instare,
1384 593 1586 636 omnibus

195 689 305 733 locis
341 688 652 732 Romanorum
683 687 860 731 ordines
897 686 1188 745 conturbare,
1226 703 1418 746 quorum
1454 688 1586 733 etiam

194 785 272 844 qui
318 783 586 829 firmioribus
633 783 784 828 animis
832 783 952 827 obvii
985 783 1187 828 hostibus
1223 784 1399 828 fuerant
1433 785 1582 829 ludifi-

193 882 281 925 cati
314 881 485 926 incerto
531 880 705 940 proelio
747 880 834 940 ipsi
878 880 1014 924 modo
1051 882 1219 925 eminus
1258 881 1584 937 sauciabantur,

191 994 340 1036 neque
385 983 539 1021 contra
578 977 769 1021 feriundi
815 983 890 1020 aut
933 992 1112 1021 manum
1153 977 1416 1021 conserendi
1453 979 1586 1038 copia

154 1079 311 1128 5erat3
347 1081 448 1119 ante
487 1074 576 1117 iam
612 1073 732 1117 docti
777 1073 834 1117 ab
876 1073 1094 1135 Iugurtha
1131 1074 1328 1132 equites,
1377 1074 1583 1119 ubicum-

190 1187 281 1231 que
323 1171 630 1215 Romanorum
676 1177 821 1215 turma
855 1170 1024 1229 insequi
1061 1177 1301 1230 coeperat,
1346 1186 1434 1215 non
1472 1186 1582 1216 con-

186 1312 325 1350 'tantum
348 1319 467 1350 turma
490 1313 758 1360 intelligendum
782 1315 966 1351 collectivo
990 1326 1091 1350 sensu
1115 1314 1275 1360 singulos
1298 1320 1452 1357 turmas,
1473 1316 1584 1350 vau-iis

188 1376 272 1410 locis
305 1377 342 1409 in
377 1376 490 1410 hostes
521 1376 750 1420 irrumpentes
773 1376 952 1422 designat,
986 1378 1038 1422 (ν.
1059 1377 1103 1410 ad
1127 1388 1156 1410 c.
1182 1376 1288 1419 nvn,
1313 1376 1365 1422 4.)
1390 1387 1482 1420 quae
1503 1388 1581 1411 een-

188 1437 296 1471 tentia
319 1437 520 1482 ubicumque
547 1439 723 1473 vocabulo
747 1438 842 1471 haud
867 1439 1012 1472 obscure
1044 1437 1244 1472 adiuvatur.
1291 1438 1372 1471 Hoc
1394 1449 1463 1471 non
1486 1448 1582 1471 asse-

188 1501 289 1531 cutus
313 1497 521 1531 Gerlncliius
543 1498 754 1542 scripturam
779 1499 852 1532 Vat.
880 1498 913 1532 5.
962 1503 1141 1534 turmae
1175 1499 1309 1543 insequi
1333 1509 1436 1542 coep
1448 1503 1581 1533 erant

187 1558 223 1592 in
247 1559 457 1592 Commentt.
482 1571 515 1602 p.
539 1558 619 1592 291.
646 1558 841 1593 inconsulto
865 1560 1014 1604 vulgata
1036 1560 1323 1604 praestantiorem
1347 1558 1443 1593 dicit.

278 1619 314 1664 §.
340 1619 374 1653 6.
421 1630 562 1652 numero
593 1620 753 1663 priores]
789 1620 813 1653 i.
836 1632 866 1653 e.
901 1631 1048 1655 numero
1069 1622 1148 1665 plus
1169 1621 1348 1662 valentes,
1382 1631 1430 1653 sc.
1455 1618 1580 1653 Numi-

186 1681 264 1714 dae.
287 1698 333 1705 —·
357 1681 540 1714 Deterret-e
571 1681 801 1724 nequiverant
830 1692 876 1715 sc.
907 1681 1019 1725 fugae
1049 1681 1248 1722 celeritate3
1281 1667 1472 1714 Muelicrus
1495 1691 1581 1714 vero

186 1740 609 1785 explicat:,multitudtne
642 1752 725 1782 sua,
760 1741 816 1774 cui
840 1741 1029 1775 sententiae
1062 1746 1178 1775 cetera
1202 1752 1271 1774 non
1294 1741 1423 1774 favent.
1471 1740 1576 1774 Plus-

184 1803 451 1847 quamperl'ecto
485 1805 604 1835 autem
637 1801 748 1835 utitur
780 1801 990 1843 Sallustius,
1024 1801 1108 1845 quia
1142 1802 1285 1846 nequire
1319 1800 1447 1834 haberi
1469 1800 1580 1834 voluit

182 1875 247 1908 pro
273 1874 396 1897 caussa
419 1864 525 1907 plane
557 1863 716 1897 absoluta
737 1862 948 1905 insequentis
970 1861 1046 1904 rei,
1077 1872 1168 1905 quac
1190 1861 1396 1905 imperfecto
1421 1872 1488 1894 non
1514 1872 1578 1904 po-

184 1927 250 1959 test
273 1923 534 1968 significari.—-
549 1923 696 1957 Comma
721 1924 908 1957 molestum
933 1928 1013 1966 post
1036 1928 1137 1968 tergo
1161 1923 1196 1956 in
1221 1922 1395 1966 plerisque
1416 1921 1578 1955 omnibus

183 1985 262 2020 edd.
285 1984 437 2029 positum
461 1996 541 2018 cum
567 1985 759 2019 Gerlachio
781 1984 997 2025 delevimus;
1018 1995 1100 2017 nam
1125 1984 1276 2017 alterum
1294 1994 1432 2027 quoque
1453 1993 1578 2016 nomeu

185 2059 206 2081 e
229 2046 488 2091 praepositione
511 2046 655 2089 pendet3
681 2047 728 2082 cf.
752 2044 909 2087 xm'm,
934 2045 968 2079 3.
1022 2045 1146 2080 Vastus
1169 2045 1213 2078 ab
1239 2050 1369 2079 natura
1393 2048 1426 2078 et
1451 2043 1576 2077 huma-

181 2119 226 2141 no
248 2108 356 2141 cultu.
380 2124 427 2132 —
460 2107 714 2141 circumuenire
745 2117 814 2140 non
847 2117 926 2139 cum
951 2104 1070 2139 Cottio
1092 2109 1145 2140 est
1169 2104 1465 2149 interpretandum
1489 2105 1577 2138 occi-

180 2169 285 2209 dere,
302 2168 434 2212 ferire,
458 2168 518 2202 sed
543 2169 641 2202 valet
664 2168 816 2212 aliquem
842 2165 891 2199 ita
913 2177 1064 2210 urgere,
1099 2170 1139 2199 ut
1165 2177 1202 2199 se
1230 2164 1392 2209 expedire
1415 2169 1577 2209 nequeat,

182 2240 332 2273 eumque
356 2229 567 2273 opprimere;
593 2230 635 2263 de
661 2240 732 2273 qua
754 2228 791 2262 vi
815 2227 967 2261 diximus
991 2227 1034 2261 ad
1059 2228 1136 2262 Cat.
1160 2239 1189 2260 c.
1209 2226 1338 2269 XXXI,
1360 2227 1395 2261 9.
1415 2227 1461 2260 cf.
1486 2227 1576 2261 nra-

182 2289 374 2324 kenborch.
395 2290 440 2323 ad
465 2289 541 2325 Liv.
568 2289 705 2331 xxm,
729 2288 796 2329 32,
818 2288 852 2322 6.
877 2305 923 2313 —-
946 2287 1016 2321 Pro
1034 2290 1183 2331 fuerant
1208 2287 1308 2321 multi
1334 2287 1434 2321 codd.
1450 2289 1576 2330 suerat

181 2351 367 2394 exhibent,
401 2354 439 2384 ut
472 2351 619 2385 verbum
644 2344 725 2384 cuin
759 2347 921 2393 primarii
945 2347 1091 2382 subiecti
1124 2359 1271 2381 munero
1295 2352 1485 2392 congruat-3
1514 2347 1574 2398 ced

183 2412 219 2445 in
248 2411 497 2456 comparativis
530 2411 707 2446 sententiis
743 2412 943 2454 frequenter
976 2410 1123 2443 verbum
1153 2408 1380 2443 secundariae
1414 2407 1572 2442 enuncia-

181 2472 286 2507 tionis
309 2471 443 2506 nomini
467 2475 618 2516 aptatur.
646 2473 691 2505 cs.
719 2471 822 2506 Catil.
854 2471 964 2513 XXV,
988 2470 1025 2504 2.
1072 2471 1295 2515 Semproniae
1319 2469 1458 2503 cariora
1479 2479 1570 2502 nem·

178 2546 243 2579 per
265 2545 325 2567 om
337 2535 436 2576 m‘a,
468 2544 573 2577 quam
598 2533 701 2566 decus
725 2537 830 2577 utque
851 2531 1024 2576 pudicitia
1049 2531 1161 2574 suit.
1197 2542 1230 2564 v.
1255 2531 1346 2575 Aug.
1369 2529 1573 2564 Grotel’endi

183 2596 344 2628 Grnmm.
373 2595 447 2628 Lnt.
473 2594 586 2627 schol.
611 2605 643 2637 p.
668 2591 748 2628 359.
782 2594 816 2634 §.
840 2591 921 2627 436.
946 2596 1015 2626 not.
1041 2592 1074 2626 2.
1100 2596 1134 2626 et
1157 2591 1331 2636 imprimis
1352 2591 1572 2635 Kruogerum

182 2656 225 2689 do
250 2655 465 2689 Attractiono
489 2653 589 2698 Ling.
618 2654 707 2694 Lat„
740 2653 800 2697 qui
832 2656 866 2695 §.
891 2652 948 2688 29.
974 2665 1006 2696 p.
1034 2652 1078 2686 67
1100 2672 1139 2677 —
1161 2652 1219 2686 72.
1243 2653 1335 2686 hanc
1357 2656 1571 2685 structuram

182 2715 359 2749 uberrime
393 2715 595 2749 illuntrnvit.
644 2714 853 2748 Gen-luchina
883 2719 998 2748 tamen
1032 2718 1067 2747 et
1096 2713 1213 2747 Faber
1241 2711 1456 2757 singularem
1489 2711 1570 2747 reti-

182 2780 343 2812 metunt.
369 2795 413 2802 —
446 2776 562 2811 Verba
595 2787 637 2810 ea
662 2786 742 2811 vero
777 2777 931 2811 consueti
955 2781 1018 2810 etc.
1046 2775 1250 2819 interprete·
1273 2773 1370 2809 varie
1393 2779 1570 2818 ceperunt.
