1630 3034
380 74 552 141 RERUM
586 96 648 136 Ac
683 96 953 138 vnnssonum
1327 93 1380 136 55

8 211 81 237 -m
98 206 231 238 litterae
248 207 427 239 absorbent
440 212 472 239 ut
488 207 695 251 particulam,
712 207 737 240 1.
757 206 812 242 79.
829 208 861 240 8.

5 262 107 294 Nudus
125 263 147 294 i.
166 273 196 305 q.
212 264 311 295 armis
329 273 392 295 non
405 267 527 302 tectus,
552 263 577 296 1.
598 262 674 302 107,
694 263 724 296 1..

7 317 110 351 Nullus
127 318 310 359 genitivum
328 320 427 351 etiam
446 319 478 351 in
496 321 506 350 i
523 323 698 352 exeuntem
715 319 827 354 habet.
846 317 886 353 C.
903 319 959 355 29.
978 319 1010 352 3.

5 374 108 408 Nullus
126 374 273 406 dativum
290 375 388 406 etiam
405 375 437 406 in
457 386 473 406 ο
491 375 656 414 terminat,
683 376 706 408 1.
734 375 789 414 97,
808 375 840 408 3.

4 429 108 463 Nullus
126 431 254 471 quando
270 430 376 473 possit
392 441 449 473 pro
466 441 526 462 non
544 431 665 464 dictum
682 441 768 470 esse,
795 427 836 464 C.
855 431 910 466 29.
930 431 960 464 3.

3 486 215 518 Numantinum
233 486 355 525 bellum,
372 485 397 518 Ι.
424 486 455 525 7,
473 487 505 520 2.

3 541 129 574 Numero
145 541 353 573 abundanter
368 542 514 574 additum
531 552 664 575 summae
681 544 843 575 notionem
853 543 1040 575 accuratius
1051 543 1216 583 designat.
1235 543 1257 575 1.
1279 543 1332 581 53,
1348 544 1374 574 4Δ
1411 551 1415 556 ’

3 596 146 629 Numerus
164 595 396 640 (vocabulum)
415 608 509 639 quam
528 599 759 630 attractionem
776 599 932 641 patiatur,
958 598 981 629 1.
1003 598 1056 637 35,
1076 599 1106 630 6.

4 653 147 685 Numerus
165 651 450 696 (grammaticus)
477 654 639 686 nominum
663 658 821 693 mutatus,
855 654 911 686 ubi
929 664 948 686 a
965 654 1115 695 generali
1145 655 1313 686 sententia
1339 655 1378 685 ad

90 713 202 752 partes
219 709 341 741 transit
354 710 522 750 cogitatio,
550 710 584 742 C.
607 710 660 749 51,
679 710 734 742 42.

5 764 149 796 Numerus
162 765 325 797 nominum
341 775 400 808 per
415 765 551 807 synesin
569 766 643 798 sive
659 766 700 797 ad
715 775 847 797 sensum
864 766 1026 804 variatus,
1054 765 1088 797 C.
1107 765 1161 803 39,
1180 765 1210 797 3.

3 821 148 853 Numerus
165 821 323 853 adiectivi
341 821 443 852 semel
456 821 551 863 positi
573 831 630 863 pro
651 821 779 853 ratione
803 821 1086 853 substantivorum
1112 821 1291 861 coyitau'one
1310 830 1377 851 mu-

92 877 213 916 tandus,
238 877 262 909 1.
284 876 337 915 19,
358 876 387 908 1.

3 933 147 966 Numerus
165 931 347 973 singularis
364 932 526 965 nominum
552 933 801 964 collectivorum
820 933 896 974 quid
915 933 1045 965 differat
1068 943 1086 964 a
1112 932 1245 974 plurali.
1272 931 1295 963 1.
1324 931 1378 968 57,

93 989 125 1021 4.
176 987 251 1025 100,
271 987 302 1019 3.

3 1045 148 1077 Numerus
165 1044 307 1076 subiecti
325 1054 387 1075 non
405 1044 600 1086 respicitur,
631 1044 686 1076 ubi
711 1046 860 1084 generalis
885 1045 1049 1076 sententia
1065 1054 1123 1087 per
1140 1048 1289 1076 neutrum
1307 1052 1378 1074 cum

91 1101 196 1141 magis
215 1099 360 1132 definitia
379 1101 540 1138 sociatur,
565 1100 589 1132 I.
610 1100 665 1138 41,
685 1099 714 1132 1.
765 1099 842 1138 102,
860 1100 892 1132 9.

2 1157 147 1188 Numerus
164 1155 259 1188 verbi
276 1157 317 1188 ad
334 1156 565 1188 secundarium
582 1156 826 1188 substantivum
843 1157 982 1194 relatus,
1001 1155 1036 1187 C.
1058 1155 1110 1194 18,
1132 1155 1159 1187 1.
1202 1154 1256 1186 25.
1273 1155 1302 1186 3.
1354 1154 1375 1186 1.

94 1212 149 1252 18,
169 1211 222 1244 11.

2 1269 149 1302 Numerus
166 1267 282 1306 verbi,
310 1267 459 1311 pluribus
476 1268 698 1300 substantivis
716 1268 922 1310 praegressis
936 1292 956 1306 „
984 1277 1082 1309 saepe
1108 1267 1147 1298 ad
1175 1266 1322 1298 ultimum
1342 1276 1378 1298 se

97 1324 330 1359 accommodat,
351 1321 389 1356 C.
413 1324 511 1363 10,‘2.
564 1323 616 1357 12,
639 1323 668 1355 1.
716 1323 741 1356 Ι.
768 1323 801 1362 8,
819 1323 851 1355 2.

4 1380 149 1412 Numerus
163 1381 257 1413 verbi
275 1381 404 1422 quando
422 1390 480 1422 per
492 1380 627 1420 synesin
641 1380 758 1411 mutari
777 1389 840 1411 non
858 1380 972 1421 possit.
1000 1379 1035 1410 C.
1053 1378 1107 1416 48,
1125 1378 1154 1410 1.
1204 1378 1228 1411 1.
1247 1377 1300 1417 16,
1316 1378 1346 1410 1.

4 1436 153 1468 Numerus
170 1437 264 1469 verbi
281 1446 323 1468 ex
339 1445 441 1468 sensu
454 1460 461 1473 ,
489 1445 551 1467 non
581 1445 620 1467 ex
645 1436 856 1476 grammatica
880 1435 1162 1467 substantivorum
1181 1434 1281 1466 forma
1299 1444 1377 1477 pen-

94 1492 188 1531 denS,
214 1491 251 1524 C.
270 1491 303 1529 6,
323 1492 355 1525 2.
405 1491 437 1529 7,
455 1492 486 1523 4.
535 1491 591 1530 23,
610 1490 641 1523 6.
690 1491 714 1523 Ι.
733 1491 785 1525 15.
806 1491 835 1522 1.

3 1547 148 1580 Numerus
165 1548 258 1580 verbi
272 1558 337 1579 esse
353 1547 394 1579 ad
411 1546 593 1589 praedicati
610 1547 854 1579 substantivum
873 1547 991 1579 referri
1005 1551 1125 1589 potest,
1143 1543 1183 1578 C.
1205 1547 1260 1581 ⁶25,
1280 1546 1310 1578 3.

2 1603 124 1636 Numeri
139 1605 306 1645 enallage,
324 1603 487 1644 singulari
503 1602 544 1635 ad
558 1613 789 1645 praegressum
807 1603 966 1646 pluralem
981 1603 1098 1635 relato.
1119 1602 1153 1634 C.
1170 1602 1221 1636 18.
1245 1602 1270 1634 1.
1325 1601 1378 1638 51,

96 1660 150 1694 42.
201 1660 256 1698 56,
275 1659 306 1692 6.

6 1716 135 1747 Numida
153 1717 174 1748 i.
195 1727 225 1758 q.
245 1726 303 1748 rex
318 1716 544 1750 Numidarum,
564 1715 588 1747 1.
607 1715 663 1753 81,
679 1715 710 1747 3.

3 1772 87 1804 Nunc
103 1772 195 1804 vocis
212 1773 342 1814 propria
359 1773 424 1811 vis,
449 1771 473 1804 Ι.
494 1773 526 1811 5,
546 1771 560 1803 ’1

2 1829 84 1860 Nunc
100 1828 157 1860 ubi
172 1838 234 1859 non
252 1829 450 1871 respondeat
467 1828 654 1869 germanico
666 1833 748 1866 jem.
769 1827 791 1858 1.
815 1826 866 1864 11,
886 1826 917 1858 ὓ.

5 1884 87 1915 Nunc
105 1884 137 1915 in
155 1884 371 1926 oppositione,
390 1883 412 1915 Ι.
436 1884 489 1921 14,
511 1883 563 1915 17.

9 1940 92 1971 Nunc
109 1940 131 1971 i.
148 1949 178 1980 q.
198 1939 260 1970 hoc
278 1948 386 1970 rerum
402 1943 505 1977 statu,
530 1937 554 1970 1.
574 1938 629 1975 85,
651 1937 700 1969 13.

5 1996 153 2027 Nunciare
165 1995 333 2027 diversum
345 2004 365 2026 a
379 1995 570 2026 denunciare.
597 1994 621 2026 I.
644 1994 657 2025 1
669 1994 718 2031 12,
738 1995 768 2025 2.

655 2106 772 2158 0.-

9 2220 49 2252 Οὸ
69 2220 242 2252 consilium
261 2220 410 2251 indicans
429 2220 450 2250 i.
472 2229 502 2260 q.
522 2220 572 2253 ud,
599 2217 623 2249 1.
643 2218 697 2254 89,
715 2218 747 2247 2.

8 2276 50 2307 Ob
66 2286 129 2307 rem
145 2276 167 2307 i.
184 2286 214 2317 q.
233 2276 375 2312 utiliter,
401 2274 424 2306 1.
445 2274 499 2306 31.
519 2275 549 2305 5.

8 2332 155 2363 obiectum
174 2336 208 2362 et
220 2332 379 2362 subiectum
399 2331 510 2361 endem
529 2329 690 2361 vocabulo
707 2333 906 2365 contentum,
933 2328 955 2360 l.
987 2328 1040 2360 35.
1060 2327 1090 2359 3.

9 2386 158 2418 obiectum
173 2396 272 2430 saepe
289 2386 462 2424 omittitur,
481 2385 681 2425 cogitatione
698 2384 925 2426 supplendum,
943 2383 966 2415 l.
987 2384 1042 2417 49.
1061 2384 1091 2414 4.
1124 2383 1178 2415 61.
1196 2385 1229 2415 4.
1268 2382 1321 2416 71.
1341 2382 1372 2414 ⁶2.

9 2442 118 2474 obiecto·
135 2443 206 2474 loco
223 2443 354 2485 ponitur
371 2444 407 2474 dc
423 2451 448 2472 c.
465 2442 574 2478 ablat..
592 2441 649 2472 sed
668 2440 801 2471 diverso
818 2450 930 2477 sensu,
956 2439 979 2471 1.
999 2439 1056 2475 84,
1075 2439 1105 2470 3.
1157 2438 1212 2475 87,
1229 2439 1259 2471 3.

9 2498 138 2538 Obliqua
156 2499 263 2535 oratio,
282 2508 313 2529 v.
335 2497 415 2528 Orat.
437 2497 532 2536 oblzq.

9 2553 153 2593 Obliquus
170 2553 327 2594 quomodo
344 2553 476 2585 differat
491 2562 510 2584 a
527 2556 724 2589 transversus,
743 2551 766 2583 1.
785 2551 841 2589 49,
863 2552 891 2583 1.

10 2610 160 2641 obnoxius
177 2609 373 2642 invidiosius
391 2609 584 2641 vocabulum
598 2617 693 2650 quam
710 2609 850 2645 serviens,
877 2607 911 2639 C.
929 2606 983 2643 48,
1003 2608 1033 2638 5.
1082 2605 1106 2638 1.
1126 2605 1180 2645 31,
1199 2606 1229 2638 3.
