1630 3034
387 182 744 227 IUGURTHA.
808 183 944 226 CAP.
975 183 1148 227 XCVII.
1364 187 1449 229 517

69 315 194 345 more
223 300 404 360 proelii,
441 301 522 345 sed
559 300 835 355 catervatim,
879 300 940 343 uti
974 316 1174 359 quosque
1208 301 1298 345 fors
1335 317 1445 345 con-

68 397 355 456 globaverat,
401 398 445 441 in
480 386 655 441 ndstros
690 388 938 450 incurrunt}
985 398 1059 455 qui
1096 413 1248 442 omnes
1284 398 1485 458 trepidif,

66 494 306 553 improviso
335 502 470 548 metu,
499 510 550 538 ac
581 500 731 537 tamen
760 493 926 537 virtutis
955 509 1189 549 memores,
1220 501 1296 538 aut
1325 510 1447 539 arma

66 590 324 650 capiebant,
372 597 448 634 aut
492 591 703 650 capientis
748 590 856 634 alios
904 591 960 634 ab
1003 591 1203 635 hostibus
1241 591 1447 635 defensa-

65 686 196 740 bant3
242 702 347 747 pars
395 702 533 746 equos
586 686 852 742 escendere,
899 687 1078 731 obviam
1122 689 1188 732 ire
1230 688 1446 740 hostibus,

62 833 148 876 Lx,
173 834 246 878 1.)‚
271 837 334 868 aut
353 834 395 868 de
418 833 479 867 illo
504 834 622 880 signo,
656 834 748 878 quod
772 834 843 868 alio
864 834 1004 868 nomine
1026 834 1209 878 symbolum
1235 840 1294 869 aut
1318 840 1447 869 tessera

61 894 201 936 dicitur,
226 895 386 939 quodque
409 895 580 929 militibus
603 896 768 936 dabatur,
794 899 832 929 ut
854 895 986 929 socium
1012 896 1055 928 ab
1081 895 1181 929 hoste
1204 896 1446 936 discernerent,

61 959 122 989 aut
146 956 294 1000 denique
318 956 361 989 de
384 960 530 999 utroque
552 957 620 989 hoc
643 957 757 1001 signo,
783 962 821 991 ut
844 956 918 1000 ipse
943 968 1010 1001 ego
1035 955 1204 1001 intelligo.
1251 957 1447 999 Utrumque

62 1020 236 1050 memorat
263 1016 359 1050 Caes.
385 1017 429 1051 B.
455 1017 501 1050 G.
526 1017 568 1059 Η,
594 1016 652 1058 20,
677 1007 724 1050 1(
772 1018 914 1051 Caesari
940 1019 1054 1051 omnia
1080 1029 1145 1050 uno
1168 1023 1321 1061 tempore
1346 1022 1447 1051 erant

61 1075 218 1119 agenda,
244 1076 406 1109 vexillum
428 1078 696 1121 proponendum,
721 1078 898 1123 signum
922 1080 1031 1112 tuba
1056 1078 1261 1118 dandam,
1285 1096 1330 1103 ·—
1354 1078 1446 1111 acies

58 1136 273 1177 instruenda,
303 1138 428 1171 milites
452 1138 667 1179 cohortandi,
692 1139 875 1184 signum
901 1139 1117 1181 dandum,
1141 1137 1201 1172 ubi
1227 1149 1258 1171 V.
1284 1138 1446 1171 Vossium

61 1196 124 1239 (et
145 1196 363 1242 Herzogium
376 1198 404 1241 ).
453 1198 550 1232 Auct.
575 1199 618 1233 B.
644 1199 753 1233 Afric.
777 1211 806 1233 c.
832 1199 1035 1240 LXXXIII,
1060 1199 1093 1233 l.
1144 1199 1242 1241 Quod
1262 1204 1445 1243 postquam

61 1258 193 1291 Caesar
221 1258 390 1292 intellexit
421 1259 576 1292 incitatis
610 1261 759 1294 militum
791 1260 917 1294 animis
948 1260 1062 1293 resisti
1091 1261 1182 1293 nullo
1215 1260 1312 1293 modo
1334 1271 1445 1303 posse,

57 1318 187 1363 signo
215 1319 476 1361 felicitatis
509 1319 614 1353 dato
649 1321 685 1354 in
719 1321 850 1354 hostem
876 1322 926 1354 ire
951 1320 1134 1354 contendit.
1159 1331 1191 1354 v,
1217 1321 1376 1364 interprr.
1401 1321 1445 1355 ad

56 1378 121 1415 Sil.
146 1379 228 1420 Vll,
251 1378 332 1412 347.
369 1379 481 1412 Com.
506 1379 549 1413 cf.
575 1380 736 1414 Creuzeri
760 1381 898 1424 Autiqq.
925 1382 1030 1415 Rom.
1066 1381 1100 1424 ἕ.
1123 1381 1204 1415 2-11.
1229 1394 1261 1426 p.
1284 1381 1364 1416 375.
1391 1381 1444 1414 ed.

56 1440 99 1475 Π.
124 1459 169 1464 -
217 1441 271 1473 De
293 1438 474 1483 particulis
496 1451 564 1472 non
587 1458 631 1466 —·
653 1452 762 1485 neque
786 1452 818 1474 v,
845 1441 888 1475 ad
917 1443 990 1477 Cat.
1015 1442 1090 1482 Lu,
1113 1441 1146 1475 6.
1175 1461 1210 1466 —-
1261 1443 1446 1475 Incurrunt

54 1499 283 1543 restituimus,
305 1499 539 1543 plurimorum
564 1501 663 1536 codd.
692 1513 858 1536 consensu
879 1501 930 1535 ita
952 1501 1101 1535 iubente.
1129 1501 1267 1536 Cottius
1290 1501 1445 1536 ediderat

55 1565 282 1601 concurrunt,
315 1561 407 1603 quod
441 1561 572 1606 legitur
604 1562 640 1595 in
661 1563 809 1596 Eccard.
837 1562 914 1595 Vin.
938 1562 972 1595 1.
999 1562 1081 1595 Bas.
1106 1563 1139 1595 1.
1163 1561 1197 1594 4.
1222 1562 1347 1594 Franc.
1371 1562 1443 1596 Ine.

52 1620 87 1654 1.
112 1621 148 1654 2.
174 1620 292 1655 Strnv.
321 1620 461 1656 Vratisl.
486 1621 521 1655 2.
554 1621 671 1664 Quelf.
695 1623 728 1656 7.
755 1623 812 1656 11.
837 1622 932 1656 Leid.
957 1623 999 1656 F.
1026 1623 1069 1656 G.
1093 1623 1137 1656 N.
1162 1621 1274 1656 Paris.
1299 1633 1328 1655 c.
1352 1633 1386 1656 x.
1413 1634 1442 1655 z.

52 1681 170 1715 Berol.
199 1681 233 1715 2.
283 1681 323 1715 Id
350 1682 495 1715 verbum
521 1682 605 1716 ferri
630 1694 728 1726 posse
751 1683 856 1717 facile
881 1683 1041 1724 concedo,
1067 1683 1123 1716 sed
1149 1683 1314 1726 vulgatae
1336 1694 1441 1726 prae-

53 1746 148 1776 stare
171 1754 238 1776 non
266 1753 405 1786 possum
430 1741 520 1776 mihi
546 1744 778 1786 persuadere,
803 1743 932 1788 quippe
955 1754 1025 1788 qua
1048 1744 1269 1777 vehementia
1293 1744 1442 1787 impetus

55 1804 168 1837 multo
191 1792 330 1837 melius*
340 1803 553 1847 designetur.

144 1866 176 1906 §-
200 1864 234 1898 5.
260 1864 452 1907 escendere]
480 1864 588 1897 Codd.
610 1876 727 1898 omnes
747 1868 864 1899 tenent
883 1864 1080 1904 ascendere,
1103 1863 1170 1897 nisi
1193 1864 1284 1906 quod
1312 1863 1346 1896 in
1369 1863 1439 1897 Pa-

51 1923 111 1959 lat.
136 1925 169 1959 l.
195 1930 229 1958 et
251 1925 376 1958 Nazar.
404 1935 426 1956 a
451 1924 485 1956 iu
509 1935 632 1958 rasura
656 1925 844 1968 scriptum;
880 1925 938 1957 sed
964 1935 1069 1968 quam
1093 1924 1264 1957 edidimus
1288 1923 1440 1957 formam

49 1984 210 2017 Arusian.
244 1985 379 2018 Messus
412 1988 526 2018 tuetur
559 1985 595 2017 h.
628 1996 662 2019 r.
697 1986 912 2028 (Grammat.
936 1985 1026 2019 Latt.
1054 1985 1129 2018 Vol.
1163 1985 1190 2018 Ι.
1215 1996 1248 2027 p.
1271 1983 1350 2018 229.
1384 1984 1438 2017 cd.
1482 2003 1485 2009 ·

52 2043 253 2088 undem),
288 2045 431 2088 eiusque
464 2045 706 2078 auctoritatem
739 2045 812 2078 iam
849 2045 988 2079 Cottius
1020 2050 1054 2078 et
1090 2044 1298 2078 Gerlachius
1330 2044 1441 2078 secuti

49 2110 140 2139 sunt.
189 2106 413 2150 Quamquam
447 2107 577 2148 fateor,
611 2106 675 2139 nisi
700 2106 892 2140 Arusianus
925 2110 960 2138 et
983 2108 1097 2138 aetate
1121 2105 1256 2138 codices
1279 2105 1438 2146 anteiret,

50 2171 85 2200 et
107 2165 298 2200 multorum
323 2167 472 2200 aliorum
496 2168 652 2201 locorum
676 2167 884 2210 scripturam
910 2165 1136 2210 integriorem
1160 2176 1265 2209 quam
1287 2166 1342 2199 illi
1365 2176 1438 2199 ser-

51 2231 160 2267 varet,
185 2228 370 2272 vulgatam
398 2227 487 2261 mihi
512 2228 626 2272 magis
650 2228 812 2271 probari,
838 2227 1008 2271 siquidem
1034 2227 1135 2261 conr.
1160 2227 1266 2270 Leop.
1290 2226 1437 2260 Schnei-

50 2287 154 2321 derus
187 2287 223 2321 in
256 2289 376 2323 Gram.
411 2289 486 2322 Lat.
520 2289 597 2322 Vol.
632 2288 658 2322 1.
694 2289 733 2321 P.
766 2288 808 2331 Il.
844 2301 877 2331 p.
903 2286 983 2322 552.
1007 2292 1100 2320 recte
1123 2291 1273 2321 statuere
1296 2287 1436 2322 videtur

52 2348 231 2381 escendere
261 2359 336 2382 esse
370 2350 407 2382 in
438 2359 628 2389 summum,
661 2348 718 2381 vel
752 2349 787 2381 in
823 2350 931 2382 locum
968 2349 1146 2382 editiorem
1174 2349 1278 2388 eniti,
1313 2359 1354 2382 ac
1376 2348 1435 2382 vix

51 2407 233 2441 transitivo
257 2419 359 2443 sensu
383 2410 558 2453 usurpari.
606 2409 725 2452 Quare
748 2409 778 2442 si
802 2419 886 2442 vera
911 2414 961 2442 est
985 2408 1146 2442 Arusiani
1171 2407 1286 2450 lectio,
1308 2412 1434 2452 putan-

51 2467 116 2501 dus
150 2471 201 2502 eet
233 2467 421 2503 Sallustius
453 2469 676 2504 insolentiore
712 2468 818 2501 modo
849 2470 1028 2503 escendere
1063 2479 1126 2512 pro
1159 2468 1344 2502 ascendere
1377 2469 1433 2502 vel

51 2529 274 2563 conscendere
298 2529 435 2562 dixisse.
470 2549 514 2555 —
562 2529 819 2570 Latrociniam,
852 2529 987 2573 proelio
1021 2533 1082 2563 aut
1115 2529 1208 2563 bello
1229 2528 1434 2572 saepissime

51 2588 272 2632 oppositum,
308 2590 486 2635 significat
516 2590 751 2629 inconditum,
785 2589 1045 2623 fraudulentum
1078 2595 1113 2624 et
1143 2589 1344 2623 insidiosum
1368 2601 1432 2632 pu-

52 2649 181 2694 gnandi
205 2661 337 2694 genus,
371 2662 441 2694 qno
467 2654 611 2684 utuntur
633 2651 693 2694 qui
719 2651 752 2683 in
776 2650 956 2684 inhonesta
980 2660 1103 2684 caussa
1124 2654 1159 2684 et
1181 2649 1315 2684 viribus
1337 2650 1432 2684 diffi-

53 2711 168 2745 ‹lrntes
190 2722 266 2744 rem
291 2716 411 2755 aperte
435 2721 560 2756 gerere
583 2715 644 2745 aut
668 2711 788 2744 nolunt
811 2714 872 2743 aut
896 2721 964 2744 uon
983 2710 1121 2744 audent.
1172 2711 1340 2744 Proelium
1364 2711 1432 2754 igi-

55 2775 114 2805 tur
143 2775 204 2807 aut
234 2772 359 2807 bellum
389 2773 424 2806 iu
454 2772 519 2807 tali
550 2783 639 2806 nexu
670 2771 876 2816 praegnanti
900 2782 1003 2805 sensu
1024 2772 1119 2805 valet
1141 2772 1269 2806 iustum
1293 2782 1347 2816 pr.
1370 2776 1432 2806 aut
