1630 3034
233 111 290 154 84
845 106 1002 175 INDEX

238 225 398 256 Verborum
415 224 662 255 collocandorum
678 222 764 254 ratio
785 223 818 254 in
835 222 995 264 oppositis
1013 220 1204 259 sententiis,
1229 220 1254 252 I.
1274 218 1329 259 70,
1347 221 1378 252 5.
1429 218 1484 257 74,
1505 218 1517 250 1

238 281 399 312 Verborum
416 280 661 311 collocandorum
670 278 851 320 singularis
862 278 1021 320 quaedam
1038 277 1137 316 ratio,
1152 276 1188 309 C.
1209 275 1263 315 58,
1279 276 1313 308 4.
1340 274 1394 314 60,
1409 274 1441 308 7.
1467 274 1491 307 1.
1512 273 1525 306 1

239 327 312 368 Vero
325 336 510 369 affirmandi
521 340 686 379 potestate
696 335 850 378 positum,
869 333 905 367 C.
922 332 978 373 27,
997 334 1029 366 4.
1057 333 1112 373 52,
1129 332 1181 366 15.
1207 331 1232 365 I.
1255 331 1309 372 50,
1329 331 1360 364 6.
1387 330 1443 371 84,
1456 330 1486 363 1.

239 392 358 424 Vei-sari
374 393 405 423 in
422 393 528 432 aliqua
544 402 587 431 re,
612 392 637 424 Ι.
661 391 714 431 14,
733 391 765 424 9.
1628 433 1630 441 ¹

238 447 344 480 Versus
362 448 395 480 in
413 449 562 480 oratione
579 448 739 491 pedestri,
766 446 801 480 C.
822 446 876 485 19,
895 447 926 480 5.
975 445 999 478 Ι.
1018 447 1050 484 5,
1069 446 1099 478 1.
1150 445 1205 485 98,
1223 445 1256 478 2.
1307 443 1384 483 101,
1403 443 1435 475 8.
1626 447 1630 492 2

239 505 345 536 Versus
370 514 442 536 cuin
467 505 499 535 in
523 505 579 537 vel
605 506 644 536 ad
670 504 878 536 coniunctum
902 508 961 536 aut
984 502 1192 546 participium
1221 505 1292 541 est,
1325 505 1383 533 aut
1406 497 1630 542 praepositio,J

328 560 364 593 C.
385 560 439 600 56,
453 561 486 593 4.
520 560 545 593 Ι.
562 561 616 600 58,
634 561 667 594 4.
1628 563 1630 566 “

240 617 355 649 Vertere
371 617 530 649 reflexivo
549 627 662 656 sensu,
690 616 725 650 C.
746 616 778 656 6,
798 615 829 648 7.

240 674 356 705 Vertere
373 674 490 714 aliquid
508 675 547 705 ad
561 674 697 714 aliquam
712 683 787 712 rem,
806 673 827 704 i.
849 682 878 715 q.
900 682 1064 716 exponere
1081 671 1230 714 impetui,
1244 670 1268 703 Ι.
1291 669 1367 709 107,
1384 668 1412 701 1.

240 730 345 761 Verum
362 729 383 761 i.
405 740 434 772 q.
455 734 593 769 rectum,
618 729 643 762 Ι.
664 729 766 769 16,1.

241 785 346 818 Verum
365 788 535 826 enimvero,
555 786 591 819 C.
609 786 643 826 2,
662 786 694 818 9.

239 842 364 874 Vestitus
378 843 400 875 i.
421 853 451 885 q.
473 843 634 882 consitus,
660 842 685 875 Ι.
705 843 765 882 48,
784 843 816 876 3.

242 898 337 930 Vestri
353 909 416 930 non
434 904 487 931 est
504 900 673 941 genitivus
690 899 843 943 pluraHs,
871 899 907 932 C.
924 899 979 938 33,
997 899 1030 933 2.

242 955 453 987 Veteranorum
469 955 550 988 belli
564 956 718 995 scientia,
745 955 769 988 Ι.
789 954 843 996 97,
863 957 894 988 5.

241 1011 326 1043 Vetus
345 1012 503 1054 quomodo
521 1012 654 1045 differat
666 1011 706 1044 ab
725 1013 876 1052 antiquus,
892 1011 918 1045 I.
938 1010 993 1051 75,
1007 1012 1040 1044 8.

241 1067 350 1099 Vexari
365 1077 413 1100 res
428 1078 489 1110 quo
507 1078 610 1101 sensu
627 1069 791 1109 dicantur,
819 1067 854 1101 C.
872 1069 904 1108 5,
922 1067 955 1100 8.

241 1123 383 1156 Videlicet
399 1125 524 1157 ironice
538 1125 672 1165 dictum,
693 1124 729 1157 C.
746 1125 800 1165 52,
820 1124 875 1158 14.

243 1181 382 1212 Videlicet
398 1181 465 1213 vim
482 1181 554 1213 eius
571 1181 728 1213 vocabuli
745 1185 858 1222 auget,
878 1182 931 1214 cui
949 1180 1097 1213 additum
1111 1185 1176 1219 est,
1202 1180 1227 1212 I.
1244 1179 1320 1214 107.
1339 1180 1371 1212 3.

243 1235 347 1268 Videre
372 1237 394 1269 i.
414 1246 443 1279 q.
460 1247 673 1278 cognoscere,
693 1238 821 1277 audire,
841 1236 876 1271 C.
899 1236 954 1277 40,
969 1237 1001 1269 3.

243 1292 343 1325 Vidcri
360 1302 432 1325 cum
447 1296 479 1324 ut
496 1293 643 1326 iunctum
660 1294 693 1326 in
707 1294 884 1327 sententiis
902 1293 1088 1327 interiectis
1114 1294 1223 1326 rarius
1249 1293 1288 1326 ad
1315 1293 1499 1325 subiectum
1515 1292 1623 1324 reser-

330 1353 396 1388 tur,
414 1348 451 1381 C.
470 1349 525 1389 43,
542 1350 572 1382 1.

247 1405 347 1437 Videri
363 1405 502 1438 verbum
519 1407 657 1439 solenne
675 1408 882 1440 censentium
900 1412 934 1440 et
950 1407 1179 1446 iudicantium,
1207 1405 1243 1439 C.
1261 1405 1317 1445 48,
1337 1407 1367 1438 5.

246 1461 349 1502 Viyere
365 1462 533 1495 diversum
549 1474 696 1505 aveyere,
725 1463 760 1496 C.
783 1463 813 1504 1,
833 1462 864 1498 7.

247 1517 424 1558 Viyiliorum
440 1520 473 1551 in
492 1520 613 1552 castris
633 1521 813 1560 institutio,
839 1519 864 1554 I.
883 1519 939 1560 99,
960 1520 988 1553 1.

244 1573 370 1615 Viyilias
387 1576 554 1615 circumire,
569 1576 593 1609 Ι.
613 1577 670 1616 45,
685 1577 717 1610 2.

245 1629 367 1662 Vincere
386 1632 408 1663 i.
429 1641 461 1673 q.
477 1632 662 1664 rationibus
680 1633 832 1675 probare,
850 1633 875 1666 Ι.
895 1632 951 1673 85,
969 1632 1024 1667 27.

244 1685 361 1717 Vinctus
379 1690 413 1718 et
428 1687 544 1718 iunctos
559 1687 710 1728 confusa,
738 1688 774 1721 C.
794 1689 848 1727 55,
866 1690 900 1721 4.

247 1741 406 1774 Vindicat-e
424 1743 542 1783 aliquid
559 1744 580 1776 i.
602 1753 632 1786 q.
652 1754 720 1777 rem
737 1749 776 1776 ut
792 1744 936 1777 debitam
951 1745 1013 1777 sibi
1031 1746 1213 1787 postulare,
1233 1744 1269 1777 C.
1284 1745 1339 1783 54,
1355 1745 1386 1777 6.

245 1797 403 1830 Vindicarc
418 1799 545 1831 manui.
567 1810 597 1842 q.
614 1801 811 1843 supplicium
827 1810 970 1840 sumere,
996 1800 1020 1833 Ι.
1043 1800 1118 1839 106,
1138 1801 1169 1833 6.

244 1854 351 1886 Vineae
365 1855 573 1898 oppugnandi
591 1857 823 1897 instrumenta,
850 1856 876 1889 Ι.
891 1846 997 1896 21‚'3.

244 1910 294 1941 Vir
311 1910 334 1943 i.
357 1920 388 1953 q.
407 1912 560 1952 maritus,
581 1911 617 1945 C.
636 1913 693 1952 24,
712 1913 743 1946 3.

245 1964 294 1996 Vir
310 1967 451 2009 positum
469 1968 543 2000 loco
559 1970 758 2012 pronominis
773 1971 825 2002 ille
841 1971 898 2003 vel
916 1971 953 2010 is,
980 1970 1003 2003 1.
1025 1969 1078 2009 70,
1099 1971 1129 2002 5.

245 2021 307 2053 Viri
322 2023 486 2056 interdum
504 2025 695 2066 significant
710 2027 837 2067 pedites,
865 2026 888 2059 Ι.
907 2026 962 2065 49,
982 2027 1013 2058 Γ).

245 2077 306 2109 Viri
322 2079 344 2111 i.
364 2089 395 2121 q.
414 2080 561 2114 homines
580 2082 621 2114 ad
639 2082 761 2114 bellum
779 2083 859 2125 apti,
885 2081 910 2115 Ι.
930 2082 986 2121 88,
1005 2084 1036 2115 4.

249 2133 391 2166 Wirlclich
404 2135 509 2168 latine
528 2137 710 2170 indicativo
727 2139 833 2179 modo,
853 2149 917 2170 non
935 2139 1096 2182 peculiari
1116 2139 1217 2171 verbo
1235 2139 1439 2183 exprimitur,
1457 2139 1481 2172 Ι.
1504 2138 1578 2177 105,
1594 2140 1625 2170 5.

245 2189 340 2222 Virtus
358 2192 570 2233 coniungitur
587 2204 658 2226 cum
675 2195 837 2235 industria,
855 2195 880 2228 Ι.
899 2194 953 2228 76.
976 2195 1004 2227 1.

244 2245 292 2277 Vis
310 2247 331 2278 i.
350 2257 381 2289 q.
401 2249 558 2289 studium,
577 2250 729 2290 intentio,
748 2250 773 2284 Ι.
794 2250 849 2291 40,
869 2251 900 2284 3.

245 2302 293 2333 Vis
311 2307 346 2335 et
362 2305 406 2335 ius
426 2304 576 2344 confusa,
595 2305 619 2338 Ι.
641 2306 673 2345 3,
691 2306 720 2338 1.

245 2358 345 2391 Vivere
361 2369 424 2391 non
442 2361 526 2393 idem
544 2366 643 2404 utque
659 2373 733 2402 esse,
762 2362 786 2396 Ι.
801 2363 856 2402 31,
875 2364 907 2396 6.

245 2414 426 2447 Vocabulum
446 2417 530 2449 idem
547 2418 588 2450 ad
603 2418 666 2450 ‹luo
685 2419 787 2451 verba
801 2419 941 2452 relatum
961 2420 1056 2452 simul
1076 2421 1195 2453 obiecti
1215 2420 1400 2453 etsubiocti
1413 2420 1476 2452 vim
1489 2419 1625 2453 habens,

1527 244 1569 312 ,3,-
1578 272 1611 305 7.

1538 330 1568 368 4,
1580 328 1612 362 3.

330 2470 356 2503 Ι.
376 2471 430 2511 35,
451 2472 483 2505 3.

246 2525 357 2559 Vocare
373 2527 545 2562 confusum
563 2540 633 2563 cum
653 2541 787 2571 evocare,
806 2531 829 2565 Ι.
850 2531 905 2571 62,
924 2532 955 2564 8-

247 2581 401 2616 vocativus
420 2594 484 2627 quo
503 2587 642 2619 consilio
660 2588 802 2620 orationi
819 2589 1062 2632 praemittatur.
1083 2600 1144 2621 non
1167 2590 1403 2622 intcriicialur.
1437 2588 1459 2621 1.
1488 2587 1562 2624 102,
1595 2587 1624 2617 ἶ».

247 2637 352 2669 Volens
371 2639 391 2671 i.
413 2650 443 2681 q.
465 2641 595 2681 suvenS,
622 2643 646 2676 1.
667 2641 720 2683 73,
742 2643 772 2676 3.
822 2643 877 2683 84,
900 2644 928 2677 1.
983 2644 1057 2678 103.
1073 2647 1102 2676 6.
