1630 3034
323 191 682 235 CATILINA.'
721 189 860 232 cAP.
889 188 1015 231 LVII.
1048 187 1191 231 Lvrn.
1358 194 1449 235 ‘3⁰3

67 324 188 353 mum
223 309 480 369 confligere.
550 296 711 365 Itaque
754 307 972 353 concione
1006 304 1250 362 advocata,
1285 303 1443 352 huius-
1458 321 1485 360 6

64 377 242 445 cemodi
278 400 522 445 orationem
555 397 725 442 habuit.

199 492 365 538 LVIII.
437 490 735 549 Compertum
771 503 861 548 ego
897 486 1061 543 habeo,
1097 488 1276 545 milites,
1307 489 1445 534 verba

61 582 265 627 virtutem
309 597 401 626 non
444 580 639 635 addere,
693 595 838 637 neque
884 594 939 623 ex
989 580 1156 639 ignavo
1202 586 1444 633 strenuum,

59 758 268 802 tripartitam
291 757 459 792 voluisset
481 757 601 792 facere
625 754 828 797 orationem,
852 754 902 790 ita
924 759 964 790 ut
986 756 1170 802 gradatio,
1194 756 1286 801 quod
1309 758 1444 804 Langia

59 815 207 857 videtur,
233 816 368 858 ine-set,
393 817 546 849 scribere
569 815 745 848 debuisset
761 826 869 858 neque
887 825 919 847 v.
945 826 977 848 v.
1003 828 1050 858 a„
1073 825 1183 859 neque
1207 840 1216 847 .
1244 840 1252 848 .
1277 841 1287 851 .
1311 841 1320 850 .
1335 827 1444 859 neque

56 877 122 907 etc.
157 873 248 907 Vera
277 877 394 906 autem
428 873 622 915 emh-mque
653 871 914 915 simplicissima
946 873 1016 906 loci
1048 872 1141 906 ratio
1177 873 1267 905 haec
1303 877 1375 913 est,
1407 877 1448 907 nt

55 928 230 973 generalis
259 929 446 972 sententia,
480 931 538 974 qui
571 930 734 964 virtutem
757 942 826 963 non
849 930 1022 972 habeant,
1055 930 1101 963 iis
1122 940 1191 962 non
1211 940 1309 972 posse
1331 931 1446 964 verbis

56 987 163 1028 addi,
195 988 269 1021 sive
298 988 478 1020 verborum
501 987 637 1020 omnino
672 988 805 1020 nullam
828 987 899 1020 vim
924 998 995 1020 esse
1030 987 1078 1020 ad
1101 987 1265 1020 virtutem
1289 988 1445 1021 excitan—

55 1045 149 1086 dam,
175 1044 366 1078 oratorium
399 1045 435 1078 in
459 1045 603 1079 modum
627 1045 832 1087 explicatius
864 1055 926 1087 per
948 1047 1075 1087 'partes
1098 1044 1319 1084 illustretur3
1351 1046 1445 1088 quod

54 1113 164 1144 quum
201 1102 340 1136 scribae
370 1113 439 1136 non
482 1101 631 1136 assecuti
677 1106 788 1135 essent
827 1112 869 1135 ac
900 1101 1014 1144 potins
1056 1100 1309 1144 oppositionem
1334 1105 1444 1145 sortis

54 1163 159 1200 atque
192 1159 319 1202 ignavi
356 1159 490 1202 requiri
530 1161 710 1203 putarent,
753 1158 843 1191 nihil
876 1155 1066 1202 proclivius
1109 1162 1184 1191 erat
1216 1169 1324 1203 quam
1359 1161 1444 1194 viris

52 1216 223 1256 inserere,
255 1216 459 1259 praesertim
484 1227 592 1259 quum
616 1217 746 1249 addere
771 1216 931 1249 absolute
964 1215 1116 1258 positum
1152 1227 1220 1248 non
1243 1228 1443 1261 concoque-

52 1278 149 1315 rent,
183 1283 288 1316 quam
319 1277 528 1306 structuram
554 1273 750 1307 Gronovius
782 1273 901 1307 multis
931 1271 1023 1306 Livii
1059 1273 1226 1315 exemplis
1257 1275 1302 1308 ad
1339 1276 1440 1311 eund.

52 1331 96 1372 11,
118 1331 151 1371 2,
172 1331 206 1364 2.
237 1330 439 1364 illustravit.
497 1330 536 1363 Si
559 1341 643 1363 vero
665 1332 750 1364 viris
774 1330 809 1363 in
842 1330 914 1363 suis
937 1330 1194 1373 exemplaribus
1218 1328 1441 1374 invenissent,

50 1388 148 1420 nullo
180 1393 282 1431 pacto
317 1385 549 1430 intelligitur,
593 1397 656 1420 cur
685 1398 808 1421 vocem
843 1387 1017 1420 eiecerint.
1072 1388 1276 1422 Tenendum
1307 1392 1441 1434 antem,

49 1445 234 1478 sententias
255 1455 323 1477 non
356 1455 430 1476 esse
453 1444 693 1478 adversativas
717 1445 791 1478 sive
815 1444 1025 1485 contrarias,
1048 1448 1085 1478 ut
1109 1445 1286 1489 Herzogio
1309 1446 1438 1489 visum,

49 1502 108 1534 scd
133 1501 370 1545 copulativas3
403 1501 531 1544 quippe
562 1501 660 1544 prius
691 1514 800 1547 neque
831 1514 899 1536 non
933 1503 1116 1545 respondet
1137 1503 1343 1545 posteriori,
1377 1505 1438 1537 sed

50 1569 114 1601 pro
153 1565 186 1593 et
216 1556 284 1591 non
317 1558 468 1602 positum
500 1557 704 1592 sententiam
738 1559 888 1593 annectit
922 1570 1169 1603 praegressae,
1204 1572 1272 1603 quo
1304 1562 1363 1604 fit,
1399 1565 1438 1596 ut

48 1615 155 1649 etiam
187 1614 337 1649 alt'erum
370 1627 479 1659 neque
512 1617 716 1661 negativam
750 1616 959 1651 sententiam
995 1612 1235 1651 tantummodo
1269 1618 1438 1663 adiungat

48 1673 93 1706 ad
117 1674 282 1716 priorem.
331 1672 414 1706 Eius
438 1678 631 1708 structurae
653 1675 746 1708 ratio
770 1675 904 1718 patebit
928 1685 969 1707 ex
991 1674 1163 1708 annotatis
1187 1675 1232 1708 ad
1256 1677 1370 1719 c.L11,
1388 1677 1436 1722 6.,

46 1729 108 1762 ubi
132 1729 168 1762 in
193 1730 359 1774 negativa
383 1732 551 1765 sententia
577 1731 763 1765 bimembri
787 1743 850 1774 pro
884 1743 1167 1776 neque—neque
1189 1743 1292 1777 saepe
1315 1746 1437 1768 non——

45 1797 154 1830 neque
178 1787 261 1830 poni
285 1787 489 1829 docuimus3
526 1789 572 1822 cf.
597 1789 672 1822 Cat.
695 1789 739 1830 11,
762 1788 796 1821 3.
829 1790 952 1833 quodsi
982 1801 1107 1834 regum
1140 1791 1249 1823 virtus
1280 1792 1317 1824 in
1344 1804 1435 1836 pace

45 1843 99 1877 ita
132 1845 188 1877 uta·
221 1845 260 1877 in
293 1845 378 1878 bello
409 1846 564 1886 valeret,
605 1847 822 1890 aequabilius
852 1858 924 1880 sese
955 1858 1010 1881 res
1045 1848 1220 1881 humanae
1251 1848 1430 1891 haberent,

45 1912 192 1945 neque
223 1901 323 1935 aliud
354 1903 423 1936 alio
457 1903 569 1946 ferri,
606 1915 754 1947 noque
786 1904 918 1938 mutari
951 1905 1068 1937 omnia
1112 1915 1276 1940 cerneres.
1318 1907 1432 1949 xl‚3.

48 1959 205 1992 avaritia
237 1969 371 2003 semper
405 1960 563 2002 infinita,
605 1960 812 1994 insatiabilis
845 1967 919 2002 cst,
961 1972 1105 2005 neque
1141 1962 1262 2005 copia,
1292 1975 1437 2007 neque

55 2014 172 2058 inopia
194 2017 372 2052 minuitur.
419 2016 613 2059 Lvn1,10.
637 2017 759 2051 cadem
783 2019 845 2052 illa
871 2019 1018 2052 advorsa
1033 2020 1138 2062 fient,
1162 2031 1304 2063 neque
1327 2021 1432 2062 locus,

45 2081 154 2113 neque
194 2073 324 2105 amicus
355 2074 534 2118 quisquam
565 2079 686 2118 teget,
731 2087 831 2119 quem
876 2087 978 2109 arma
1021 2088 1089 2109 non
1135 2078 1294 2111 texerint.
1350 2077 1431 2121 lug.

46 2127 172 2169 XXIV,
190 2128 223 2162 3.
256 2122 363 2163 αντῆἰε
387 2132 540 2165 obsessus
569 2137 705 2172 teneor,
736 2144 847 2175 neque
868 2123 965 2166 'mihi
989 2133 1158 2177 Micipsae
1189 2134 1305 2177 patris
1329 2134 1433 2170 benc-

39 2185 146 2227 ficia,
169 2195 278 2229 neque
300 2193 418 2220 vostra
443 2189 582 2222 decreta
607 2189 834 2222 auxiliantur.
882 2191 1072 2233 l‘crperam
1098 2190 1209 2234 igitur
1230 2191 1434 2236 Herzogius

45 2253 154 2285 neque
179 2254 354 2287 —1ncque
377 2244 446 2277 sibi
467 2245 675 2288 respondere
699 2257 850 2288 censens,
873 2247 967 2289 prius
991 2258 1054 2291 pro
1079 2259 1120 2280 ac
1143 2259 1251 2292 neque
1275 2250 1432 2293 posittuzn

45 2299 183 2340 statuit,
213 2301 402 2334 vernacula
433 2301 676 2345 interpretatus
700 2303 772 2335 und
797 2305 1035 2350 ebcnsowenig
1059 2305 1132 2338 sive
1157 2317 1193 2338 so
1215 2307 1279 2340 wie
1303 2318 1432 2353 umge-

46 2356 146 2389 kehrt
169 2357 275 2390 nicht.
332 2358 463 2401 Quodsi
497 2358 563 2392 isto
596 2360 700 2392 modo
730 2361 920 2394 sententiae
952 2362 1196 2405 cohaererent,
1234 2365 1432 2398 necessario

43 2413 266 2447 scribendum
298 2414 438 2449 fuisset:
470 2417 577 2449 verba
610 2427 719 2460 neque
751 2416 837 2451 viris
867 2418 1035 2452 virtutem
1065 2420 1211 2461 addere,
1243 2432 1352 2466 neque
1389 2434 1431 2455 ex

44 2469 174 2515 ignavo
197 2465 374 2505 strenuum
399 2477 460 2505 aut
484 2474 612 2506 fortem
646 2485 688 2506 ex
713 2474 835 2507 timido
859 2476 1049 2510 exercitum
1083 2477 1241 2512 oratione
1275 2478 1429 2522 impera-

45 2527 130 2561 toris
152 2528 248 2568 fieri3
274 2529 318 2561 cf.
343 2541 371 2562 c.
392 2530 450 2572 IV,
471 2531 504 2563 1.
543 2531 645 2574 Quod
669 2536 782 2565 autem
795 2532 994 2578 Herzogius
1012 2533 1199 2568 Catilinam
1222 2535 1290 2568 sibi
1313 2536 1427 2579 ipsum

44 2586 281 2619 contradicere
304 2586 365 2627 ait,
381 2587 410 2620 si
434 2587 541 2622 verba
564 2589 610 2622 ad
633 2588 799 2623 virtutem
824 2590 1041 2625 excitandam
1065 2593 1156 2625 nihil
1180 2593 1298 2626 valere
1321 2593 1426 2636 dicat,

45 2645 80 2675 et
102 2646 219 2677 tamen
243 2655 322 2677 suos
345 2644 389 2677 ad
414 2643 620 2678 audiendam
645 2646 838 2681 orationem
856 2648 1015 2691 advocet,
1039 2649 1075 2682 id
1098 2649 1202 2683 nihili
1226 2654 1288 2684 est.
1335 2651 1426 2685 Nam

45 2699 197 2735 Catilina
227 2700 304 2745 ipse
338 2701 407 2736 hoc
443 2700 550 2735 obiici
577 2713 679 2746 posse
710 2705 877 2748 sentiens,
910 2708 942 2747 §-
966 2706 1001 2742 3.
1032 2707 1094 2742 scd
1119 2717 1185 2752 ego
1207 2717 1279 2751 vos,
1303 2707 1426 2751 inquit,
