1630 3034
434 152 800 196 IUGURTHA.
861 152 992 195 CAP.
1022 151 1121 194 XII.
1424 158 1479 197 61

93 274 222 330 Quae
256 271 331 317 ubi
362 270 528 315 tardius
568 268 820 329 procedunt
848 284 993 327 neque
1026 269 1386 313 lenitursanimus
1412 269 1520 313 fe-9

92 385 198 426 rox,
230 369 378 413 statuit
407 366 562 426 quovis
596 364 734 408 modo
770 365 997 424 inceptum
1032 365 1266 425 perficere.

229 465 332 510 xil.
404 464 556 507 Primo
587 467 832 516 conventu,
870 475 1005 519 quem
1036 461 1093 504 ab
1115 463 1280 523 regulis
1312 463 1480 507 factum

93 578 229 622 supra
262 559 528 613 memoravi,
564 563 752 618 propter
787 556 1106 601 dissensionem
1140 560 1374 618 placuerat
1410 560 1479 603 di-

91 658 181 702 vidi
218 657 449 701 thesauros
481 655 668 713 finisque
700 653 860 713 imperi
886 653 1070 714 singulis
1101 656 1314 702 constitui.
1385 656 1470 699 lta·
1489 664 1514 702 2

89 847 207 891 paullo
232 843 434 879 insolentior
450 843 595 884 evadat,
620 852 727 886 quam
743 841 771 875 si
789 842 885 876 solus
910 844 1018 878 ablat.
1039 843 1168 888 positus
1193 843 1322 879 fuisset.
1369 846 1422 879 De
1446 845 1480 879 vi

89 912 124 942 et
148 920 212 941 usu
237 906 335 941 vocis
363 905 500 938 animus
521 914 555 937 v,
572 903 616 937 ad
642 915 673 938 e.
690 903 852 944 XXXIX,
868 900 902 936 5.

183 983 259 1016 ΧΠ,
307 984 340 1024 ς.
367 981 397 1013 l.
448 979 491 1013 ab
511 978 656 1023 regulis]
681 980 814 1024 Reguli
828 980 864 1013 h.
887 979 913 1013 l.
933 982 973 1013 ut
990 991 1020 1013 c.
1037 979 1097 1023 xl,
1113 979 1147 1016 2.
1171 990 1239 1013 non
1261 979 1422 1015 dicuntur
1435 982 1481 1015 ob

89 1043 322 1083 iuventutem,
348 1046 385 1074 ut
409 1040 620 1073 Gerlachius
645 1045 764 1083 putat,
788 1041 846 1074 sed
871 1040 937 1074 isto
955 1041 1126 1074 vocabulo
1151 1040 1264 1083 potius
1280 1041 1480 1085 significau-

88 1109 145 1137 tur
165 1104 238 1147 filii
261 1103 366 1147 regis,
385 1101 442 1133 vel
461 1100 592 1133 iustum
616 1099 804 1144 imperium
828 1101 979 1134 nondum
998 1101 1125 1144 adepti,
1146 1101 1202 1134 vel
1219 1102 1358 1136 omnino
1372 1114 1483 1147 parvo

89 1163 238 1207 imperio
263 1160 430 1206 praediti,
464 1161 586 1194 aetatis
611 1167 728 1194 tamen
751 1162 847 1195 nulla
869 1161 1002 1195 ratione
1027 1161 1161 1194 habita.
1187 1162 1232 1194 cf.
1258 1162 1376 1197 Tacit.
1395 1165 1480 1197 Anu.

89 1225 132 1265 11,
151 1225 210 1265 50,
234 1223 281 1257 in.
333 1222 474 1256 Auxilia
503 1221 667 1262 Cilicum,
693 1233 782 1266 quac
805 1223 963 1266 reguli
992 1222 1170 1257 miserant.
1196 1222 1269 1255 Liv.
1289 1223 1428 1266 xxl‚2‚
1445 1224 1479 1260 5.

89 1284 247 1328 hospitiis
270 1295 288 1316 r
303 1283 546 1328 egulornm
569 1292 643 1315 rem
670 1282 1003 1327 Karthaginiensem
1020 1283 1132 1316 aua-it.
1158 1283 1205 1316 id.
1230 1284 1371 1326 XXVII,
1390 1285 1423 1327 4,
1444 1286 1480 1320 9.

89 1345 202 1389 legati
225 1349 260 1378 ct
282 1344 369 1376 alios
400 1343 542 1384 Africae
576 1344 776 1387 regulos
809 1343 909 1376 adire
931 1343 1026 1376 iussi.
1052 1362 1095 1367 -—
1119 1343 1234 1376 Verba
1257 1356 1354 1388 quem
1381 1346 1425 1378 ab
1449 1358 1478 1379 r.

81 1407 117 1448 f.
142 1416 167 1437 s.
194 1403 383 1438 memoravi
406 1402 646 1444 Kunhardtus,
672 1406 793 1446 utpote
816 1413 837 1437 a
854 1403 954 1437 docta
973 1403 1131 1437 Sallustii
1154 1403 1327 1437 brevitate
1351 1405 1478 1450 aliena,

87 1465 223 1498 librarii
249 1476 353 1498 manu
377 1468 495 1496 assuta
519 1467 645 1496 censet.
672 1463 740 1496 Sed
759 1463 819 1507 qui
836 1463 921 1497 talia
942 1463 1026 1497 iacit
1046 1475 1169 1507 parum
1193 1463 1480 1509 novit'Crispum,

88 1524 248 1567 idemque
282 1534 405 1566 parum
443 1522 592 1567 diligens
618 1525 719 1558 codd.
748 1524 966 1559 existimator
990 1531 1051 1557 est.
1080 1543 1125 1549 —
1159 1524 1251 1557 Loca
1283 1527 1478 1570 propinqua

88 1585 234 1619 mirifice
265 1584 355 1617 idem
382 1583 610 1617 Kunhardtus
639 1585 805 1630 inteiligit
837 1586 994 1619 diversas
1031 1585 1125 1617 urbis
1158 1585 1316 1629 capitalis
1345 1593 1478 1631 partes,

89 1646 270 1679 Thirmida
294 1650 410 1678 autem
434 1656 502 1678 non
526 1645 663 1688 oppidi,
687 1646 746 1679 sed
769 1645 902 1680 lictoris
926 1657 1050 1680 nomen
1074 1656 1168 1687 esse,
1190 1656 1302 1689 eoque
1324 1647 1478 1682 scriben-

86 1706 168 1739 dum
198 1706 466 1739 'I'hirmidae
486 1708 582 1749 forte
606 1707 743 1749 civis,
786 1707 913 1750 quibus
948 1705 1169 1749 opinionibus
1198 1705 1255 1739 vix
1289 1709 1477 1751 quicquam

85 1765 312 1800 inconsultius
336 1766 486 1811 cogitari
511 1771 631 1811 potest.
678 1769 791 1801 Recte
816 1767 902 1801 vidit
926 1766 1080 1810 Langius
1104 1767 1245 1809 regulos
1270 1769 1377 1802 alium
1407 1771 1477 1803 alio

85 1827 287 1860 concessisse
319 1838 428 1870 quum
463 1828 508 1861 ob
552 1832 664 1862 ortam
698 1828 931 1868 simultatem,
972 1832 1046 1860 tum
1081 1826 1286 1868 suspicionis
1316 1829 1479 1863 vitandae

85 1898 227 1928 caussa,
253 1898 294 1920 ne
319 1887 417 1930 quis,
444 1889 616 1922 thesauris
640 1889 793 1922 nondum
816 1887 957 1932 divisis,
994 1888 1086 1921 clam
1110 1887 1251 1920 relicuis
1274 1889 1407 1933 aliquid
1433 1891 1477 1923 ad

84 1958 121 1980 se
150 1959 273 1990 rapere
306 1948 501 1988 videretur3
535 1959 736 1982 concessere
768 1954 887 1983 autem
921 1949 955 1982 in
982 1949 1055 1981 loca
1086 1949 1357 1993 propinqua
1382 1952 1475 1984 thc-

85 2009 263 2047 sauris‚
297 2012 335 2040 ut
367 2008 457 2041 alter
486 2009 637 2042 alterum
663 2011 848 2042 observare
872 2014 906 2042 et
936 2008 1008 2041 eins
1033 2008 1179 2041 consilia
1202 2010 1375 2052 speculari
1399 2023 1476 2054 pos-

83 2072 156 2108 set,
190 2067 317 2111 quippe
341 2079 464 2110 parum
487 2070 554 2103 sibi
585 2071 728 2103 fidentes
762 2074 795 2103 et
818 2070 977 2103 timentes
1001 2080 1043 2102 ne
1067 2073 1166 2112 parte
1190 2070 1356 2111 pecuniae
1379 2071 1476 2105 frau-

84 2127 258 2160 darentur.
307 2128 404 2161 Vana
436 2129 546 2173 igitur
580 2130 743 2163 annueri
774 2129 968 2171 sententia,
1001 2128 1061 2172 qui
1092 2129 1264 2162 thesauris
1288 2131 1333 2164 ab
1356 2130 1475 2176 inepto

83 2186 267 2230 interprete
290 2188 479 2231 ascriptum
506 2194 640 2231 censet3
665 2202 732 2223 non
759 2190 846 2224 vidit
869 2190 960 2223 enim
985 2190 1025 2222 V.
1049 2191 1091 2222 D.
1116 2189 1220 2222 totius
1245 2189 1314 2223 loci
1336 2202 1473 2225 sensum

83 2246 149 2280 isto
175 2248 345 2281 uocabulo
370 2248 454 2289 uiti,
487 2260 594 2292 quum
625 2251 805 2284 thesauros
836 2250 970 2295 regulis
994 2249 1215 2282 vehementer
1239 2261 1344 2283 curae
1367 2251 1474 2286 fuisse

83 2308 263 2341 ostendant
296 2309 403 2341 verba
437 2310 496 2353 sed
529 2312 760 2344 maturius
795 2311 843 2344 ad
870 2321 942 2354 pcc.
978 2311 1075 2344 distr.
1124 2309 1238 2344 Etiam
1265 2312 1397 2347 interea
1421 2313 1472 2347 ita

82 2367 213 2401 dietum
239 2372 310 2409 est,
336 2374 374 2401 ut
398 2375 563 2412 appareat
586 2372 728 2416 regulos
751 2382 926 2415 nunquam
960 2382 1027 2405 non
1052 2371 1095 2404 de
1117 2371 1265 2414 pecunia
1288 2374 1472 2418 cogitasse,

80 2429 170 2462 nihil
194 2429 370 2472 antiquius
405 2430 591 2472 habentes,
625 2431 691 2465 nisi
723 2436 763 2465 ut
793 2443 900 2475 quam
932 2431 1085 2475 primum
1110 2442 1173 2465 sua
1203 2432 1350 2476 quisque
1372 2438 1472 2477 parte

81 2489 261 2533 potiretur.
311 2490 411 2533 Quae
435 2502 540 2534 quum
567 2492 616 2526 ita
640 2492 725 2533 sint,
758 2503 826 2525 non
850 2503 936 2535 opus
961 2497 1012 2526 cst
1036 2497 1074 2526 ut
1097 2503 1307 2537 magnopere
1333 2494 1376 2528 de
1408 2506 1468 2539 op-

79 2552 162 2594 pido
198 2550 440 2584 Thirmida
474 2563 703 2595 quaeramus.
734 2553 822 2586 alias
856 2563 923 2586 non
958 2551 1120 2596 cognita3
1155 2564 1234 2586 nam
1266 2566 1374 2597 quum
1399 2556 1469 2589 hoc

81 2611 249 2654 oppidum
273 2622 314 2644 ex
342 2611 384 2644 iis
411 2612 495 2645 locis
515 2617 625 2649 esset.
651 2624 741 2656 quae
766 2614 939 2647 thesauris
960 2615 1233 2658 propinqua
1256 2621 1376 2655 erant,
1401 2627 1467 2649 non

80 2671 211 2703 mirum
236 2676 287 2704 est
310 2671 466 2716 ignobile
489 2673 617 2714 fuisse,
652 2673 908 2717 erraveritque,
939 2674 998 2718 qui
1030 2674 1094 2707 illa
1116 2675 1193 2708 loca
1226 2686 1372 2720 magnas
1395 2676 1467 2708 cla-

79 2741 208 2774 rasque
241 2732 345 2765 urbes
377 2743 451 2767 esse
478 2732 640 2768 voluerit.
689 2734 808 2776 Quare
838 2734 930 2777 quod
963 2734 1154 2770 Muellerus
1179 2735 1326 2779 conjecit
1347 2735 1466 2769 Sallu-
