1630 3034
118 211 203 251 126
485 204 528 246 C.
560 200 893 245 SALLUSTI
925 202 1150 246 CRISPI

122 324 385 381 decessere,
420 328 464 364 et
490 320 710 380 Iugurtha
739 326 892 364 eontra
920 320 1127 363 timorem
1154 318 1287 362 animi
1313 319 1513 378 praemia

123 418 300 464 sceleris
348 417 566 477 adeptum
596 432 694 461 sese
732 416 875 475 videt,
913 423 1084 461 certum
1117 422 1260 474 ratus,
1298 415 1426 474 quod
1459 430 1514 459 ex

126 516 277 561 amicis
321 514 445 575 apud
486 514 777 558 Numantiam
824 519 1088 573 acceperat,
1144 510 1294 556 omnia
1337 512 1516 556 Romae

123 613 296 659 venalia
342 627 462 667 esse,
509 611 639 655 simul
688 616 734 655 et
780 611 958 655 illorum
1001 609 1394 670 pollicitationibus
1437 620 1517 652 ac·-

120 790 380 835 Hamrmmpi,
425 789 546 823 multis
587 788 708 824 Guelf.
750 790 891 824 Fabric.
928 790 960 824 1.
997 791 1100 823 Rem.
1134 789 1168 823 2.
1200 789 1319 823 Struv.
1360 788 1444 822 Bas.
1483 786 1516 820 4.

122 855 247 890 Turio.
271 854 305 887 1.
330 852 363 885 3.
398 853 432 884 et
461 849 703 892 compluribus
733 851 825 884 Itall.
858 850 998 884 Relicui
1031 851 1162 884 liabent
1189 851 1394 891 discessere,
1426 847 1519 891 quod

123 915 263 951 eortius
287 911 431 956 recepit.
482 910 695 944 Gen-lachius
719 911 755 944 in
779 915 878 945 textu
911 911 1051 955 quidem
1085 912 1259 944 decessere
1294 909 1425 949 edidit,
1459 907 1518 941 sed

122 977 173 1012 ita
197 975 345 1015 titubat,
370 975 409 1005 ut
432 970 469 1005 in
492 965 701 1005 Commentt.
726 984 760 1015 p.
785 971 867 1005 246.
892 983 962 1015 qua
986 972 1021 1005 in
1046 984 1085 1005 re
1108 972 1198 1004 haec
1220 971 1332 1004 verba
1356 969 1520 1003 differant

121 1050 159 1073 se
182 1039 308 1071 docere
329 1045 399 1068 non
423 1043 525 1076 posse
547 1032 774 1075 profiteatur,
800 1033 894 1075 quod
917 1044 1020 1066 nemo
1045 1032 1255 1073 mirabitur,
1279 1030 1339 1074 qui
1363 1030 1447 1073 quid
1462 1030 1522 1063 ille

123 1099 166 1132 de
189 1097 225 1131 vi
251 1098 294 1131 de
318 1099 352 1128 et
377 1095 430 1128 dis
453 1093 661 1127 vocularum
687 1096 816 1127 statuat
839 1093 1071 1136 recordatum
1106 1105 1141 1127 v.
1165 1103 1273 1137 supra
1295 1091 1340 1126 ad
1367 1092 1403 1132 l,
1427 1090 1462 1124 4.
1486 1093 1521 1124 et

123 1158 240 1194 1111111ἰὶ
269 1156 410 1191 Annali.
443 1153 569 1197 philol.
601 1157 636 1187 et
665 1154 814 1198 paedag.
849 1165 881 1188 a.
915 1154 1018 1188 1829.
1043 1155 1121 1189 Vol.
1145 1153 1190 1187 ΙΙ.
1215 1153 1320 1186 Fasc.
1345 1151 1378 1187 1.
1404 1163 1439 1195 p.
1462 1150 1521 1186 64.

122 1221 162 1255 Si
186 1219 269 1264 quid
293 1218 388 1251 valet
408 1215 520 1258 ratio,
548 1225 660 1258 eaque
682 1214 795 1247 nitens
827 1215 991 1259 loquendi
1023 1227 1126 1256 usus,
1158 1224 1227 1247 non
1256 1212 1353 1247 aliud
1384 1209 1523 1254 scripsit

124 1285 249 1316 auctor
272 1289 379 1323 quam
403 1277 592 1310 decessere.
638 1274 729 1310 Nam
753 1287 818 1319 pro
841 1275 1011 1319 peculiari
1034 1276 1078 1309 dc
1102 1278 1136 1308 et
1168 1275 1222 1308 dis
1255 1283 1385 1306 vocum
1417 1276 1520 1316 pote-

123 1346 213 1377 state
237 1339 412 1375 discedere
436 1342 489 1371 est
511 1337 548 1371 in
582 1338 704 1371 varias
734 1341 856 1381 partes
887 1337 1006 1377 abire,
1030 1337 1087 1369 vel
1112 1335 1253 1369 omnino
1279 1335 1388 1368 alium
1413 1334 1524 1367 locum

123 1409 265 1448 petere,
295 1401 348 1434 ita
377 1402 416 1432 ut
447 1400 624 1433 mutati
659 1398 725 1432 loci
759 1397 858 1431 notio
889 1397 1117 1441 praemineat.
1149 1397 1194 1429 cf.
1228 1407 1259 1429 c.
1285 1394 1393 1436 xm,
1418 1393 1452 1427 1.
1478 1394 1524 1427 in

126 1465 237 1498 duas
258 1461 415 1506 partis
441 1460 693 1494 discedunt
717 1459 906 1493 Numidae.
933 1458 1103 1500 XXVIII,
1127 1458 1163 1492 3.
1193 1456 1370 1490 Numidae
1384 1455 1526 1498 insectis

125 1524 228 1558 rebus
251 1523 427 1556 domum
452 1521 717 1555 discedunt.
752 1519 847 1560 LIV,
883 1519 917 1553 4.
954 1521 1132 1554 Numidae
1165 1529 1248 1563 quo
1285 1517 1524 1560 cuiusque

123 1585 306 1618 animus
330 1582 449 1625 fert,
476 1593 514 1614 eo
540 1581 809 1615 discedunt.
834 1579 920 1616 ibid.
944 1584 976 1623 ἓ.
1001 1581 1059 1613 10.
1087 1580 1266 1614 Numidae
1286 1578 1324 1611 in
1340 1587 1525 1622 proxumos

124 1645 220 1679 collis
245 1642 514 1677 discedunt.
539 1642 634 1682 LVI,
659 1641 694 1674 6.
719 1642 846 1674 milites
868 1641 1069 1685 Iugurthini
1097 1640 1221 1684 paucis
1247 1639 1382 1672 amissis
1413 1648 1524 1681 pro-

117 1706 230 1751 fugi
263 1703 520 1738 discedunt.
570 1701 653 1734 Inde
676 1704 773 1745 patet
797 1713 860 1735 cur
887 1701 1024 1734 dicatur
1054 1699 1299 1734 discedere
1335 1698 1378 1731 ab
1403 1698 1524 1738 armis,

125 1766 202 1800 Cat.
238 1763 404 1805 xxxw,
439 1763 473 1796 1.
508 1763 682 1803 xxxvl,
715 1762 751 1796 2.
784 1763 862 1807 lug.
896 1761 1004 1803 xm,
1029 1760 1086 1802 4.,
1112 1760 1359 1794 discedere
1382 1760 1524 1798 victum,

125 1826 169 1859 de
202 1835 271 1868 quo
304 1834 340 1859 v.
374 1823 419 1856 ad
453 1823 527 1857 Cat.
562 1823 696 1864 xmx,
728 1823 783 1866 2.,
819 1823 1072 1856 discedere
1105 1822 1141 1854 in
1172 1821 1407 1861 sententiam,
1432 1819 1525 1863 quod

125 1886 306 1931 tetigimus
336 1884 381 1917 ad
415 1884 490 1917 Cat.
528 1883 568 1925 L,
600 1883 634 1917 4.
669 1884 797 1917 Contra
830 1884 995 1917 decedere
1020 1881 1199 1926 significat
1221 1882 1399 1915 relicto
1424 1891 1526 1925 quem

125 1947 202 1992 quis
236 1945 392 1980 tenuit
425 1946 517 1978 loco
552 1945 671 1985 abir-03
707 1955 815 1987 quare
848 1943 990 1987 proprie
1024 1944 1066 1976 dc
1091 1942 1359 1987 magistratibus
1383 1941 1524 1983 dicitur,

125 2008 186 2052 qui
220 2005 438 2051 provinciam
470 2004 688 2047 relinquunt,
721 2004 766 2038 cf.
800 2006 1067 2038 Drakenborch.
1098 2004 1141 2037 ad
1169 2003 1245 2037 Liv.
1275 2002 1444 2043 xxvlll,
1466 2001 1526 2044 28,

124 2069 159 2105 7.
187 2073 220 2102 et
248 2068 290 2102 ad
315 2067 453 2107 xxix,
479 2065 549 2107 20,
575 2065 608 2099 5.
634 2066 787 2111 Herzog.
812 2067 856 2099 ad
874 2067 971 2099 Caes.
990 2066 1033 2099 B.
1052 2065 1094 2099 G.
1112 2065 1188 2097 vn!
1204 2089 1212 2104 ‚
1237 2063 1300 2106 49,
1327 2062 1374 2096 in.
1392 2062 1525 2096 Bremi-

125 2127 170 2160 ad
194 2127 279 2170 Nep.
304 2125 410 2159 Attic.
434 2138 463 2160 c.
491 2127 556 2170 lx',
583 2126 615 2160 1.
641 2127 824 2161 Dachnius
848 2128 892 2161 nd
919 2127 1028 2161 eiusd.
1055 2127 1131 2159 Cat.
1158 2125 1196 2166 1,
1220 2124 1253 2158 4.
1277 2125 1455 2159 Kuchner.
1480 2123 1527 2158 ad

125 2187 198 2222 Cic.
230 2187 359 2219 Tusce.
395 2187 449 2229 11,
482 2187 549 2225 25,
575 2187 632 2221 (51.
658 2188 809 2221 Ellendt.
836 2188 880 2221 ad
904 2188 1005 2222 Brut.
1032 2199 1063 2220 c.
1088 2185 1124 2228 l,
1150 2184 1183 2219 1.
1209 2185 1392 2219 Consimili
1414 2184 1527 2230 signi-

126 2247 288 2282 ficatione
320 2249 363 2281 do
399 2258 440 2280 eo
477 2247 623 2290 dicitur,
655 2247 715 2291 qui
741 2248 881 2290 locum,
908 2249 966 2281 ubi
986 2249 1116 2282 diutius
1133 2247 1269 2281 versari·
1288 2247 1446 2288 volebat,
1470 2257 1526 2279 re-

130 2307 287 2349 linquere
313 2306 461 2341 iubetur.
489 2307 577 2341 Sall.
603 2308 680 2352 lug.
706 2310 864 2351 XXUll,
892 2309 926 2344 2.
951 2309 1150 2350 decrevere,
1178 2309 1230 2341 nti
1256 2307 1370 2352 legati
1392 2307 1428 2341 in
1451 2306 1527 2340 die-

130 2366 192 2399 bus
225 2368 400 2410 proxumis
434 2369 551 2401 decem
587 2369 695 2402 Italia
728 2370 1023 2404 decederent.
1057 2369 1206 2409 XXXV,
1243 2367 1275 2401 8.
1309 2368 1383 2413 ipsc
1406 2366 1529 2411 paucis

129 2427 248 2460 diebus
278 2432 454 2470 profectus
488 2435 561 2470 cst,
588 2431 698 2464 iussus
727 2432 769 2463 ab
792 2437 916 2465 senatu
938 2431 1046 2464 Italia
1071 2430 1303 2464 decedere.
1332 2426 1525 2469 XXXVHI,

128 2487 163 2523 9.
213 2488 262 2520 Ex
299 2489 441 2531 propria
466 2495 637 2533 potestate
673 2492 774 2525 fluxit
806 2492 994 2525 translatus
1025 2501 1126 2533 usus,
1159 2501 1229 2533 quo
1264 2489 1306 2521 de
1329 2486 1526 2521 omittendis

129 2547 173 2581 iia
197 2548 300 2581 relius
324 2555 512 2593 usurpatur
528 2576 538 2592 ‚
564 2562 654 2594 quae
678 2553 808 2586 tuenda
832 2557 867 2585 et
892 2551 1073 2585 retinenda
1097 2556 1198 2591 sunt,
1232 2547 1525 2592 quemadmodum

130 2609 254 2642 (tieem
278 2609 364 2642 dixit
390 2610 422 2642 in
454 2612 550 2644 Vei-r.
577 2613 629 2652 ΙΙ,
658 2613 724 2653 17,
747 2612 803 2646 43.
829 2613 870 2646 dc
895 2614 966 2646 suis
992 2613 1122 2646 bonis
1152 2612 1306 2645 omnibus
1330 2607 1526 2643 decede-

131 2680 195 2707 re,
229 2675 289 2703 :int
326 2671 401 2704 Liv.
440 2672 509 2709 lll,
542 2671 611 2711 33,
646 2673 701 2708 lo.
737 2674 1018 2717 decessitque
1057 2675 1155 2707 iure
1179 2683 1259 2713 suo,
1284 2669 1343 2704 nbi
1368 2669 1525 2703 Draken-

132 2731 299 2764 liorrlxius
326 2732 427 2774 plura
454 2732 557 2765 liuius
581 2735 719 2774 gout-ris
751 2735 909 2777 vwmpln
943 2733 1071 2768 nuum.
1122 2733 1215 2765 Huic
1246 2730 1322 2765 usui
1356 2735 1526 2771 cognatus

132 2797 183 2825 est
215 2792 264 2827 is}
288 2804 357 2834 quo
389 2792 505 2826 Latini
540 2792 608 2825 hm:
635 2795 780 2827 verbum
805 2799 956 2838 ponunt,
993 2799 1030 2827 ut
1055 2793 1251 2838 significent
1280 2791 1433 2833 aliquem
1458 2801 1526 2824 non
