1630 3034
479 194 842 237 IUGURTHA.
902 193 1030 236 CAP.
1059 193 1134 234 ΠΙ.
1452 197 1505 236 13

253 312 330 357 ΙΙΙ.
400 312 567 356 Verum
603 326 659 355 ex
691 309 761 354 his
793 309 1074 369 magistratus
1105 315 1148 353 et
1174 309 1381 369 imperia,
1415 326 1505 370 po-

117 417 281 455 stremo
329 409 470 453 omnis
516 423 623 453 cura
667 422 818 451 rerum
851 406 1130 470 publicarum
1165 407 1360 451 minume
1396 407 1504 451 mibi

115 507 204 551 hac
247 511 514 566 tempestate
560 501 788 564 cupiunda
829 501 1056 560 videntur,
1103 502 1314 562 quoniam
1357 519 1506 562 neque

116 661 226 695 neque
257 662 363 684 mann
390 650 591 695 priorem
621 648 764 683 alium
794 648 885 693 pati.
931 646 1010 682 Liv.
1033 647 1061 689 l,
1081 645 1140 688 24,
1164 647 1197 681 1.
1229 659 1292 682 nec
1311 650 1426 692 ferme
1452 659 1507 682 res

119 712 266 756 antiqua
303 712 405 745 alia
440 716 492 745 est
530 710 746 744 nobilior.
796 709 911 743 Tacit.
942 709 1079 743 Annali.
1110 709 1168 751 vl,
1199 708 1233 749 7,
1261 698 1310 744 in.
1343 722 1408 754 quo
1441 721 1510 742 non

117 772 247 805 aliud
273 773 297 805 h
311 773 522 815 onorific
536 783 587 805 en
601 772 699 806 tius
735 770 857 804 Cottae
876 769 1000 804 evenit.
1049 768 1134 804 ibid.
1151 780 1180 802 c.
1199 769 1255 803 24.
1275 770 1321 804 in.
1357 783 1422 815 quo
1443 782 1511 803 non

118 833 248 866 aliud
276 833 490 866 atrocius
517 833 639 865 visum.
666 849 710 855 —
737 832 873 865 Inculta
897 829 983 864 dixit
1007 829 1114 862 etiam
1139 830 1215 863 Cat.
1231 830 1348 870 1534.
1372 830 1511 864 Cottius

116 897 295 936 praeterea
307 891 524 936 comparavit
535 892 612 936 lug.
625 891 830 934 xxxlx,3.
851 903 912 925 suo
927 897 1031 935 atque
1041 891 1161 935 populi
1183 891 1246 924 ini
1257 902 1327 924 uss
1338 903 1371 924 u.
1392 892 1510 925 Plaut.

116 953 271 989 Mostell.
283 954 308 994 1,
323 953 356 996 2,
369 952 426 987 65.
453 964 518 997 ego
539 963 615 985 sum
639 952 771 986 inrisu
787 955 908 995 factus
924 953 1029 985 nimio
1045 952 1199 996 nequior.
1223 952 1419 985 Trinumm.
1439 952 1511 994 1,·Ξ,

117 1012 199 1047 130.
225 1014 325 1047 inco
337 1015 494 1048 nsultu
516 1025 603 1046 meo.
628 1024 662 1046 v.
678 1014 784 1047 etiam
803 1014 905 1047 conr.
918 1015 1022 1057 Leop.
1035 1012 1241 1048 Schneideri
1261 1013 1418 1046 Graium.
1434 1014 1511 1046 Lat.

117 1073 205 1115 11‚1.
226 1085 259 1117 p.
273 1073 396 1107 fizd.
410 1088 444 1108 α.
469 1094 514 1098 -
542 1075 653 1116 Quum
669 1076 874 1117 praesertim
893 1079 1032 1118 propter
1048 1075 1236 1108 verborum
1256 1073 1411 1107 ordinem
1432 1073 1513 1107 teti-

119 1132 236 1178 gimus
251 1134 292 1167 ad
307 1134 407 1168 Catil.
422 1146 452 1167 c.
467 1135 524 1175 LI,
535 1135 590 1167 19.
616 1135 796 1178 Exemplis
810 1135 858 1167 ibi
877 1135 1027 1168 laudatis
1045 1135 1103 1168 hic
1117 1135 1277 1168 addimus
1295 1147 1384 1177 quae
1395 1136 1514 1169 Faber

119 1193 257 1235 attulit,
281 1193 354 1227 Cic.
374 1194 466 1227 Phil.
482 1195 524 1236 11,
535 1194 592 1236 29,
606 1194 663 1228 71..
683 1195 725 1227 de
743 1194 814 1228 Off.
829 1196 872 1235 Π,
886 1196 941 1238 16,
955 1195 1012 1230 56.
1035 1197 1180 1238 Liv.111‚
1194 1197 1251 1235 52,
1261 1195 1295 1229 9.
1322 1196 1389 1238 [Cf.
1403 1195 1512 1229 Orell.

119 1254 165 1287 ad
175 1254 248 1288 Cic.
258 1254 356 1288 Orat.
366 1266 399 1297 p.
414 1255 633 1288 26.e‹1.min.
651 1255 732 1298 Fa]
752 1275 798 1279 —
816 1256 994 1291 Clariludo
1011 1270 1071 1291 cur
1091 1257 1281 1292 Sallustius
1303 1257 1418 1288 dicore
1435 1266 1513 1289 ma-

119 1315 244 1356 luerit,
270 1326 375 1359 quam
392 1315 556 1358 claritas,
581 1315 799 1359 intelligetur
817 1328 858 1350 ex
876 1318 1002 1352 notatis
1024 1319 1067 1352 ad
1091 1319 1193 1352 Catil.
1214 1331 1243 1353 c.
1267 1317 1375 1359 XVII,
1396 1316 1429 1350 2.

210 1377 270 1410 Ill.
318 1379 350 1418 §.
374 1376 408 1409 1.
457 1377 687 1420 magistratus
720 1382 754 1410 et
785 1377 954 1422 imperia]
988 1380 1211 1421 Quamquam
1231 1379 1320 1411 haec
1337 1378 1515 1411 vocabula

120 1448 223 1480 saepe
242 1436 442 1480 promiscue
465 1435 514 1470 ita
532 1441 763 1478 usurpantur,
787 1441 826 1472 ut
847 1439 882 1471 in
907 1439 1108 1471 universum
1134 1438 1270 1471 maiora
1296 1437 1515 1481 reipublicae

121 1496 414 1531 administrandae
429 1507 574 1530 munera.
594 1496 809 1541 significent,
835 1499 985 1532 multum
1004 1503 1121 1533 tamen
1139 1498 1229 1532 inter
1244 1501 1429 1541 utrumque
1454 1498 1514 1530 in-

120 1561 236 1592 terest.
281 1559 333 1591 Ac
350 1557 582 1600 magistratus
600 1557 740 1600 quidem
758 1559 842 1592 satis
864 1563 985 1593 notum
1001 1564 1052 1593 est
1071 1558 1222 1603 intelligi
1238 1569 1386 1592 munera
1406 1558 1517 1592 dicta-

120 1622 256 1661 torum,
281 1617 483 1658 consulum,
507 1622 733 1660 praetorum,
757 1632 960 1662 censorum,
986 1620 1044 1664 qui
1072 1620 1179 1654 'etiam
1206 1620 1354 1653 maiores
1378 1630 1515 1653 vocan-

120 1683 197 1720 tur,
220 1677 372 1713 comitiis
389 1678 610 1719 centuriatis,
636 1683 772 1721 praeter
790 1680 998 1722 dictatores,
1023 1680 1140 1716 creati.
1187 1681 1411 1724 Imperiorum
1444 1680 1514 1713 duo

120 1751 252 1785 genera
277 1744 376 1780 sunt,
411 1739 511 1772 civile
535 1740 707 1781 alterum,
742 1741 890 1774 alterurn
919 1742 1082 1776 militare.
1128 1741 1218 1775 Illud
1240 1741 1418 1774 constabat
1438 1740 1516 1774 iure

120 1800 294 1843 edicendi,
316 1800 570 1842 prehendendi,
591 1800 908 1841 animadvertendi,
931 1800 1128 1843 coercendi,
1154 1800 1188 1834 in
1206 1802 1385 1844 provincia
1402 1801 1516 1835 securi

121 1861 289 1904 feriendi,
315 1859 526 1903 omninoque
556 1871 677 1894 earum
709 1873 828 1895 rerum
861 1866 1049 1905 potestate,
1075 1873 1165 1904 quae
1194 1874 1258 1906 pro
1280 1863 1434 1897 muneris
1456 1874 1516 1897 ra-

122 1921 216 1956 tione
240 1921 399 1966 agendae
422 1925 551 1963 essent,
577 1933 618 1955 ac
639 1922 743 1956 simul
760 1934 839 1955 cum
858 1923 934 1966 ipso
954 1923 1181 1968 magistratus
1202 1923 1335 1956 honore
1353 1924 1514 1957 dabatur.

122 1982 202 2016 Hoc
217 1993 302 2015 vero
321 1982 516 2024 pertinebat
534 1983 578 2016 ad
600 1987 805 2026 potestatem
828 1984 910 2017 belli
933 1984 1097 2029 gerendi,
1122 1995 1211 2027 quae
1231 1984 1324 2017 facto
1347 1983 1417 2016 iam
1438 1994 1516 2016 ma—

123 2042 288 2087 gistratui
311 2042 391 2086 lege
427 2043 566 2076 curiata
598 2043 809 2084 addebatur,
841 2056 945 2087 quam
969 2045 1082 2088 legem
1108 2044 1167 2086 qui
1194 2055 1262 2076 non
1282 2045 1446 2084 haberet,
1482 2044 1517 2077 ei

124 2113 193 2136 non
211 2102 341 2136 licebat
357 2113 432 2136 rem
451 2103 640 2135 militarem
659 2103 851 2147 attingere3
885 2116 918 2138 v.
937 2105 1010 2138 Cic.
1030 2105 1072 2137 de
1092 2105 1170 2148 lege
1188 2114 1304 2147 agrar.
1327 2103 1370 2143 ΙΙ,
1390 2103 1515 2142 12‚30.

123 2163 204 2196 Hoc
222 2162 331 2206 igitur
349 2162 502 2195 militare
522 2162 709 2205 imperium
729 2175 836 2206 quum
859 2170 947 2198 esset
969 2164 1121 2198 accessio
1141 2168 1176 2197 et
1192 2162 1322 2197 additio
1341 2164 1384 2197 ad
1402 2161 1518 2207 magi-

125 2225 294 2262 stratum,
320 2222 381 2264 qui
409 2222 444 2254 id
469 2223 609 2256 tenebat
634 2223 816 2257 dicebatur
840 2236 935 2258 cum
963 2226 1106 2268 imperio
1135 2236 1228 2264 esse,·
1251 2223 1338 2257 iuud
1365 2224 1518 2257 alterum

125 2281 187 2325 qui
206 2281 381 2322 habebat,
416 2282 499 2325 quia.
526 2294 607 2316 cum
626 2283 700 2327 ipso
718 2294 861 2317 nmnere
887 2289 962 2318 erat
989 2285 1232 2326 coniunctum,
1264 2284 1442 2317 dicebatur
1470 2285 1518 2318 in

126 2343 270 2386 irnperio
297 2353 389 2382 esse,
413 2353 624 2385 quamquam
653 2344 741 2376 haec
759 2343 933 2377 interdum
954 2356 1021 2377 non
1039 2350 1202 2378 accurate
1224 2345 1406 2378 observata
1427 2350 1517 2379 sunt.

126 2402 228 2437 Patet
257 2401 387 2446 igitur,
421 2402 481 2434 ubi
508 2402 712 2445 simpliciter
738 2405 874 2448 imperii
904 2404 1034 2438 mentio
1068 2405 1149 2445 fiat,
1188 2416 1255 2438 non
1273 2416 1372 2448 posse
1390 2406 1519 2448 ubique

127 2462 291 2507 cognosci
322 2467 437 2496 utrum
463 2474 573 2507 genus
601 2463 842 2508 intelligatur3
874 2466 935 2499 ubi
956 2475 1039 2498 vero
1059 2465 1206 2508 imperia
1227 2477 1268 2498 ac
1287 2467 1518 2511 magistratus

127 2522 234 2557 simul
260 2526 515 2565 memorentur,
540 2526 579 2557 ut
604 2525 692 2567 apud
721 2525 790 2559 Cic.
818 2526 860 2559 de
885 2526 955 2560 Off.
976 2525 1005 2564 I,
1035 2524 1090 2567 21,
1109 2524 1166 2558 71.
1204 2526 1300 2562 Lael.
1320 2539 1349 2562 c.
1371 2527 1426 2566 17,
1448 2526 1517 2567 63„

128 2594 267 2627 semper
294 2583 430 2626 imperii
454 2585 628 2618 vocabulo
654 2597 771 2619 rerum
802 2586 961 2620 civilium
991 2596 1033 2618 ac
1061 2585 1267 2619 militarium
1297 2586 1519 2621 coniunctam

129 2646 332 2686 potestatem
366 2643 570 2687 significari.
618 2645 663 2677 cf.
695 2646 738 2678 de
769 2650 842 2680 tota
868 2657 907 2679 re
935 2646 1086 2679 Ernestii
1118 2647 1215 2680 clav,
1236 2647 1308 2680 Cic.
1329 2657 1365 2679 ν.
1384 2648 1518 2690 impcr.‚

130 2704 231 2736 Ferd.
256 2703 458 2737 Schulzium
479 2704 522 2738 de
541 2705 700 2738 Comitii÷
719 2705 823 2738 Rom.
843 2717 875 2749 p.
897 2705 998 2747 2¹87„
1030 2706 1194 2739 Ilcinecci
1214 2707 1353 2750 Antiqq.
1373 2708 1516 2741 Romm.

130 2763 190 2805 lv,
210 2763 245 2807 6,
263 2763 297 2798 5.
315 2776 350 2809 p.
370 2764 452 2799 660.
473 2765 526 2799 ed.
548 2765 742 2809 llaub01d.,
768 2765 890 2811 Sigon.
909 2766 953 2801 ad
972 2766 1047 2802 Liv.
1067 2767 1223 2810 xxvlu,
1246 2766 1305 2808 38,
1322 2767 1356 2800 4.
1380 2786 1425 2792 —
1452 2767 1518 2802 Po-
