1630 3034
381 171 737 216 IUGURTHA.
797 172 931 216 CAP.
961 173 1081 215 XVI.
1369 180 1426 219 99

37 288 275 333 Numidiae
323 289 649 334 Mauretaniam
685 288 881 349 attingit,
928 305 1041 350 agro
1077 289 1268 349 virisque
1303 306 1420 352 opu-

35 451 181 486 ablativi
205 454 377 495 potestate
402 451 534 486 nititur.
570 451 661 486 Nam
685 463 792 495 quum
817 454 911 486 sexto
936 463 1019 486 casu
1043 451 1184 485 omnino
1208 452 1423 497 significetur

34 512 70 546 id
85 539 94 554 ,
117 525 179 556 per
203 513 294 556 quod
318 512 449 555 aliquid
483 514 522 548 fit
545 517 605 548 aut
629 513 699 546 tale
722 511 858 555 evadit,
891 513 995 555 quale
1029 513 1179 547 habetur
1214 514 1277 557 (cf.
1302 519 1422 550 notata

34 572 79 606 ad
104 574 216 615 XXX,
231 573 309 617 3.)‚
344 572 491 607 ablativi
525 576 605 618 post
639 572 916 618 comparativum
939 584 981 606 ea
1004 573 1057 606 vis
1080 576 1149 615 est,
1187 577 1225 608 ut
1249 577 1421 611 contineat

33 632 91 674 id,
114 644 178 677 per
201 633 316 676 quod,
338 633 414 666 sive
437 633 537 667 cuius
561 637 718 678 respectu
743 633 839 668 aliud
863 634 1003 667 eminet.
1051 634 1274 677 Quamquam
1297 635 1420 680 igitur,

33 697 72 728 ut
94 694 164 727 hoc
186 699 283 737 utar,
307 705 432 727 aurum
453 695 694 739 praestantius
719 699 770 729 est
793 698 992 739 argento
1015 705 1117 727 sensu
1132 693 1225 729 idem
1242 699 1293 729 est
1316 700 1422 740 atque

33 765 110 787 aur.
145 764 200 798 pr.
234 758 285 788 est
318 765 449 798 quam
485 760 756 800 argeutum,
784 757 903 789 tamen
933 755 1044 789 multo
1078 754 1182 789 aliter
1215 757 1420 801 cogitatum

30 824 114 847 nam
138 813 294 848 ablativo
318 814 458 858 proprio
479 815 548 849 hoc
571 815 720 858 dicitur,
759 826 841 860 per
863 815 1062 860 argenti
1090 820 1311 852 naturam
1328 818 1420 860 fie-

30 873 91 915 ri,
128 879 167 908 ut
189 885 314 908 aarum
332 900 342 918 ,
377 876 426 909 ad
456 875 544 910 illud
567 876 741 918 relatum,
772 876 1010 920 praestantius
1033 875 1090 909 sit.
1137 875 1234 909 Idem
1259 877 1355 912 valet
1378 879 1422 913 de

31 936 207 976 anteferre
231 934 359 976 verb03
393 946 473 970 nam
497 936 688 970 secundum
723 937 868 971 eandem
893 935 1098 980 analogiam
1122 946 1164 970 ea
1187 948 1263 978 res,
1287 939 1344 972 cui
1367 939 1421 973 al-

30 989 106 1029 teffi
130 995 344 1037 antefertur,
367 995 420 1030 ita
441 1000 554 1040 potest
577 996 728 1041 cogitari
742 1024 751 1039 ,
775 1000 814 1030 ut
834 1007 897 1041 per
916 1007 994 1030 eam
1004 997 1096 1040 fiat,
1122 999 1162 1029 ut
1184 997 1296 1032 altera
1319 1004 1420 1033 ante-

24 1057 179 1098 feratur.
228 1055 324 1089 Scite
361 1056 454 1090 enim
488 1058 623 1091 monuit
653 1056 840 1091 Walchius
873 1057 1069 1098 anteferre,
1103 1056 1195 1098 quod
1227 1069 1329 1091 sensu
1351 1070 1420 1093 non

29 1114 170 1149 differat
193 1126 215 1150 a
251 1116 366 1160 potius
399 1118 544 1159 ducere,
580 1118 728 1152 eandem
761 1122 866 1161 atque
897 1117 966 1150 hoc
989 1119 1200 1151 structuram
1223 1117 1420 1160 admittere,

29 1179 68 1210 ut
91 1176 167 1219 Ing.
187 1176 295 1217 LXII,
312 1174 344 1212 9.
368 1178 424 1211 vel
447 1178 560 1222 potius
583 1180 652 1212 reri
675 1178 754 1222 lug.
780 1177 894 1220 XXII,
916 1177 950 1211 2.
996 1176 1116 1220 Neque
1138 1176 1291 1211 alienum
1313 1179 1422 1214 fuerit

29 1236 251 1276 meminisse,
286 1237 466 1272 Romanos
493 1238 602 1272 simili
626 1239 729 1273 modo
761 1239 875 1272 dicere
900 1243 1112 1272 contemnere
1136 1238 1229 1282 alqd.
1258 1240 1422 1284 aliqua

28 1308 98 1338 re,
122 1308 156 1332 v.
179 1309 208 1330 c.
233 1296 306 1332 Cic.
333 1297 394 1332 Or.
418 1298 485 1340 13,
511 1299 569 1332 41.
618 1299 787 1334 Isocrates
809 1299 947 1333 videtur
970 1298 1240 1332 testimonio
1267 1299 1423 1334 Platonis

29 1358 176 1390 aliorum
209 1357 340 1391 iudicia
375 1359 499 1392 debere
531 1364 765 1400 contemnere;
802 1359 838 1392 in
861 1358 964 1393 Catil.
990 1358 1043 1399 Π,
1067 1357 1101 1399 3,
1127 1355 1162 1391 5.
1186 1357 1248 1392 ubi
1272 1370 1305 1393 v.
1329 1360 1422 1405 Aug.

27 1417 218 1459 Matthias,
244 1417 306 1461 qui
331 1429 439 1461 quum
464 1418 659 1454 ablativum
685 1423 720 1453 et
740 1430 830 1464 prae
854 1419 1112 1463 praepositione
1145 1422 1178 1452 et
1199 1425 1342 1464 propter
1364 1433 1424 1455 ex-

26 1478 154 1522 plicari
186 1490 290 1522 posse
323 1483 457 1521 censet,
495 1478 688 1524 posteriore
721 1483 860 1514 tantum
891 1478 1177 1523 interpretatione
1199 1491 1323 1515 verum
1343 1482 1422 1517 teti-

27 1539 101 1584 git;
135 1550 217 1573 nam
248 1544 463 1574 contemnere
492 1552 521 1573 c.
555 1540 662 1574 ablat.
698 1540 838 1584 proprie
870 1544 921 1574 est
952 1540 1086 1584 aliquid
1105 1551 1190 1584 per
1222 1543 1309 1587 αῖς.
1332 1554 1423 1577 rem

27 1605 128 1641 cont„
153 1600 177 1634 i.
203 1612 233 1634 e.
267 1601 455 1634 minoris
483 1604 647 1645 facere
683 1602 766 1635 alio.
814 1599 883 1634 Sed
906 1603 944 1633 ut
976 1599 1021 1633 ad
1045 1604 1205 1634 nostrum
1228 1602 1343 1636 locum
1367 1615 1425 1637 re-

27 1660 190 1703 deamus,
214 1661 396 1705 geminum
421 1662 619 1706 exemplum
645 1661 764 1696 attulit
788 1660 926 1695 Cortius
942 1671 984 1693 ex
1007 1659 1080 1694 Cic.
1105 1672 1140 1704 p.
1164 1662 1280 1697 Balbo
1304 1664 1339 1707 8,
1363 1665 1423 1701 21.

26 1732 131 1764 quum
155 1731 291 1766 magna
312 1732 398 1765 pars
432 1722 627 1756 libertatem
663 1722 870 1756 civitate
907 1723 1196 1763 anteferret3
1226 1725 1316 1767 quod
1342 1725 1425 1761 licet

26 1791 97 1815 non
121 1781 282 1814 omnibus
305 1781 388 1816 satis
424 1786 556 1817 certum
586 1782 768 1824 videatur,
803 1786 921 1816 tamen
953 1781 1087 1815 idoneis
1118 1785 1357 1828 argumentis,
1382 1797 1423 1820 ex

26 1840 102 1884 ipsa
126 1841 178 1875 rei
202 1845 327 1875 natura
349 1842 479 1886 petitis,
502 1847 716 1877 structuram
732 1843 892 1876 firmasse
915 1851 977 1875 nos
1003 1841 1220 1877 confidimus.
1236 1864 1271 1868 —
1286 1845 1424 1880 Postre-

25 1912 81 1934 mo
114 1901 139 1936 i.
164 1913 194 1935 e.
232 1903 388 1945 omnino,
423 1903 498 1937 sive
534 1909 573 1937 ut
599 1904 724 1947 paucis
748 1903 883 1943 dicam3
908 1914 942 1936 v,
966 1902 1010 1936 ad
1036 1902 1112 1937 Cat.
1140 1903 1230 1945 xlv,
1253 1905 1287 1939 6.
1312 1917 1346 1949 p.
1365 1905 1422 1940 73.

25 1962 105 2007 lug.
130 1963 276 2005 XXXV,
302 1960 336 1995 5.
364 1963 488 2006 XLIII,
514 1962 548 1997 4.
574 1963 694 2004 XLVI,
718 1962 752 1996 5.

119 2023 152 2063 ἓ.
175 2020 209 2055 5.
262 2023 547 2066 Mauretaniam]
585 2023 638 2055 lta
662 2022 800 2055 Curtius
823 2021 962 2065 scripsit
983 2033 1048 2065 pro
1072 2021 1220 2066 vulgato
1246 2022 1424 2057 Maurita-

27 2080 134 2121 niam,
157 2082 366 2115 auctoritate
383 2085 541 2116 veterum
556 2086 861 2116 monumentorum
885 2086 918 2116 et
939 2081 1171 2125 antiquissimi
1196 2083 1270 2116 cod.
1288 2083 1370 2116 Bas.
1389 2083 1422 2117 1.

27 2139 84 2172 cui
119 2139 253 2172 accedit
278 2139 389 2175 Paris.
414 2152 445 2176 z.
481 2145 515 2175 ct
539 2141 725 2175 Einsiedel.
774 2141 987 2185 obloquitur
1023 2141 1164 2175 vossius
1188 2142 1232 2175 ad
1257 2142 1354 2176 Caes.
1379 2144 1424 2177 B.

27 2198 67 2232 C.
91 2198 151 2238 111,
176 2198 236 2242 79,
262 2197 304 2239 ὃς
340 2201 399 2233 sed
425 2212 465 2234 eo
491 2201 643 2234 maxime
666 2201 789 2235 nititur
813 2202 886 2236 eius
910 2201 1023 2243 ratio,
1048 2201 1131 2245 quia
1157 2201 1284 2236 Graeci
1309 2204 1425 2239 dicant

27 2260 294 2302 ΒΙαυρει-ανιά,
320 2259 400 2293 inde
424 2273 490 2294 ηοη
520 2262 712 2295 necessario
735 2263 831 2306 sequi
855 2262 999 2296 eandem
1024 2261 1176 2295 formam
1201 2263 1306 2297 ctiam
1331 2264 1423 2308 apud

25 2318 168 2353 Latinos
192 2318 227 2352 in
262 2331 327 2353 usu
350 2320 471 2355 fuisse.
504 2322 549 2355 cf.
574 2322 669 2357 Cort.
702 2322 746 2355 ad
772 2322 874 2356 Catil.
899 2323 993 2363 xxi,
1018 2323 1052 2355 3.
1095 2322 1223 2356 Duker.
1249 2325 1292 2358 ad
1324 2325 1420 2359 Flor.

25 2378 83 2420 lv,
109 2377 145 2420 2,
168 2378 226 2413 65.
252 2398 297 2403 —
328 2380 426 2425 Agro
460 2382 608 2426 virisque
633 2390 742 2425 paene
766 2393 885 2416 omnes
909 2382 992 2416 libri
1016 2382 1168 2424 habent3
1202 2384 1343 2418 Cortius
1368 2389 1422 2419 ta-

26 2450 105 2472 men
129 2439 324 2475 inconsulto
349 2442 512 2485 copulam
537 2443 677 2485 omisit,
704 2453 794 2487 quae
819 2443 855 2477 in
879 2442 1001 2477 Sti-nv·
1027 2442 1144 2478 Guelf.
1169 2442 1203 2476 2.
1219 2440 1253 2476 4.
1277 2443 1334 2477 12.
1361 2443 1422 2477 de-

26 2501 96 2540 est3
120 2499 181 2533 hic
206 2499 301 2533 locus
327 2502 418 2535 enim
436 2514 503 2537 non
527 2502 601 2538 eius
626 2507 677 2537 est
700 2503 859 2548 generis,
885 2502 976 2545 quod
1001 2502 1255 2546 explicavimus
1280 2503 1323 2536 ad
1347 2503 1421 2537 Cat.

26 2560 87 2601 Xl,
110 2560 145 2593 2.
171 2580 215 2585 -
240 2563 336 2606 Agre
359 2562 395 2595 in
414 2563 587 2598 nonnullis
606 2564 705 2599 codd.
724 2564 859 2598 scribac
877 2566 1055 2596 mutarunt
1085 2562 1121 2596 in
1151 2563 1268 2607 agris,
1293 2566 1331 2596 ut
1360 2575 1421 2595 no—

25 2619 122 2653 mina
144 2620 221 2663 pari
245 2632 390 2656 numero
415 2628 549 2665 essent3
584 2635 651 2658 non
675 2621 774 2659 salvat
799 2622 982 2659 sententia.
1030 2624 1122 2670 Agri
1145 2622 1238 2656 enim
1265 2622 1422 2667 singulas

27 2684 139 2714 terrae
163 2680 312 2715 alicuius
336 2687 452 2727 partes
478 2685 523 2717 ab
549 2684 671 2719 incolis
695 2686 806 2719 cultas
830 2685 1048 2730 significatum
1082 2695 1170 2727 ager·
1193 2683 1235 2716 de
1258 2683 1421 2717 universa

28 2742 119 2774 terra
152 2740 186 2773 in
215 2752 319 2775 unam
357 2743 529 2777 dicionem
561 2746 810 2790 comprehensa
847 2745 983 2779 dicitur.
1021 2745 1066 2779 cf.
1092 2744 1251 2776 Rhenan.
1276 2743 1318 2776 ad
1344 2743 1418 2777 Liv.

1064 2816 1145 2858 Ἰ*
