1630 3034
411 171 967 226 PRAEFATIO.
1297 186 1396 214 xxm

12 293 127 339 Anu.
153 293 240 353 111,
271 287 354 351 75,
386 292 447 342 in.
493 291 649 338 Pollio
682 289 887 336 Asinius.
928 288 1047 349 Nep.
1082 287 1279 337 Hannib.
1313 287 1396 349 IV,

10 373 59 419 4.
92 374 181 420 ubi,
205 389 247 418 v.
281 373 488 417 Bremius
523 373 630 419 coll.
665 371 835 416 Duker.
874 370 933 414 ad
969 370 1094 414 Flor.
1119 369 1178 425 Π,
1201 369 1248 425 2,
1270 369 1350 413 11.

79 476 81 478 ·
148 453 393 499 Relicuum
430 459 526 509 est,
572 458 622 497 ut
654 452 870 497 nonnulla
905 451 965 495 de
999 449 1233 496 codicibus
1268 448 1396 494 dica-

9 547 119 580 mus,
194 534 348 592 Atque
398 535 448 578 in
497 533 718 579 Catilinae
771 532 918 578 verbis
968 530 1252 577 recensendis
1305 544 1396 574 non

7 614 106 659 aliis
139 614 344 658 subsidiis
366 614 435 658 usi
469 629 633 668 summ,
669 612 750 658 nisi
783 626 976 672 quorum
1011 612 1193 671 copiam
1229 609 1397 655 Gerla-

9 694 102 740 chii
136 694 351 739 industria
383 695 574 739 fecisset.
657 692 753 738 Sed
786 708 928 750 quum
962 692 1081 748 hoc,
1117 691 1242 750 quod
1278 704 1396 735 nunc

9 774 293 834 evulgamus,
338 775 552 819 volumen
594 774 715 832 typis
759 788 906 832 paene
949 779 1095 817 totum
1129 772 1396 831 impressum

7 860 145 910 esset,
178 855 266 898 una
298 861 470 900 tantum
506 854 697 914 plagula
730 853 922 908 relicua,
960 867 1015 897 ex
1048 854 1274 911 insperato
1309 866 1396 894 no-

10 949 65 978 va
98 935 325 992 quaedam
359 935 556 980 subsidia
589 941 744 980 nactus
779 950 891 990 sum,
927 948 1046 993 quae
1080 933 1191 977 Viro
1226 932 1396 976 Excel-

9 1014 279 1074 lentissimo‚
338 1016 495 1059 Ioanni
538 1015 781 1071 Schulzio‚
831 1016 967 1076 *Regi
1010 1014 1323 1058 Borussiarum
1367 1028 1396 1055 a

8 1095 203 1140 consiliis
247 1096 433 1151 intimis,
481 1102 673 1155 accepta
716 1095 881 1141 refero.
959 1095 1002 1138 Is
1050 1094 1189 1148 enim,
1234 1098 1285 1136 ut
1331 1097 1397 1135 est

6 1174 431 1234 intelligentissimus
485 1177 758 1233 optimarum
810 1175 1059 1220 litterarum
1111 1174 1396 1228 existimator,

7 1253 221 1311 idemque
254 1255 610 1314 promptissimus
662 1255 722 1300 ad
767 1257 990 1301 iuniorum
1032 1255 1267 1299 hominum
1301 1260 1396 1297 stu·-

10 1333 86 1378 dia
127 1335 284 1391 quovis
324 1335 465 1378 modo
509 1335 727 1391 iuvanda,
776 1351 918 1394 quum
970 1337 1169 1395 primum
1226 1333 1397 1377 audivit

7 1429 83 1457 me
117 1413 380 1458 Sallustium
424 1415 561 1459 edere
602 1416 856 1472 instituisse,
902 1432 989 1476 pro
1029 1415 1189 1476 insigni
1228 1414 1396 1458 huma-

4 1493 141 1537 nitate
176 1509 255 1536 sua
295 1496 414 1539 ultro
463 1495 658 1540 duorum
704 1496 939 1552 codicum,
975 1496 1236 1540 Dresdensis
1279 1496 1397 1539 alte-

5 1574 120 1632 rius,
157 1574 334 1619 alterius
368 1575 627 1631 Misnensis,
671 1577 814 1620 varias
849 1577 1111 1637 scripturas,
1156 1576 1398 1622 accuratis-

7 1655 118 1699 sime
153 1656 211 1700 ab
245 1656 344 1715 ipso
377 1655 592 1700 Cortiano
630 1659 838 1716 exemplo
875 1657 1102 1716 ascriptas,
1137 1658 1268 1702 simul
1291 1671 1398 1702 cum

6 1736 101 1780 aliis
135 1751 252 1794 quae
287 1736 397 1780 olim
432 1735 491 1780 de
514 1737 724 1782 Sallustio
761 1738 897 1782 docte
932 1744 1257 1782 commentatus
1287 1742 1399 1792 erat,

7 1817 194 1873 obtulit,
230 1823 275 1862 et
308 1823 359 1861 ut
392 1817 619 1863 liberrime
653 1818 724 1862 his
752 1819 956 1862 omnibus
988 1833 1076 1878 pro
1111 1820 1222 1864 meis
1256 1820 1397 1863 ratio-

5 1899 136 1944 nibus
179 1904 351 1955 uterer,
398 1899 613 1957 permisit.
692 1889 954 1943 Dresdensis
999 1899 1114 1942 liber
1157 1898 1397 1944 Catilinam

5 1986 177 2024 tantum
223 1977 441 2033 continet,
484 1978 721 2023 Misnensis
755 1993 863 2023 vero
900 1978 1139 2023 Catilinam
1175 1996 1281 2026 cum
1317 1980 1396 2024 Iu-

5 2060 175 2121 gurtha
211 2059 540 2118 complectitur.
608 2059 761 2103 Novas
796 2065 945 2103 autem
982 2060 1196 2105 lectiones
1232 2076 1397 2118 easque

7 2141 168 2200 dignas
203 2155 322 2198 quae
364 2155 478 2200 prae
512 2140 669 2185 ceteris
711 2141 758 2184 in
791 2145 962 2184 textum
996 2141 1270 2199 recipiantur
1309 2141 1396 2186 hos

9 2219 191 2266 codices
234 2234 325 2263 non
371 2220 623 2275 continere,
669 2234 759 2263 non
808 2225 875 2263 est
920 2219 1046 2277 quod
1081 2221 1314 2278 miremur,
1349 2222 1396 2266 in

6 2307 128 2345 tanta
169 2301 389 2344 librorum
435 2300 706 2345 collatorum
740 2300 1050 2353 multitudine3
1085 2306 1236 2345 tamen
1269 2301 1396 2346 haud

9 2396 111 2425 raro
147 2381 340 2440 optimas
385 2380 576 2424 aliorum
619 2381 833 2425 lectiones
869 2381 1158 2439 confirmant,
1194 2397 1249 2426 ac
1284 2381 1397 2425 mihi

7 2465 241 2520 praeterea
287 2475 388 2505 eam
431 2461 664 2505 utilitatem
699 2461 1040 2520 praestiterunt,
1076 2467 1125 2505 ut
1160 2461 1220 2505 de
1254 2462 1397 2505 Italo-

7 2556 109 2586 rum
143 2539 355 2586 codicum
389 2541 633 2586 collatione
668 2556 695 2585 a
726 2541 976 2587 Gerlachio
1010 2542 1132 2587 facta
1165 2543 1396 2600 aliquanto

9 2621 168 2667 rectius
199 2620 401 2666 iudicare
433 2635 568 2680 posse
614 2622 728 2666 mihi
760 2623 950 2668 viderer.
1032 2622 1150 2666 Nam
1185 2637 1325 2680 quum
1359 2622 1396 2665 is

11 2703 247 2761 pauciores
282 2702 494 2746 lectiones
530 2703 798 2759 cantaverit,
845 2717 984 2761 quam
1018 2708 1067 2746 ut
1102 2703 1239 2749 codd.
1276 2719 1396 2748 sem-
