1630 3034
314 189 657 234 CATILINA.
716 190 853 232 cAP.
883 190 974 232 ΧΠ.
1003 191 1116 232 xm.
1355 194 1414 234 65

25 303 79 352 hi
110 312 267 352 contra
314 305 599 366 ignavissumi
641 304 846 349 homines
889 320 975 364 per
1011 318 1232 348 summurn
1268 305 1410 350 Scelus

28 398 177 442 omnia
213 413 266 441 ea
303 397 431 441 sociis
467 395 678 449 adimere,
723 410 839 452 quae
874 396 1114 439 fortissumi
1149 396 1231 440 viri
1264 397 1410 441 victo-

25 503 96 532 res
131 487 330 531 hostibus
353 487 638 545 reliquerant,
673 485 864 544 proinde
885 486 1013 544 quasi
1033 486 1235 531 iniuriam
1257 488 1409 534 facere

25 578 72 622 id
109 578 292 622 demum
327 584 440 621 esset
473 577 665 635 imperio
701 576 775 619 uti.

160 662 284 712 xm.
353 668 469 712 Nam
513 662 625 726 quid
671 681 724 710 ea
760 676 1031 722 memorem,
1076 683 1192 725 quae
1225 664 1304 713 nisi
1339 666 1408 714 his

25 759 104 818 qui
146 758 301 803 videre
342 758 509 802 nemini
555 757 786 802 credibilia
829 763 951 812 sunt,
995 773 1022 800 a
1056 758 1237 818 privatis
1280 775 1407 806 com=

23 912 114 947 bus?
148 907 287 947 Pariter
310 924 342 946 c.
366 912 426 954 XI,
447 904 495 953 8.,
516 908 706 945 sententiae
738 910 774 945 vi
803 910 1008 956 flagitante,
1038 922 1106 946 non
1140 915 1318 948 contentus
1341 915 1409 950 fuit

23 971 139 1005 dicere
171 971 246 1012 illi,
285 970 343 1008 sed
378 974 418 1003 ut
452 968 568 1002 verbis
600 969 808 1012 sapientium
838 970 970 1002 animos
1001 969 1179 1013 sequentia
1208 972 1408 1006 accuratius

22 1028 290 1071 raeponderent,
316 1026 398 1060 dicit
422 1026 474 1059 illi
496 1027 664 1070 corruptis
687 1025 846 1060 moribus.

113 1108 260 1152 proinde
292 1106 412 1152 quasi]
446 1106 528 1140 Bas.
553 1105 586 1140 3.
621 1105 741 1138 Guelf.
768 1103 803 1138 8.
831 1103 864 1138 9.
886 1099 943 1138 11.
978 1102 1086 1139 et12.
1118 1102 1283 1149 perinde,
1315 1109 1409 1152 quod

23 1164 166 1209 saepius
189 1176 268 1198 cum
292 1165 420 1204 altero,
454 1172 562 1205 quum
584 1161 821 1195 similitudinis
844 1161 918 1195 vim
941 1162 1069 1204 habet,
1100 1168 1335 1208 permutatur,
1369 1171 1408 1201 ut

23 1223 102 1267 lug.
122 1222 232 1263 1838.
279 1220 372 1264 Quin
406 1220 564 1252 Moserus
603 1227 683 1252 cum
714 1218 942 1259 Heindorffi),
980 1230 1081 1262 quem
1115 1222 1251 1254 secutus
1279 1226 1331 1256 est
1362 1223 1408 1256 ad

25 1279 98 1313 Cic.
130 1279 173 1312 de
193 1278 237 1312 N.
262 1278 367 1318 1111,
388 1276 445 1310 38.
477 1275 642 1320 negavit,
680 1275 826 1319 proinde
857 1275 962 1308 uniter
993 1286 1015 1308 a
1046 1276 1223 1310 veteribus
1253 1279 1407 1323 positum

25 1346 112 1377 esse,
135 1334 203 1369 nisi
225 1346 289 1378 pro
313 1335 424 1380 igitur
455 1343 536 1366 cum
567 1332 806 1366 exhortatione
838 1332 1010 1374 quadam,
1042 1336 1082 1366 ut
1115 1333 1291 1369 Graecum
1316 1336 1410 1380 πρὸς

24 1393 155 1427 ταῦτα.
213 1392 283 1425 Sed
312 1393 358 1427 cf.
393 1401 482 1434 quae
512 1389 622 1433 perite
651 1393 860 1424 monuerunt
891 1389 1078 1423 Ruhnken.
1112 1391 1157 1423 ad
1180 1392 1290 1426 Rutu.
1315 1395 1406 1439 Lup.

24 1450 52 1484 1.
81 1461 112 1492 p.
139 1448 197 1483 31.
230 1452 265 1482 et
299 1449 344 1482 ad
376 1449 460 1482 Ter.
493 1448 622 1480 noant.
650 1447 677 1487 1,
703 1446 738 1487 1,
766 1446 823 1482 13.
865 1446 999 1488 Zumpt.
1036 1447 1159 1481 Gram.
1194 1447 1271 1482 Lat.
1296 1453 1328 1492 §.
1348 1451 1407 1485 63.

23 1517 58 1550 p.
88 1506 169 1540 238.
204 1505 345 1539 Walch.
384 1504 554 1538 Emendd.
585 1503 687 1536 Livv.
713 1514 748 1546 p.
780 1502 838 1537 31.
871 1503 1034 1536 Bromius
1059 1504 1114 1538 ad.
1139 1503 1224 1548 Nep.
1254 1507 1409 1551 Lysand.

23 1563 58 1605 2,
78 1563 111 1597 4.
145 1563 289 1597 Passov.
315 1562 360 1597 ad
389 1562 476 1596 Tac.
511 1560 631 1594 Germ.
658 1560 693 1594 5.
725 1570 760 1603 p.
788 1559 824 1594 7.
860 1565 893 1594 ot
917 1561 1086 1595 Goerenz.
1120 1561 1166 1595 ad
1197 1562 1271 1598 Cic.
1297 1565 1408 1611 Iaegg=

21 1620 67 1662 11,
89 1619 146 1662 19,-
169 1618 230 1654 49.

114 1711 211 1746 xm.
247 1712 280 1753 §.
304 1711 340 1746 1.
374 1710 444 1744 nisi
465 1704 540 1755 lu's]
566 1703 618 1743 ita
641 1702 843 1752 scripsimus
866 1718 948 1742 cum
966 1703 1158 1744 Gerlachio
1181 1721 1224 1745 ex
1247 1709 1410 1755 piurimis

21 1769 121 1803 codd.
161 1769 303 1803 Cottius
335 1779 416 1801 cum
448 1766 699 1801 recentioribus
728 1765 822 1799 dedit
844 1766 910 1807 iis3
955 1767 1014 1800 sed
1036 1778 1072 1800 v.
1104 1768 1149 1801 ad
1179 1781 1209 1801 c.
1238 1770 1284 1811 11,
1305 1769 1338 1805 4.
1363 1785 1409 1796 -—

24 1826 233 1860 constructa
255 1824 385 1870 legitur
407 1823 444 1857 in
466 1824 550 1858 Bas.
569 1823 602 1855 4.
638 1822 757 1855 Guelf.
775 1821 810 1855 2.
831 1822 888 1856 lo.
923 1823 1030 1857 Fabr.
1052 1823 1086 1859 2.
1119 1823 1199 1860 Seu.
1218 1826 1251 1861 1.
1276 1827 1352 1861 Vin.
1372 1827 1408 1861 2.

21 1881 142 1916 Leidd.
180 1882 220 1918 C.
244 1883 288 1917 D.
311 1882 355 1915 F.
379 1879 422 1914 G.
447 1878 474 1914 I.
499 1881 538 1915 L.
559 1880 602 1914 N.
627 1880 740 1913 Mark.
766 1882 809 1914 Γ.
834 1880 956 1914 Pemb.
982 1879 1096 1914 Paris·
1131 1882 1172 1916 Ε.
1197 1882 1272 1915 Eri.
1295 1884 1410 1928 Teg.;

22 1936 60 1973 in
91 1940 207 1974 Palat.
234 1939 270 1975 7.
304 1943 524 1979 constructa3
563 1937 643 1971 inde
674 1937 711 1970 in
742 1937 832 1971 alios
863 1936 992 1971 invasit
1023 1940 1223 1979 contracta,
1256 1938 1293 1972 in
1320 1941 1411 1974 alios

23 2002 210 2031 constrata.
258 1997 444 2040 Quaenam
466 1994 572 2029 lectio
604 2005 688 2028 vera
715 1998 819 2037 esset,
853 1994 1044 2028 sententiae
1079 1995 1172 2029 ratio
1194 1995 1413 2040 interpretes,

21 2063 238 2099 magnopere
260 2053 497 2098 ambigentes,
529 2051 636 2085 facile
666 2056 803 2095 poterat
830 2052 966 2084 docere.
1012 2052 1199 2086 Sallustius
1224 2052 1335 2094 enim,
1366 2046 1412 2088 ad

22 2109 186 2144 insanam
208 2111 399 2144 multorum
421 2108 598 2142 luxuriam
621 2109 830 2150 notandam,
858 2114 1009 2142 naturae
1033 2120 1091 2142 eos
1115 2109 1294 2143 adversari
1316 2110 1413 2152 dicit,

22 2167 118 2210 quod
148 2168 189 2201 fit
213 2166 409 2207 montibus,
440 2164 505 2198 ubi
535 2169 635 2206 sunt,
669 2165 902 2206 destruendis,
934 2165 1105 2205 maribus,
1132 2165 1193 2198 ubi
1226 2177 1294 2200 non
1318 2171 1409 2207 sunt,

24 2225 251 2259 exstruendis.
300 2224 436 2257 Montes
457 2222 654 2255 subvertere
679 2224 730 2256 est
753 2221 919 2263 deiicere,
945 2222 1129 2263 demoliri,
1153 2223 1349 2265 destruere,
1372 2228 1412 2258 ut

23 2281 151 2316 dicitur
172 2283 296 2315 siluam
319 2281 528 2322 subuertere,
552 2279 647 2322 apud
669 2278 799 2312 Lucan.
830 2280 892 2320 111,
917 2279 998 2314 436.-
1034 2285 1069 2313 et
1092 2291 1148 2323 ap.
1173 2279 1268 2315 Suet.
1295 2281 1411 2324 Caliga

24 2337 84 2375 34.
117 2343 253 2373 statuas
291 2339 499 2371 subvertere.
567 2336 710 2370 Accedit
750 2336 843 2378 quod
883 2337 918 2370 in
951 2338 1074 2371 eadem
1105 2337 1273 2371 sententia
1312 2338 1412 2379 dixit,

25 2395 150 2435 mxii,
171 2395 228 2429 ll.
264 2395 406 2429 divitias
438 2393 655 2438 profundunt
685 2394 721 2426 in
744 2394 836 2427 mari
867 2395 1069 2427 exstruendo
1102 2399 1137 2427 et
1172 2396 1412 2429 montibus

25 2452 349 2496 coaequandis.
392 2452 510 2495 Quum
535 2451 645 2495 igitur
667 2451 812 2483 verbum
836 2451 1052 2494 requiratur,
1083 2452 1175 2494 quod
1199 2451 1414 2486 contrarium

24 2520 165 2545 tensum
196 2509 349 2550 habeat,
381 2509 458 2553 quis
490 2508 628 2541 dubitat
656 2507 739 2551 quin
770 2513 963 2542 construere
996 2514 1090 2542 recto
1123 2512 1318 2551 opponatur
1351 2509 1414 2542 de·-

25 2565 215 2601 struendo?
250 2566 453 2600 Con-struere
487 2569 539 2598 est
572 2564 665 2597 enim
697 2565 895 2606 instituere,
922 2568 1065 2608 secere,-
1090 2565 1115 2599 i.
1139 2576 1171 2599 e.
1196 2565 1232 2597 h.
1257 2564 1281 2597 1.
1316 2568 1413 2599 terra

26 2623 155 2657 effossa
178 2633 276 2656 mare
299 2622 335 2656 in
359 2621 590 2655 continentem
623 2620 823 2655 immittere.
881 2622 988 2655 Haud
1018 2622 1123 2655 dubie
1154 2624 1272 2656 autem
1303 2626 1412 2661 notat,-

27 2683 68 2715 ut
85 2680 223 2715 Cottius
239 2683 331 2714 recte
347 2678 525 2722 iudicavit,
547 2678 710 2723 piscinas,
729 2690 750 2714 a
768 2678 934 2714 divitibus
951 2678 1123 2714 Romanis
1143 2689 1280 2714 summo
1299 2679 1414 2714 studio

96 2741 130 2785 1.
1103 2737 1137 2781 5
