1630 3034
83 174 170 214 348
403 182 410 192 ‘
459 168 504 210 C.
534 167 850 211 SALLUSTI
881 168 1103 216 CRISPI

85 285 324 346 magnifice
360 283 418 329 de
453 285 573 329 bello
610 286 755 344 loqui:
792 285 976 330 dimidia
1002 301 1108 346 pars
1142 287 1357 331 exercitus
1386 288 1470 331 sibi

83 383 442 443 permitteretur,
486 383 640 442 paucis
696 382 855 427 diebus
905 383 1173 444 Iugurtham
1216 384 1261 427 in
1307 384 1469 428 catenis

82 514 324 561 grassari,
357 526 444 558 quos
475 515 569 549 locos
599 527 678 549 cum
712 515 849 558 aliquot
875 515 955 551 aliis
991 516 1136 551 eontulit
1169 516 1414 551 Boetticherus
1437 517 1472 551 in

82 577 166 611 Lex.
194 574 312 610 Tacit.
336 575 373 608 h.
400 586 434 608 v.
457 588 492 619 p.
515 575 595 610 225.
642 577 697 610 Ita
720 576 825 610 facile
847 580 962 619 patet,
997 589 1059 612 cur
1081 579 1242 623 grassari
1263 579 1300 611 in
1323 579 1472 622 aliquem

80 637 257 672 notionem
281 636 496 669 crudelitatis
519 642 555 670 et
577 636 765 670 violentiae
797 638 946 678 habeat;
977 639 1096 672 lustin.
1124 639 1169 679 ΙΙ,
1193 638 1249 673 12.
1303 639 1473 682 Quoniam

77 703 176 743 ferro
199 698 245 730 in
282 696 492 730 homines
515 708 583 730 non
603 703 766 742 poterat,
798 699 845 732 in
869 699 1098 742 aedificia
1130 700 1241 743 igne
1273 704 1472 744 grassatur·

82 762 128 796 «tf.
153 758 412 801 Drakenborch.
438 758 482 791 ad
507 758 583 792 Liv.
609 759 665 800 vl,
690 758 725 801 5,
742 759 776 793 4.
826 760 959 793 Totum
982 760 1281 793 locumnostrum
1303 760 1475 794 Weissius

83 831 266 868 perperam
300 819 350 852 sic
374 818 549 862 explicat:
584 819 658 861 „ita
690 821 785 854 ultra
816 820 1107 865 progrealiebnur
1139 821 1182 853 ad
1218 820 1473 863 exsequendum

82 882 289 921 consilium,
313 884 410 913 actus
434 879 535 912 simul
559 879 720 923 cupidine
743 884 847 924 atque
870 880 968 914 ira.“
1016 881 1222 915 Sallustium
1245 886 1360 914 autem
1384 881 1476 914 hanc

82 941 288 979 sententiam
313 952 353 973 ex
378 939 589 984 Thucydide
612 941 672 982 111,
696 940 753 974 12.
777 941 839 975 ubi
861 942 952 975 haec
974 942 1157 986 leguntur,
1183 941 1254 977 δύο
1277 940 1345 985 μὲν
1369 939 1476 977 ἐναν-

81 1003 244 1041 τιώτατα
268 1001 313 1047 τῇ
341 998 540 1047 εὐβουλίᾳ,
564 1001 677 1047 τάχος
699 1016 738 1038 τε
762 1004 825 1038 καὶ
851 1001 965 1048 ὀργή,
997 1002 1178 1044 hausisse,
1204 1006 1241 1037 ut
1263 1003 1386 1047 intprr.
1411 1014 1475 1046 pu-

81 1071 176 1108 tant,
199 1063 359 1108 equidem
384 1073 452 1096 non
476 1062 728 1098 affirmaverim
742 1091 752 1106 ‚
788 1076 896 1108 quum
919 1075 1030 1108 neque
1053 1064 1161 1098 verba
1185 1066 1348 1097 accurate
1369 1073 1472 1107 grae-

82 1129 132 1162 cis
155 1124 405 1169 respondeant,
443 1127 477 1157 et
511 1123 626 1166 quivis
658 1127 766 1160 facile
798 1126 833 1160 in
859 1127 967 1160 talem
997 1124 1204 1159 sententiam
1227 1124 1301 1168 ipse
1324 1123 1476 1158 incidere

82 1187 204 1234 possit.
229 1204 275 1210 -
313 1184 541 1218 Ambitiosum
566 1185 704 1220 eortius
732 1188 820 1220 bene
850 1186 1114 1230 interpretatur:
1148 1186 1192 1220 ad
1224 1186 1384 1219 favorem
1415 1195 1475 1217 ac-

80 1247 288 1294 quirendum
323 1249 587 1288 comparatum,
619 1258 688 1290 qua
719 1251 892 1290 potestate
924 1248 992 1281 hoc
1022 1247 1231 1281 vocabulum
1263 1246 1402 1289 saepius
1433 1245 1477 1279 de

81 1311 182 1344 rebus
206 1307 346 1341 dieitur.
381 1306 419 1339 V.
444 1307 664 1341 Boetticheri
691 1309 774 1342 Lex.
806 1308 922 1342 Tacit.
953 1308 991 1340 h.
1021 1319 1055 1340 v.
1093 1319 1126 1350 p.
1153 1305 1210 1341 58.
1244 1306 1357 1340 Tacit.
1382 1305 1476 1340 Hist.

81 1374 108 1415 1,
134 1372 191 1405 12.
245 1370 348 1402 Prout
372 1368 449 1410 quis
477 1369 609 1402 amicus
642 1370 697 1402 vel
730 1370 835 1403 cliens
867 1370 958 1403 hunc
990 1369 1046 1401 vel
1077 1369 1175 1401 illum
1208 1367 1475 1401 ambitiosis

80 1430 343 1466 rumoribus
368 1428 600 1462 destinabant.
627 1430 663 1471 Ι,
690 1430 745 1465 83.
797 1430 1031 1464 seditionibus
1064 1434 1098 1463 et
1129 1429 1378 1463 ambitioso
1402 1429 1473 1461 im—

79 1493 214 1538 perio
248 1490 341 1523 laeti.
377 1488 521 1524 Sueton.
556 1491 703 1536 August.
734 1503 764 1525 c.
791 1492 900 1525 XXV.
949 1492 1070 1536 Neque
1101 1491 1189 1524 ullos
1212 1491 1360 1524 militum
1384 1500 1474 1523 com-

79 1555 250 1588 militones
291 1551 519 1594 appellabat,
562 1553 623 1585 sed
652 1553 800 1593 milites,
845 1552 1143 1585 ambitiosius
1183 1551 1221 1584 id
1262 1551 1475 1593 existimans,

79 1625 183 1660 quam
207 1612 300 1646 ratio
324 1611 487 1645 militaris
511 1614 716 1655 postularet.
740 1613 790 1646 ld.
816 1612 947 1646 Domit.
971 1612 1068 1653 vlu,
1093 1611 1141 1644 in.
1191 1612 1475 1645 Ambitiosas

80 1674 368 1710 centumuirorum
400 1674 591 1706 sententias
622 1673 787 1714 rescidit,
820 1672 883 1706 ubi
914 1684 948 1706 v.
986 1674 1123 1706 Ernest.
1150 1676 1184 1706 et
1212 1672 1405 1706 Bromium.
1428 1691 1473 1697 -—

82 1737 246 1776 Habere,
271 1733 363 1776 quod
389 1733 423 1766 h.
452 1734 476 1766 l.
502 1733 595 1766 idern
621 1739 671 1767 est
695 1738 800 1776 atque
825 1739 982 1768 tractare
999 1759 1009 1774 ‚
1035 1733 1174 1776 quando
1198 1734 1290 1767 hane
1313 1733 1384 1766 vim
1409 1733 1473 1766 ha-

79 1799 161 1832 beat
185 1795 336 1829 diximus
359 1792 402 1825 ad
427 1793 503 1827 Cat.
529 1794 592 1835 M,
617 1794 650 1828 5.
679 1806 710 1837 p.
735 1793 793 1827 50.
819 1814 862 1819 —
891 1795 943 1827 De
967 1794 1243 1838 negotiatoribus
1267 1805 1299 1826 v.
1328 1794 1371 1827 ad
1396 1793 1472 1827 Cat.

77 1871 109 1894 c.
134 1858 206 1898 XL,
231 1857 263 1890 2.
312 1854 406 1888 idem
432 1854 506 1887 fere
528 1855 681 1889 Velleius
704 1855 812 1888 tradit
846 1855 899 1897 ΙΙ,
925 1854 982 1888 ll.
1030 1855 1168 1887 Murius
1189 1866 1252 1898 per
1273 1855 1473 1898 publicanos

77 1919 232 1962 aliosque
264 1916 301 1949 in
334 1915 455 1958 Africa
488 1917 801 1961 negotiantes
837 1917 1042 1949 criminatus
1071 1915 1204 1949 Metelli
1234 1917 1472 1950 lentitudinem

77 1984 144 2014 etc.
194 1977 264 2021 Qui
299 1976 368 2009 loci
402 1976 588 2011 ostendunt
622 1981 791 2020 quantum
826 1977 1059 2022 negotiatores
1089 1976 1224 2021 gratia,
1265 1976 1474 2010 auctoritate

77 2046 182 2085 atque
205 2037 359 2082 potentia
383 2037 568 2072 valuerint.
595 2056 641 2063 —-
666 2039 875 2079 criminose,
907 2049 954 2070 sc.
978 2036 1013 2070 in
1043 2037 1249 2079 Metellum,
1271 2039 1472 2083 magnifice,

78 2103 122 2135 ad
147 2112 184 2134 se
207 2098 413 2143 respiciens,
440 2098 512 2132 sere
538 2103 576 2132 ut
598 2111 628 2135 c.
653 2099 840 2143 Lxxxm
867 2099 898 2132 l.
922 2099 997 2132 alia
1020 2103 1205 2142 praeterea
1231 2099 1296 2141 (sc.
1321 2099 1472 2141 dicebat)

79 2162 271 2207 magnilica
293 2170 357 2203 pro
390 2170 446 2202 se,
478 2165 514 2194 et
549 2160 619 2194 illis
652 2162 817 2195 dolentia.
842 2180 886 2185 —
921 2160 990 2193 Pro
1014 2160 1108 2203 loqui
1130 2171 1198 2193 non
1222 2163 1314 2192 recte
1336 2164 1473 2203 poterat

80 2233 247 2266 usurpare
272 2221 385 2254 dicere
410 2221 581 2261 verbum3
617 2232 699 2256 nam
731 2223 781 2256 ita
814 2222 902 2255 haec
925 2220 1114 2260 differunt,
1150 2224 1190 2255 ut
1213 2221 1305 2265 loqui
1336 2219 1371 2253 in
1394 2220 1473 2254 uni-

80 2293 219 2317 versum
247 2282 292 2316 sit
322 2282 433 2315 verbis
456 2283 509 2315 uti
525 2305 535 2323 ,
574 2283 619 2315 ad
642 2283 752 2316 animi
786 2293 887 2316 sensa
908 2281 1157 2326 significanda,
1187 2282 1300 2315 dicere
1324 2293 1407 2315 vero
1430 2281 1473 2315 do

82 2344 240 2378 oratione
274 2348 350 2376 arte
378 2345 482 2385 sacta
515 2354 558 2377 ac
590 2349 684 2378 recte
715 2344 883 2377 meditata
915 2347 1121 2386 usurpetur-3
1157 2343 1201 2376 cf.
1237 2343 1390 2387 Herzog.
1426 2343 1469 2377 ad

82 2405 168 2438 Sall.
193 2405 296 2437 Catil.
317 2404 386 2445 111,
411 2404 444 2437 l.
469 2415 502 2447 p.
533 2404 587 2437 14.
637 2405 756 2448 Quare
788 2403 875 2437 illud
907 2404 1023 2437 minus
1049 2403 1132 2446 quid
1158 2408 1227 2446 est,
1260 2415 1366 2447 quam
1391 2405 1486 2454 ''⁰⁰2-

83 2470 117 2499 ει
139 2465 291 2498 maxime
323 2465 359 2497 in
383 2475 484 2498 usum
509 2465 673 2499 cotidiani
696 2464 865 2499 sermonis
890 2465 1002 2506 cadit;
1038 2476 1073 2499 v·
1109 2465 1244 2499 LudoV.
1273 2464 1472 2499 Doederlini

83 2527 279 2570 Synonym.
302 2526 379 2559 Lat.
407 2527 480 2560 vol.
507 2527 564 2560 ΙΥ.
589 2537 621 2569 p.
646 2527 679 2560 (5.
705 2529 736 2568 §.
762 2525 795 2559 7.
844 2526 927 2559 inde
950 2526 1083 2559 fuctum
1106 2530 1169 2567 est,
1194 2531 1231 2561 ut
1255 2527 1346 2571 loqui
1367 2537 1471 2569 saepe

84 2592 233 2631 ponatur
264 2588 308 2620 ad
345 2587 613 2631 significandum
642 2586 743 2620 nihili
783 2590 888 2630 atque
920 2585 1039 2620 inania
1070 2598 1144 2621 esse
1179 2587 1327 2621 alicuius
1350 2588 1470 2630 verba,

85 2659 234 2691 euntque
258 2648 365 2681 talem
390 2660 483 2687 esse,
519 2649 579 2692 qni
613 2648 806 2681 inconsulto
837 2651 897 2681 aiut
928 2647 1083 2691 maligne
1114 2647 1241 2692 ineptia
1274 2647 1474 2682 homininum

87 2707 265 2753 garriendi
297 2709 479 2742 materiam
511 2714 698 2754 suggeram
735 2709 780 2742 of.
812 2708 1010 2742 Docilerlin.
1039 2709 1063 2743 Ι.
1099 2710 1122 2742 Ι.
1148 2713 1184 2743 et
1214 2709 1407 2743 Brennum.
1428 2711 1472 2744 nd

90 2770 176 2814 hep.
201 2769 373 2804 Alcibiad.
399 2769 470 2809 vn,
495 2770 527 2805 2.
553 2769 707 2804 Hamilc.
732 2770 802 2812 111,
825 2770 858 2805 2.
914 2770 1169 2805 Hasdrubalem
1189 2771 1345 2805 nonnulli
1365 2771 1472 2815 diligi
