1630 3034
491 116 853 161 IUGURTHA.
912 117 1039 161 GAP.
1068 118 1224 162 XLVI.
1451 126 1537 167 263

159 235 277 279 (liam
310 234 537 294 procedit,
581 235 658 279 ubi
698 240 854 278 contra
887 233 994 278 belli
1028 234 1187 279 faciem
1222 237 1399 296 tuguria
1430 239 1533 298 ples

156 347 214 375 na
243 331 498 390 hominum,
533 347 703 391 pecora
738 332 1021 390 cultoresque
1056 331 1098 375 in
1136 333 1257 392 agris
1294 341 1442 389 erant3
1478 351 1532 380 ex

154 428 333 487 oppidis
369 433 415 472 et
446 428 698 488 mapalibus
738 428 955 487 praefecti
989 429 1110 487 regis
1151 429 1270 472 obvii
1303 432 1530 494 procede-

152 524 285 583 bant,
331 525 476 584 parati
520 525 792 568 frumentum
829 523 957 580 dare,
1002 532 1301 570 commeatum
1331 535 1529 587 portare,

148 643 238 678 solet
268 642 304 677 in
336 648 479 688 pacato,
514 644 713 687 procedens.
758 643 876 678 Simili
907 655 1007 678 sensu
1040 645 1166 687 infesta
1190 646 1295 691 signa
1328 647 1529 692 saepissime

149 705 308 738 dicuntur
330 704 421 748 apud
454 703 618 745 Livium3
648 705 694 738 cf.
727 704 989 738 Drakenborch.
1020 705 1064 738 ad
1097 705 1147 746 II,
1170 706 1238 747 46,
1274 708 1307 741 7.
1332 729 1378 733 —
1406 711 1528 745 Paucis

148 765 266 799 diebus
289 765 411 808 explic.
436 777 464 798 c.
482 765 540 806 xl,
557 765 589 798 1.
609 783 651 791 -
675 766 790 799 Erant
814 764 952 798 Cortius
975 769 1095 798 contra
1119 766 1274 800 omnium
1299 770 1397 802 codd.
1421 771 1527 805 fidem

145 826 274 861 omisit.
299 845 345 851 —
370 826 468 859 Obvia·
492 829 631 859 tuentur
663 826 786 869 optimi
821 826 919 859 codd.
944 825 1070 859 Nazar.
1096 826 1176 859 Bas.
1203 827 1235 860 1.
1263 827 1344 862 Sen.
1370 829 1403 863 1.
1430 831 1527 866 Leid.

144 886 184 920 1..
209 897 250 920 ac
273 891 452 929 praeterea
474 885 591 918 Ursini
617 885 727 929 liber,
751 886 864 920 Palat.
887 885 920 919 2.
948 887 1068 920 Guelf.
1093 887 1126 920 1.
1154 887 1187 921 2.
1214 888 1289 922 vin.
1313 889 1348 922 2.
1372 891 1474 926 Rem.
1490 891 1524 926 2.

142 947 240 981 Leid.
263 947 303 980 Α.
329 947 372 980 Β.
398 946 444 979 Η.
469 947 496 979 Ι.
521 945 564 979 N.
614 947 744 980 IVassii
769 948 858 991 Reg.
882 946 926 980 B.
954 946 1056 980 Publ.
1081 947 1184 980 Bodl.
1210 952 1244 982 et
1270 949 1381 983 Mark.
1406 954 1449 985 A.
1474 962 1523 986 m.

141 1019 205 1050 ρης
229 1007 351 1040 relicui
376 1007 512 1040 obviam
537 1007 688 1048 habent,
724 1008 815 1051 quod
840 1006 975 1040 librarii
1000 1018 1103 1051 saepe
1136 1019 1199 1051 pro
1225 1009 1396 1044 adiectivo
1421 1011 1525 1045 dede-

138 1070 229 1101 runt.
253 1078 287 1100 v.
317 1067 361 1100 ad
386 1078 415 1101 c.
439 1068 533 1108 xxi,
558 1067 591 1101 1.
615 1068 752 1110 LXIX,
776 1068 807 1102 l.
833 1068 960 1108 CXIII,
985 1066 1018 1102 5.
1042 1087 1086 1092 ——
1112 1068 1347 1103 procedebant
1372 1071 1523 1106 Gruter-o

138 1133 335 1169 suspectum
369 1128 458 1168 fuit,
490 1128 572 1171 quia
596 1129 717 1161 eodem
742 1129 850 1161 verbo
875 1128 995 1171 paullo
1020 1133 1100 1162 ante
1133 1140 1213 1162 usus
1238 1134 1289 1164 est
1316 1130 1521 1173 Sallustius3

138 1188 197 1221 sed
220 1199 253 1220 v.
286 1199 375 1231 quae
401 1189 444 1221 de
474 1189 535 1222 tali
559 1189 763 1232 repetitione
786 1188 986 1221 monuimus
1012 1189 1054 1221 ad
1079 1189 1153 1224 Cat.
1186 1191 1257 1231 IX,
1282 1189 1315 1223 4.
1343 1191 1389 1224 cf.
1415 1203 1533 1235 supra-

137 1259 168 1282 ε.
193 1248 298 1289 XIII,
321 1248 354 1282 2.
373 1249 407 1285 3.
441 1268 485 1273 —
520 1249 739 1283 Structuram
763 1249 884 1292 parati
908 1248 1019 1281 dare
1052 1249 1234 1291 Zumptius
1258 1250 1332 1284 Lat.
1358 1252 1518 1285 Gramm.

136 1311 169 1350 §.
193 1307 250 1348 80,
274 1307 307 1341 5.
330 1313 401 1345 not.
438 1321 472 1353 p.
497 1309 566 1344 433
584 1322 633 1354 sq.
659 1310 710 1343 ed.
734 1309 790 1342 IV.
814 1320 880 1341 non
911 1308 993 1342 satis
1016 1314 1178 1342 accurate
1199 1309 1368 1353 explicat,
1401 1311 1518 1346 infini-

134 1369 244 1402 tivum
262 1368 355 1402 vices
374 1370 483 1404 dativi
509 1371 676 1405 sustinere
699 1370 827 1412 dicens,
853 1369 942 1412 quod
968 1380 1009 1402 eo
1035 1369 1149 1414 magis
1172 1370 1299 1403 mirum
1324 1376 1385 1411 est,
1407 1382 1516 1414 quum

133 1434 227 1463 recte
249 1431 369 1473 paullo
393 1435 473 1465 ante
505 1431 733 1474 praecepisset
756 1430 967 1463 infinitivum
992 1431 1229 1463 tautummodo
1253 1430 1457 1464 nominativi
1481 1434 1516 1466 et

132 1490 326 1524 accusativi
350 1490 418 1523 vim
442 1491 583 1524 habere.
630 1492 705 1525 Non
728 1496 779 1524 est
802 1490 894 1523 enim
919 1489 1061 1523 dubium
1076 1515 1086 1531 ‚
1108 1490 1189 1534 quin
1214 1502 1350 1534 semper
1372 1504 1514 1526 accusa-

130 1553 196 1586 tivi
218 1556 386 1595 potestate
409 1551 650 1597 intelligendus
674 1552 717 1585 sit
740 1551 930 1585 infinitivus
954 1561 995 1583 ex
1012 1550 1191 1584 adiectivis
1212 1557 1370 1594 paratus,
1398 1558 1512 1597 aptus,

129 1613 242 1652 utilis,
275 1617 471 1654 contentus,
509 1614 654 1657 dignus,
688 1614 820 1656 peritus
854 1623 895 1644 ac
930 1611 1102 1644 similibus
1134 1616 1256 1654 aptus,
1292 1612 1420 1655 quippe
1442 1625 1511 1658 quo

127 1665 343 1717 significetur
375 1672 434 1714 id,
469 1674 565 1706 cuius
596 1678 748 1717 respectu
772 1672 898 1715 aliquis
921 1678 1088 1715 paratus,
1123 1673 1268 1716 diguus,
1290 1675 1422 1717 peritus
1446 1679 1510 1717 est,

126 1733 202 1767 sive
233 1733 291 1773 id,
323 1733 416 1766 circa
448 1735 536 1777 quod
568 1739 726 1767 versatur
757 1733 904 1766 alicuius
936 1739 1077 1775 paratus
1101 1732 1258 1774 animus,
1288 1734 1421 1767 utilitas
1449 1738 1511 1769 aut

125 1793 288 1838 dignitas,
338 1794 436 1836 Quae
469 1799 666 1828 structurae
695 1794 786 1827 ratio
819 1805 1030 1836 quamquam
1063 1793 1205 1826 Graecis
1235 1794 1421 1837 peculiaris
1444 1799 1506 1837 est,

124 1858 239 1888 tamen
263 1865 330 1887 non
355 1859 424 1895 cst,
457 1855 550 1897 quod
582 1867 661 1888 cum
687 1854 850 1898 Zumptio
873 1865 950 1886 eam
975 1853 1073 1886 bonis
1101 1852 1304 1886 Latinorum
1329 1855 1506 1897 scriptori-

124 1915 189 1948 bus
212 1914 409 1953 affindioes,
444 1926 550 1957 quum
580 1916 645 1948 ista
669 1914 858 1948 accusativi
883 1914 1031 1954 Graeci,
1065 1925 1166 1955 quem
1190 1913 1328 1954 dicunt,
1354 1919 1505 1957 potestas

123 1975 214 2017 apud
238 1974 379 2008 Latinos
403 1975 507 2008 latius
532 1980 665 2017 pateat,
698 1987 802 2018 quam
833 1975 939 2017 vulgo
974 1975 1164 2007 concedunt
1189 1974 1442 2015 Grammatici3
1466 1986 1501 2009 v.

122 2039 243 2066 notata
266 2035 310 2067 ad
334 2035 408 2068 Cat.
434 2036 572 2076 XXXI,
597 2037 629 2069 3.
658 2037 724 2074 LI,
750 2035 805 2068 29.
832 2035 874 2066 ad
900 2035 974 2077 lug.
999 2034 1047 2073 V,
1071 2033 1103 2066 4.
1133 2034 1257 2074 XXXI,
1282 2034 1316 2069 9.
1363 2035 1415 2068 De
1438 2047 1502 2069 usu

122 2093 283 2125 infinitivi
309 2104 349 2125 ex
374 2095 547 2129 adiectivo
575 2094 751 2139 pendentis
775 2096 819 2126 cs.
846 2095 930 2127 San.
958 2093 1058 2128 Catil.
1086 2094 1170 2134 XX,
1194 2093 1250 2127 17.
1274 2095 1352 2139 Ing.
1377 2096 1500 2137 XLIX,

120 2153 154 2186 3.
180 2153 300 2192 cvm,
326 2153 359 2186 2.
394 2156 491 2188 Gaea.
515 2156 557 2191 B.
582 2157 619 2189 C.
652 2158 680 2197 1,
702 2156 735 2196 7,
757 2155 790 2188 7.
820 2156 861 2187 B.
889 2156 930 2187 G.
955 2155 1008 2195 11,
1033 2154 1067 2194 3,
1093 2154 1126 2187 3.
1164 2155 1264 2188 Auct.
1290 2157 1332 2189 B.
1366 2157 1441 2190 Afr.
1466 2169 1496 2190 c.

121 2214 180 2256 w,
198 2214 231 2247 6.
255 2214 327 2246 Cic.
352 2226 384 2256 p.
410 2215 549 2258 Quinct.
586 2228 616 2249 c.
640 2216 674 2258 2,
699 2216 732 2249 8.
759 2217 847 2259 Epp.
874 2216 915 2248 ad
940 2216 1079 2249 Pamin.
1105 2215 1187 2255 XV,
1210 2214 1242 2254 4,
1267 2216 1323 2250 27.
1371 2217 1499 2251 Lentu-

118 2275 173 2307 lus
197 2273 281 2307 ibid.
307 2275 385 2318 XII,
411 2274 466 2316 15,
490 2275 522 2309 5.
571 2276 694 2309 Poetae
719 2282 853 2317 tamen,
878 2282 910 2309 et
933 2276 990 2319 qui
1015 2281 1194 2318 poetarum
1218 2275 1401 2310 dictionem
1417 2277 1498 2310 imi-

119 2338 263 2376 tantur,
303 2335 436 2368 maiore
479 2337 631 2379 quadam
666 2337 701 2370 in
735 2338 791 2370 his
825 2338 965 2370 licentia
999 2336 1048 2368 uti
1080 2337 1138 2368 vix
1170 2347 1256 2378 opus
1289 2341 1339 2370 ert
1377 2349 1496 2370 mone-

116 2407 178 2434 re;
215 2407 249 2428 v.
285 2396 457 2430 Vechneri
490 2398 664 2430 Hellenol.
689 2410 722 2441 p.
748 2398 818 2431 303
839 2418 875 2423 —-
898 2397 978 2431 313.
1014 2397 1161 2430 Rentlci.
1192 2397 1235 2430 ad
1262 2398 1346 2430 Hor.
1379 2398 1444 2432 Od.
1467 2398 1495 2440 Ι,

119 2456 153 2497 1,
178 2455 214 2489 5.
238 2477 284 2482 —
310 2457 455 2490 Portare
482 2457 672 2492 Muellerus
697 2459 846 2501 explicat
871 2461 1015 2501 affare,
1040 2457 1064 2491 i.
1089 2469 1118 2491 c.
1151 2459 1335 2501 praebere;
1367 2459 1426 2492 sed
1449 2458 1498 2492 ita

117 2516 208 2549 idem
244 2517 333 2550 foret
362 2522 465 2560 atquo
491 2521 707 2561 frumentum
741 2520 838 2559 dare.
894 2520 1013 2561 Quare
1045 2519 1213 2552 assentior
1245 2518 1383 2559 Curtio,
1415 2518 1496 2561 qui:

118 2583 374 2618 „ommi-catus,
407 2578 545 2621 inquit,
589 2579 729 2623 proprie
760 2584 832 2619 est,
869 2579 960 2622 quod
996 2590 1075 2611 cum
1107 2579 1247 2622 agmine
1279 2579 1429 2620 incedit,
1462 2583 1498 2612 et

119 2638 284 2671 exercitus
307 2639 566 2671 necessitatibus
598 2640 749 2673 inservit.
797 2640 885 2672 Eum
912 2638 1025 2682 parati
1057 2644 1153 2672 erant
1174 2645 1336 2683 portare,
1369 2643 1407 2672 ut
1429 2638 1494 2672 mi—

50 2694 56 2696 *
118 2695 198 2731 lites
236 2702 272 2733 et
301 2698 455 2733 iumenta
496 2700 619 2733 labore
656 2700 824 2736 levarent.
836 2703 858 2719 “
915 2700 1102 2744 Perper-am
1138 2699 1248 2744 igitur
1290 2698 1498 2733 Gerlachius
