1630 3034
441 119 796 162 IUGURTHA.
857 119 986 161 CAP.
1018 117 1137 160 XIV.
1427 122 1485 162 89

97 240 184 283 vita
220 245 375 298 erepta
412 243 499 293 est,
544 243 696 279 tamen
742 235 998 278 laetandum
1043 234 1185 295 magis
1223 249 1359 293 quam
1395 235 1481 278 do-

99 335 278 379 lendum
314 340 423 394 puto
459 348 611 376 casum
659 339 807 385 tuum3
852 347 940 375 non
984 331 1100 375 enim
1143 347 1365 390 regnum,
1404 331 1550 375 se(123

99 433 282 492 fugam,
320 431 545 485 exsilium,
583 434 830 488 egestatem
868 436 911 471 et
947 428 1088 472 omnis
1123 428 1226 484 has,
1263 444 1377 486 quae
1412 444 1486 473 me

99 534 329 588 premunt,
380 541 611 570 aerumnas
648 540 750 568 cum
794 525 940 568 anima
985 525 1113 568 simul
1159 525 1353 568 amisisti.
1425 527 1486 570 At

102 640 190 684 ego
233 623 414 678 infelix,
460 623 504 665 in
548 628 669 664 tanta
719 622 836 664 mala
878 622 1196 681 praecipitatus
1242 636 1296 665 ex
1340 622 1486 681 patrio

101 735 267 780 regno,
303 735 449 763 rerum
478 719 773 762 humanarum
804 719 1111 777 spectaculum
1146 719 1371 778 praebeo,
1417 719 1487 761 in-

101 888 171 918 tem
191 883 320 917 mirum
353 893 413 916 eos
445 893 582 926 quoque
612 882 764 925 scribas,
797 882 857 926 qui
883 894 924 916 ne
946 884 1149 925 servarunt,
1176 881 1211 915 in
1235 881 1308 914 eius
1332 892 1433 914 sensu
1456 883 1491 914 ct

101 949 278 978 structura
301 955 446 986 errasse,
471 945 596 976 nedum
623 943 688 984 illi,
714 944 774 986 qui
800 949 836 977 ut
859 942 1074 984 intulerunt,
1098 942 1326 976 indicativum
1351 942 1491 975 ferrent.

103 1005 221 1049 Quare
245 1016 428 1049 perperam
466 1006 582 1038 Faber
613 1016 693 1037 cum
718 1003 908 1037 Gerlachio
931 1016 998 1037 nae
1027 1005 1085 1036 ille
1106 1023 1146 1027 —
1167 1004 1294 1038 reddat
1319 1003 1490 1046 exhibuit,

104 1066 196 1109 quod
220 1065 394 1109 quomodo
419 1066 478 1098 hic
502 1065 640 1099 defendi
663 1063 770 1107 possit
800 1075 869 1097 non
892 1063 989 1097 dixit.
1038 1063 1178 1097 Similes
1202 1065 1320 1098 turbas
1343 1076 1385 1098 ne
1409 1075 1491 1108 par-

105 1126 213 1160 ticula
237 1126 332 1159 male
355 1125 533 1160 intellecta
556 1125 650 1158 dedit
674 1124 777 1157 Catil.
805 1136 835 1157 c.
864 1124 936 1165 LII,
959 1124 1016 1158 27.
1043 1124 1104 1157 ubi
1121 1136 1155 1160 v.
1201 1125 1346 1159 Prorsus
1375 1129 1494 1159 autem

105 1186 253 1221 coecutit
275 1186 450 1230 Langius‚
477 1186 536 1230 qui
561 1188 743 1230 vulgatam
768 1184 917 1218 retinens
939 1184 1096 1217 Cortium
1120 1185 1239 1229 arguit
1260 1186 1353 1218 hunc
1374 1186 1494 1220 locum

106 1247 362 1291 impeditiorem
385 1245 585 1287 reddidisse,
612 1256 653 1279 ac
677 1257 720 1278 ne
744 1245 830 1278 illud
853 1245 993 1288 quidem
1010 1245 1197 1288 reputavit,
1221 1247 1495 1290 haudquaquam

90 1308 269 1349 Jibrarios
292 1313 330 1342 ut
355 1307 391 1340 in
413 1319 456 1340 uc
480 1310 653 1347 mutasse,
685 1307 714 1340 si
737 1307 898 1350 primitus
927 1306 964 1339 in
994 1306 1064 1339 suis
1090 1307 1255 1349 exemplis
1279 1307 1496 1350 habuissent,

105 1370 165 1404 sed
189 1370 293 1413 plane
317 1380 379 1412 pro
404 1379 466 1400 suo
499 1371 602 1410 captu
627 1367 744 1411 egisse
763 1372 802 1401 ut
833 1367 868 1400 in
891 1366 1034 1400 alterius
1058 1367 1250 1408 particulae
1272 1368 1389 1401 locum
1412 1370 1496 1402 sub-

106 1430 290 1464 stituendo.
303 1448 346 1454 —
358 1428 565 1462 Praeclarus
584 1438 768 1471 perperam
790 1431 896 1472 negat
914 1426 1121 1460 Gerlachius
1137 1438 1157 1461 a
1177 1430 1360 1463 sceleribus
1371 1434 1497 1474 aptum

107 1503 202 1532 csse3
228 1489 324 1523 aliud
350 1493 402 1522 est
424 1488 517 1522 enim
538 1489 770 1532 praeclarum,
794 1487 892 1521 aliud
914 1489 1181 1522 sceleribus
1202 1491 1377 1533 praecl.
1402 1503 1496 1532 esse,·

76 986 96 1001 b

108 1552 144 1586 in
168 1551 231 1585 illo
255 1551 353 1592 laus,
378 1548 414 1582 iu
437 1549 506 1581 hoc
529 1549 657 1582 acerba
679 1548 856 1592 nequitiae
879 1560 952 1582 sese
975 1549 1150 1582 efferentis
1173 1550 1370 1595 exagitatio
1395 1550 1495 1593 inest,

108 1623 214 1656 quam
253 1613 385 1654 spectat
408 1609 599 1643 Adherbal.
647 1609 768 1653 Neque
799 1621 921 1643 verum
946 1614 1023 1651 est,
1047 1611 1138 1654 quod
1162 1610 1254 1644 idern
1277 1611 1372 1644 Gerl.
1399 1611 1496 1654 dicit,

105 1677 226 1718 poetas
250 1674 387 1705 tantum
410 1669 494 1703 huic
517 1669 689 1703 adiectivo
714 1670 909 1704 ablativum
933 1671 1078 1713 addere3
1101 1675 1281 1715 comparet
1302 1672 1343 1705 V.
1361 1674 1402 1706 D.
1422 1673 1499 1718 lug.

107 1733 281 1774 XXXIX,
316 1731 352 1765 2.
409 1732 495 1766 Aulo
527 1742 644 1765 omnes
675 1731 818 1774 infesti,
849 1732 908 1776 qui
941 1732 1063 1766 bello
1105 1742 1209 1776 saepe
1248 1734 1499 1776 praeclari

98 1796 259 1838 suerunt.

200 1854 234 1898 §.
258 1853 316 1887 22.
364 1853 427 1887 tibi
450 1853 649 1897 immaturo]
676 1853 873 1887 Pronomen
898 1853 932 1887 in
957 1853 1032 1887 cod.
1067 1852 1185 1887 Struv.
1210 1855 1289 1897 post
1312 1854 1498 1888 immaturo

111 1912 264 1958 legitur,
299 1913 335 1946 in
359 1914 455 1947 Vrat.
479 1914 513 1947 2.
540 1915 655 1955 deest,
684 1914 775 1957 quod
809 1913 926 1948 Cottio
962 1915 1045 1948 satis
1072 1915 1140 1948 fuit
1171 1915 1214 1948 ad
1239 1913 1273 1947 id
1301 1914 1497 1948 delendum.

110 1974 261 2008 Mirifice
285 1974 471 2008 defendunt
493 1975 599 2018 Bipp.
628 1986 690 2016 eo,
715 1975 808 2018 quod
832 1974 867 2008 in
891 1974 1114 2017 sequentibus
1140 1975 1230 2008 unde
1253 1974 1420 2008 adverbio
1442 1987 1499 2008 re-

111 2035 299 2078 spondeat3
334 2046 444 2078 neque
479 2034 593 2067 minus
625 2045 790 2077 perversa
823 2037 874 2068 est
905 2034 1087 2068 Gerlachii
1109 2034 1299 2076 sententia,
1332 2035 1391 2077 qui
1415 2035 1499 2069 reti-

112 2094 262 2127 nendum
289 2099 424 2136 censet,
457 2093 542 2136 quia
574 2094 729 2136 sequenti
757 2099 853 2127 tuum
876 2096 1094 2137 respondeat.
1143 2094 1220 2128 Non
1244 2094 1335 2126 enini
1360 2094 1500 2137 opposi-

114 2154 217 2187 tionis
244 2153 396 2193 ratione,
429 2153 487 2185 sed
518 2153 673 2196 quaesita
707 2153 872 2186 orationis
896 2154 1141 2198 perspicuitate
1165 2153 1304 2188 defendi
1326 2155 1500 2197 voculam,

115 2213 269 2247 omnium
294 2214 368 2246 fere
401 2213 497 2246 codd.
531 2224 699 2247 consensu
723 2214 920 2255 firmatam,
953 2213 1013 2248 vix
1036 2218 1088 2247 est
1106 2214 1198 2257 quod
1221 2224 1435 2248 moneamus.
1455 2235 1500 2240 --

120 2274 218 2307 Unde
245 2273 269 2306 i.
294 2285 322 2306 e.
348 2286 371 2308 a
389 2284 466 2317 quo.
491 2284 524 2306 V.
549 2274 592 2306 ad
617 2284 646 2306 c.
670 2274 764 2315 xm,
791 2273 824 2308 5.
851 2274 991 2308 Curtius
1015 2278 1195 2316 praeterea
1218 2274 1365 2309 contulit
1387 2276 1501 2310 Plaut.

115 2333 333 2367 Menaechm.
358 2334 398 2376 V,
431 2333 465 2376 2,
490 2333 547 2367 32.
581 2334 732 2370 Gronov.
760 2335 804 2369 ad
829 2335 975 2369 Trucul.
1001 2336 1035 2376 1,
1062 2336 1095 2374 1,
1121 2335 1178 2368 42.
1202 2335 1300 2369 Serv.
1335 2336 1379 2369 ad
1402 2337 1501 2382 Virg.

116 2396 201 2428 Aen.
225 2394 317 2435 vlu,
343 2393 399 2427 71.
447 2394 500 2428 Ita
523 2394 629 2428 etiam
654 2395 768 2429 Tacit.
789 2395 878 2429 Ann.
896 2396 923 2437 1,
940 2395 974 2437 3,
999 2395 1032 2428 2.
1083 2395 1175 2430 Nero
1190 2397 1280 2431 solus
1298 2409 1316 2431 e
1328 2398 1503 2444 privignis

116 2459 214 2493 erat,·
239 2455 272 2487 il
287 2455 354 2487 luc
379 2459 501 2488 cuncta
524 2466 681 2500 vergere.

208 2514 243 2558 §.
267 2512 325 2547 23.
372 2526 441 2547 non
464 2515 554 2548 enim
578 2527 725 2561 reguum
751 2535 794 2540 —-
819 2516 984 2559 amisisti]
1016 2516 1116 2560 Quae
1147 2528 1258 2561 regno
1281 2521 1502 2562 opponuntur

111 2576 226 2618 suga,
266 2574 442 2616 exsilium,
474 2580 637 2620 egestas,
670 2587 877 2618 aerumnae,
912 2577 1026 2620 quivis
1051 2577 1145 2612 videt
1169 2590 1236 2612 non
1269 2589 1331 2622 per
1354 2590 1391 2613 se
1419 2591 1501 2613 cum

119 2635 279 2668 amittere
300 2635 409 2669 verbo
432 2635 596 2681 coniungi
621 2648 739 2680 posse,
763 2638 822 2671 sed
849 2649 910 2681 per
933 2649 1082 2683 zeugma
1105 2642 1240 2673 tantum
1263 2638 1332 2672 hoo
1355 2639 1501 2672 verbum

119 2693 163 2728 ud
187 2693 253 2729 ista
277 2695 417 2730 nomina
441 2696 576 2731 referri.
624 2697 768 2742 Proprie
793 2698 885 2732 enim
910 2698 961 2734 ita
983 2697 1098 2734 dioere
1121 2699 1288 2735 debebat:
1319 2710 1402 2734 uam
1426 2699 1501 2734 ani·

1411 2856 1430 2890 k
