1630 3034
163 213 246 253 430
523 205 570 247 G.
603 204 933 248 SALLUSTI
972 203 1200 249 CRISPI

163 323 389 369 consulem
423 321 591 365 factum
625 327 735 366 ante
772 329 1023 383 acceperat.
1094 322 1208 378 Quis
1241 322 1375 368 rebus
1411 337 1547 384 supra
1598 333 1601 335 ’

163 405 330 466 bonum
377 423 514 478 atque
558 417 796 463 honestum
842 419 1076 479 perculsus
1134 433 1282 479 neque
1328 420 1547 464 lacrumas
1581 462 1585 465 ,

166 526 341 571 tenere,
395 530 545 575 neque
589 515 814 560 moderari
861 517 1082 577 linguam
1134 516 1201 560 vir
1243 517 1456 577 egregius
1505 516 1550 560 in

131 615 261 659 3aliis
298 613 464 658 artibus
498 612 624 656 nimis
659 613 851 657 molliter
887 612 1212 674 aegritudinem
1248 613 1355 674 pati.
1401 613 1552 668 Quam

163 706 258 757 rem
294 711 366 755 alii
409 711 455 754 in
493 710 751 769 superbiam
796 711 1055 766 vortebant,
1104 710 1176 755 alii
1216 710 1385 754 bonum
1420 710 1552 770 inge-

164 810 284 854 nium
328 808 595 859 contumelia
639 823 878 853 accensum
927 823 1051 863 esse,
1105 807 1259 862 multi,
1299 806 1423 866 quod
1463 807 1552 851 iam

164 980 322 1016 omnium
356 980 431 1014 fere
464 979 564 1014 codd.
602 978 776 1023 scriptura
809 982 872 1013 est.
920 978 1059 1015 cortine
1093 978 1201 1013 edidit
1230 979 1301 1013 iam
1325 984 1432 1014 antea
1455 990 1554 1019 acc..-

164 1043 223 1077 sed
255 1046 362 1076 antea
386 1039 586 1084 paucissimi
616 1044 750 1075 tantum
775 1038 861 1073 libri
881 1043 1014 1082 tenent,
1047 1040 1117 1073 iarn
1141 1044 1258 1074 autem
1281 1039 1316 1074 in
1340 1041 1437 1074 nullo
1459 1051 1555 1073 com-

164 1107 281 1147 paret,
313 1112 424 1145 neque
452 1113 495 1136 eo
525 1105 576 1136 est
606 1112 703 1145 opus.
727 1119 773 1125 -
797 1099 946 1135 Factum
970 1099 995 1132 i.
1020 1111 1050 1134 e.
1077 1100 1322 1146 designatum3
1350 1100 1431 1144 fieri
1461 1099 1556 1134 enim

163 1174 284 1197 omnes
316 1162 477 1196 dicuntur
505 1160 756 1207 magistratus,
789 1160 849 1204 qui
880 1160 1002 1205 populi
1032 1160 1206 1207 suffragio
1241 1161 1485 1202 declarantur,
1519 1165 1556 1194 ut

164 1222 325 1268 piurimis
357 1221 525 1267 exemplis
561 1221 698 1256 collatis
735 1221 934 1256 observavit
964 1222 1044 1256 Car.
1068 1222 1215 1256 Beierus
1244 1222 1289 1256 ad
1313 1221 1384 1256 Cic.
1416 1221 1459 1256 de
1483 1220 1555 1255 off.

163 1285 225 1325 lll,
248 1284 306 1325 20,
330 1282 388 1317 79.
423 1295 456 1328 p.
480 1282 561 1318 332.
601 1282 688 1316 Sall.
721 1283 799 1328 lug.
828 1282 1025 1326 LXXXW,
1049 1283 1082 1318 1.
1107 1283 1282 1326 Lxxxv,
1307 1282 1364 1318 11.
1390 1293 1422 1316 ν.
1448 1281 1556 1317 etiam

163 1344 428 1379 Drakenborch.
451 1344 496 1378 ad
520 1343 596 1378 va.
621 1344 674 1385 ll,
700 1343 758 1386 51,
792 1343 825 1377 4.
851 1363 896 1369 -—-
932 1344 1016 1387 Quis
1039 1344 1283 1378 tantummodo
1306 1343 1414 1377 habet
1437 1342 1557 1379 Guelf.

163 1405 197 1441 3.
223 1405 329 1440 ceteri
353 1406 487 1451 quibus.
512 1423 556 1430 —
591 1405 661 1438 Pro
696 1409 833 1450 atque
857 1404 1035 1439 honestum
1058 1404 1095 1438 in
1118 1405 1214 1440 haud
1237 1404 1357 1449 paucis
1380 1405 1479 1438 codd.
1504 1408 1558 1438 est

163 1472 244 1502 aut
278 1467 369 1508 hon„
399 1467 491 1510 quod
522 1466 620 1499 nullo
652 1465 757 1499 modo
794 1464 877 1498 ferri
909 1469 1040 1509 potest,
1078 1477 1186 1509 quum
1219 1465 1407 1500 Sallustius
1429 1476 1496 1498 non
1520 1463 1555 1498 id

162 1531 273 1572 agat,
304 1530 342 1560 ut
375 1525 552 1560 notionem
583 1527 719 1560 honesti
750 1525 786 1559 in
819 1526 936 1560 locum
975 1526 1055 1559 boni
1089 1526 1300 1569 substituat,
1336 1527 1379 1560 de
1401 1537 1470 1570 qun
1494 1530 1558 1560 aut

162 1588 359 1633 particulae
400 1590 571 1632 potestate
602 1587 647 1620 ct'.
673 1590 792 1621 notata
826 1587 870 1621 ad
912 1599 943 1623 c.
976 1586 1125 1629 LXVII,
1149 1587 1204 1630 3.,
1239 1588 1299 1621 scd
1339 1591 1378 1622 ut
1410 1587 1557 1630 utraque

161 1648 346 1683 coniuncta
368 1646 441 1681 vim
464 1647 652 1682 sententiae
673 1650 812 1692 augeat.
859 1648 993 1681 Bonum
1013 1652 1130 1682 autem
1154 1649 1191 1683 b.
1215 1649 1240 1682 l.
1264 1649 1357 1683 idem
1380 1652 1432 1682 est
1453 1654 1559 1692 atque

162 1709 269 1750 utile,
303 1707 378 1742 sive
401 1707 435 1742 id
455 1733 465 1750 ,
499 1707 591 1751 quod
616 1707 777 1742 conducit
800 1712 834 1742 et
857 1708 973 1751 iuvat,
997 1721 1087 1753 quac
1109 1710 1207 1744 vocis
1230 1713 1399 1754 potestus.
1424 1712 1464 1743 ut
1485 1708 1557 1742 alia

162 1769 346 1811 omittam,
378 1768 512 1803 obtinet
543 1768 578 1802 in
602 1769 774 1812 ‚precandi
799 1769 974 1803 formula:
1005 1769 1096 1813 quod
1124 1770 1253 1804 bonum
1277 1770 1430 1803 faustum
1454 1769 1556 1802 felix-

161 1844 230 1876 que
253 1831 324 1873 sit3
360 1831 538 1864 honestum
572 1840 657 1863 vero
690 1829 956 1876 intelligendum
981 1830 1024 1863 de
1048 1830 1190 1872 decoro,
1215 1830 1307 1874 quod
1331 1829 1447 1863 virum
1471 1840 1556 1875 gru-

161 1905 245 1927 vem
269 1892 379 1926 decet.
427 1892 556 1926 Sensus
577 1897 630 1925 est
655 1891 785 1937 igitur:
820 1891 854 1925 in
880 1891 1027 1925 dolendo
1051 1890 1102 1925 ita
1125 1892 1269 1925 modum
1288 1891 1494 1931 excedebat,
1518 1894 1557 1924 ut

163 1955 298 1989 nullam
324 1965 437 1997 neque
459 1953 635 1988 commodi
656 1953 732 1995 sui,
757 1963 867 1996 neque
891 1952 1073 1997 dignitatis
1095 1952 1265 1986 rationem
1289 1952 1447 1987 haberet.
1478 1950 1555 1986 Ali-

164 2021 218 2050 ter
250 2014 406 2061 Langius
441 2015 564 2048 bonum
597 2013 843 2058 interpretatur
878 2013 1057 2047 honestum
1093 2014 1349 2055 internum,
1375 2013 1555 2047 honestum

162 2076 278 2121 ipsum
302 2087 410 2117 vero,
443 2075 535 2110 nude
559 2086 581 2109 a
602 2074 771 2109 Sallustio
804 2074 957 2116 dictum,
997 2074 1157 2109 decorum
1189 2080 1436 2109 externum.
1484 2073 1555 2108 Sed

160 2136 245 2172 huic
268 2137 458 2172 sententiae
489 2136 642 2180 primum
668 2137 874 2171 adversatur
905 2134 1126 2169 incommoda
1155 2136 1337 2169 notionum
1360 2139 1553 2170 commuta-

161 2198 234 2240 2303
266 2203 339 2233 tum
367 2198 438 2232 hoc
471 2199 590 2243 obest,
626 2197 717 2242 quod
751 2196 930 2230 honestum
963 2207 1026 2240 per
1050 2208 1087 2230 se
1119 2208 1189 2231 non
1213 2197 1256 2230 do
1278 2197 1382 2231 rebus
1406 2197 1555 2231 ester-nio

160 2259 298 2294 dicitur.
346 2258 504 2303 Denique
528 2260 652 2293 bonum
675 2257 915 2293 tantummodo
940 2268 982 2291 ex
1007 2257 1206 2292 Stoicorum
1231 2256 1389 2292 doctrina
1412 2268 1478 2290 non
1502 2256 1554 2291 di-

103 2319 110 2325 '
161 2331 300 2354 versum
324 2324 377 2355 est
401 2320 446 2354 ab
469 2321 610 2355 honesto
633 2320 698 2364 (cf.
723 2318 796 2352 Cic.
821 2318 864 2352 de
881 2318 953 2353 off.
970 2318 997 2360 1,
1018 2317 1076 2360 2⁰,
1100 2317 1156 2352 66.
1180 2317 1241 2359 111,
1261 2318 1296 2362 8,
1317 2318 1374 2352 13.
1399 2321 1434 2353 et
1457 2322 1554 2352 utro-

161 2393 230 2425 que
260 2383 340 2416 loco
371 2383 451 2416 Cur.
487 2381 693 2425 Beiermn),
727 2391 876 2424 quorum
904 2379 1037 2424 placita
1073 2382 1109 2414 et
1140 2379 1276 2413 dicendi
1300 2391 1403 2414 mum
1436 2379 1554 2414 Sauu-

160 2441 265 2476 atium
290 2447 447 2477 secutum
470 2454 546 2477 esse
580 2454 648 2477 non
675 2447 727 2476 est
758 2442 849 2485 quod
881 2442 1014 2475 credas.
1046 2460 1091 2466 -
1127 2441 1224 2474 Mod
1236 2441 1363 2475 erari
1394 2441 1553 2486 linguan

161 2501 185 2535 i.
210 2513 240 2535 c.
264 2514 445 2545 coercere,
485 2503 628 2538 modum
651 2508 803 2537 statuere
834 2503 988 2547 linguae.
1035 2501 1110 2536 Non
1142 2505 1259 2536 servat
1289 2505 1407 2537 autem
1432 2500 1552 2535 Sallu-

158 2563 245 2597 utine
269 2563 455 2598 discrimen
479 2577 616 2607 sensns,
651 2564 743 2608 quod
779 2575 841 2608 pro
866 2564 965 2598 varin
988 2563 1094 2597 huius
1116 2563 1215 2597 verbi
1237 2567 1410 2598 structum
1432 2561 1552 2598 statuit

160 2625 344 2668 Zumplino
375 2625 410 2658 in
445 2627 604 2661 Grnmm.
641 2626 716 2660 Lat.
752 2627 785 2667 §-
810 2624 867 2666 72,
891 2624 926 2659 3.
951 2629 1019 2658 not.
1047 2624 1080 2659 2.
1115 2636 1148 2668 p.
1173 2624 1252 2660 32⁴1.
1276 2625 1329 2658 ed.
1355 2624 1410 2658 Ν.
1460 2623 1549 2658 Nem

160 2686 251 2729 quod
287 2686 371 2719 dicit
402 2687 578 2721 moderari
612 2687 718 2721 alicui
752 2687 805 2720 rei
830 2697 906 2721 esso
929 2687 1066 2720 modum
1089 2688 1230 2730 faeere,
1265 2684 1443 2719 moderari
1475 2695 1548 2718 rem

160 2747 280 2780 valere
303 2747 484 2781 instituere
507 2760 549 2781 ac
572 2759 717 2794 regere,
751 2747 838 2782 illud
871 2748 1044 2782 refellitur
1067 2746 1169 2781 Catil.
1199 2746 1261 2787 hl,
1286 2745 1342 2780 ᾖ.
1379 2748 1549 2788 fortunae

160 2807 279 2841 tnbido
319 2808 538 2852 gentibus
577 2809 872 2849 moderatur,
916 2809 984 2842 boc
1029 2807 1252 2852 rodun-guitur
1296 2811 1411 2840 nmero
1445 2806 1545 2847 loco;
