1630 3034
111 182 196 222 244
481 176 526 219 G.
557 174 878 219 SALLUSTI
907 173 1128 218 CRISPI

75 294 292 339 3deratus
321 291 488 336 animus
520 291 629 345 fuit3
664 291 746 336 sed
776 291 896 335 bono
927 290 1041 335 vinci
1077 289 1207 334 satius
1243 296 1324 347 est,
1360 305 1496 350 quam

73 391 229 436 4malo
266 403 392 433 more
426 388 628 432 iniuriam
663 389 850 434 vincere.
919 387 1062 448 Igitur
1098 400 1152 430 ea
1192 387 1378 432 victoria
1411 401 1496 431 no-

108 488 252 532 bilitas
289 500 346 530 ex
379 485 578 529 lubidine
612 500 692 528 sua
725 500 805 529 usa
839 484 1004 528 multos
1035 484 1232 528 mortalis
1263 484 1386 528 ferro
1421 489 1496 527 aut

107 584 221 645 fuga
251 581 467 637 exstinxit,
502 581 695 641 plusque
723 582 768 625 in
799 582 1020 640 reliquum
1052 580 1135 625 sibi
1167 580 1334 624 timoris
1361 595 1496 638 quam

107 717 188 741 rum
208 706 409 752 fragmento
432 705 571 741 habuit.
604 707 766 741 Ceterum
790 706 833 740 de
856 717 958 740 sensu
980 707 1109 741 horum
1131 705 1331 747 verborum,
1355 715 1496 738 eorum-

108 779 178 811 que
201 779 291 801 nexu
315 778 396 801 cum
426 767 648 810 sequentibus
672 769 774 801 valde
798 767 992 812 ambigitur
1021 766 1113 800 inter
1145 767 1308 801 editores.
1356 764 1496 800 Cottius

108 828 200 862 enim
233 839 275 862 ac
306 828 423 861 Faber
447 827 625 862 Gracchos
657 828 712 862 his
743 827 937 871 vituperari
969 831 1112 872 putant,
1147 827 1276 871 quippe
1309 827 1368 871 qni
1399 827 1496 860 malo

108 901 206 923 more
228 900 266 922 se
291 887 471 921 vindicare
502 888 718 930 studuerint3
752 888 909 933 Longius
941 900 1024 922 vero
1048 894 1082 922 et
1108 888 1316 922 Gerlachius
1340 887 1496 921 iudicant

106 950 315 984 Sallustium
338 960 398 982 eos
427 948 544 993 potius
567 950 714 983 laudare
739 949 912 991 voluisse,
937 949 1040 992 quod,
1063 961 1169 992 quum
1193 960 1332 982 summa
1353 949 1494 982 iliorum

106 1010 338 1046 admiratione
362 1015 540 1052 teneatur,
575 1011 728 1044 maxime
752 1015 1018 1044 consentaneum
1040 1016 1103 1046 est.
1149 1010 1406 1044 Sententiarum
1430 1019 1494 1042 au-

106 1076 196 1112 tem,
227 1070 398 1105 brevitate
428 1072 550 1114 paullo
581 1073 845 1105 obscuraturum
877 1071 980 1114 piena
1010 1071 1102 1104 ratio
1126 1071 1216 1104 haec
1239 1081 1313 1103 esse
1336 1069 1493 1103 videtur:

106 1132 153 1165 Et
176 1141 259 1165 sane
283 1131 427 1164 concedi
444 1132 546 1165 debet
561 1131 734 1165 Gracchis
752 1143 820 1164 non
844 1132 929 1165 satis
952 1132 1172 1166 moderatum
1198 1131 1355 1164 animum
1377 1129 1495 1168 fuisso,

107 1203 197 1236 quae
220 1203 274 1225 res
299 1191 381 1235 ipsis
405 1192 493 1226 adeo
516 1193 692 1226 interitum
718 1193 860 1234 attulit3
882 1193 941 1226 sed
964 1193 1012 1226 sic
1036 1205 1166 1237 quoque
1192 1192 1331 1237 egregii
1348 1191 1416 1224 viri
1428 1202 1495 1235 pu-

106 1253 208 1286 tandi
231 1257 333 1292 sunt3
364 1263 446 1285 nam
480 1253 571 1286 bono
602 1252 695 1286 vinci
727 1253 834 1286 satius
867 1257 939 1295 cst,
973 1264 1079 1296 quam
1104 1264 1150 1286 m.
1178 1264 1226 1287 m.
1251 1252 1313 1287 ini.
1338 1252 1494 1293 vincera

105 1313 173 1346 nisi
197 1314 290 1347 forte
312 1312 416 1346 malis
432 1313 692 1347 adversativam
706 1313 909 1348 sententiam
927 1314 977 1347 sic
991 1314 1191 1358 concipere:
1217 1314 1287 1353 sed,
1312 1312 1495 1348 etiamsi

103 1379 245 1419 propter
269 1374 423 1407 animum
446 1386 515 1407 non
538 1376 624 1409 satis
647 1375 865 1408 moderatum
890 1376 1074 1417 interiere,
1108 1381 1255 1409 tamen
1286 1375 1378 1409 bono
1401 1373 1495 1418 vinpi

105 1435 214 1469 satius
238 1439 310 1475 est,
345 1438 410 1468 etc·
450 1435 556 1473 ‚Bono
581 1440 698 1469 autem
722 1447 790 1469 non
815 1447 895 1469 cum
920 1436 1053 1481 hangio
1076 1436 1296 1470 referendum
1321 1436 1366 1470 ad
1388 1446 1494 1476 more,

103 1496 164 1529 sed
183 1495 225 1528 .τί
253 1494 460 1528 substantivi
484 1495 637 1538 positum
661 1496 836 1541 significat
869 1498 953 1531 bono
985 1497 1139 1538 Ῑιοπιίῃίς
1179 1497 1225 1532 ct'.
1254 1497 1356 1532 Catil.
1375 1497 1434 1538 11,
1458 1496 1492 1530 6.

106 1555 178 1596 xl,
202 1555 236 1590 2.
270 1555 350 1595 XV,
375 1555 408 1587 2.
432 1555 535 1598 XIX,
556 1556 589 1591 2.
627 1558 756 1592 Contra
779 1560 870 1592 malo
895 1570 987 1592 more
1011 1563 1085 1591 est:
1120 1557 1181 1598 ita,
1207 1562 1245 1591 ut
1267 1558 1383 1598 maius
1405 1567 1493 1596 mos,

104 1617 182 1650 sive
205 1616 337 1649 malum
363 1617 560 1660 exemplum
585 1617 720 1652 existat.
768 1619 823 1653 Ita
846 1619 952 1653 etiam
977 1618 1124 1652 Tacitus
1144 1618 1281 1652 Annali.
1306 1619 1343 1659 1,
1367 1618 1434 1661 35,
1460 1617 1493 1650 :h

108 1677 210 1711 Miles
233 1677 389 1710 strictum
414 1677 536 1710 obtulit
560 1679 744 1722 gladium‚·
775 1691 915 1713 saevum
942 1680 980 1712 id
1003 1680 1207 1722 malique
1231 1679 1363 1712 moris
1387 1678 1493 1712 etiam

106 1736 338 1771 saevientibus
361 1738 483 1771 visum.
530 1738 647 1771 Minus
671 1744 763 1772 recte
779 1740 916 1773 Cortius
939 1745 973 1773 et
994 1740 1110 1773 Faber
1135 1744 1319 1782 utrumque
1341 1739 1494 1772 vocabu-

105 1799 180 1832 lum
204 1797 473 1841 interpretantur
496 1801 586 1831 malo
610 1799 723 1840 modo,
746 1799 850 1840 vitio,
877 1800 1012 1834 iniuste.
1060 1800 1165 1834 Peius
1186 1800 1292 1833 etium
1316 1798 1494 1843 Bipontini

108 1861 193 1894 bono
218 1859 393 1903 explicant
417 1858 458 1890 ob
493 1858 633 1899 bonum,
671 1871 738 1893 non
762 1860 945 1895 sentientes
975 1872 1055 1894 eum
1080 1861 1139 1904 qui
1167 1862 1251 1893 bono
1275 1861 1494 1893 vincatur

110 1920 224 1963 ipsum
248 1930 316 1953 non
340 1929 415 1953 esse
439 1919 588 1961 bonum,
612 1919 672 1953 sed
696 1925 879 1964 propterea
903 1921 1009 1963 vinci,
1033 1922 1124 1965 quod
1150 1932 1216 1953 non
1243 1919 1327 1954 satis
1356 1920 1437 1954 boni
1460 1919 1493 1953 ci

109 1980 210 2015 inest.

198 2039 281 2084 §.AE
323 2042 420 2083 serro
453 2045 515 2075 aut
540 2043 638 2086 suga
673 2042 850 2085 exstinxit]
886 2043 1044 2087 Zeugnza
1077 2041 1179 2076 facile
1208 2041 1354 2086 quisque
1382 2051 1492 2086 agno-

108 2105 201 2143 scm
234 2112 270 2136 v,
293 2102 337 2135 ad
362 2113 392 2135 c.
418 2102 518 2143 xlv,
553 2103 586 2136 4.
610 2107 645 2136 et
668 2103 700 2137 9.
734 2103 931 2145 xxxvul,
956 2103 991 2138 9.
1029 2103 1190 2137 ceterum
1207 2104 1306 2146 suga
1329 2105 1380 2135 cst
1412 2102 1434 2134 i.
1458 2114 1490 2144 q.

109 2165 272 2209 exitinm‚·
305 2173 338 2197 ν.
362 2163 406 2196 ad
432 2174 461 2195 c.
487 2163 568 2207 XL,
593 2162 627 2196 4.
651 2181 697 2187 -
727 2164 871 2197 'finiaris
899 2163 1109 2197 Gerlacbius
1140 2169 1176 2196 ct
1210 2163 1323 2196 Faber
1353 2171 1492 2196 censent

109 2224 251 2269 passiva
276 2227 447 2267 potestate
471 2224 621 2267 positum
646 2235 738 2266 csse,
775 2229 812 2258 ut
841 2235 947 2268 supra
972 2224 1116 2268 XXXV,
1139 2223 1172 2256 2.
1195 2229 1325 2263 meme,-
1358 2223 1491 2267 scilicet

107 2283 339 2318 sevcrioribus
364 2284 503 2327 poenis,
527 2272 615 2327 qnae
636 2290 774 2319 senatus
796 2296 819 2327 n
844 2286 1086 2319 Gracchorum
1110 2284 1232 2318 amicis
1253 2288 1432 2328 repetcoet,
1456 2284 1491 2318 id

108 2345 275 2378 effectum
299 2356 392 2385 esse,
418 2351 455 2378 ut
479 2346 595 2389 magis
619 2357 642 2378 a
663 2347 788 2389 populo
813 2347 1076 2387 timeretur,
1110 2344 1262 2389 potentio
1286 2348 1401 2378 tamen
1423 2336 1490 2378 non

109 2409 232 2448 aucta,
269 2405 352 2448 quia
375 2417 477 2450 quem
502 2405 604 2438 multi
627 2405 792 2448 timeant,
822 2418 903 2440 eum
931 2417 1068 2441 necesse
1097 2405 1142 2440 sit
1167 2411 1202 2440 et
1225 2405 1336 2449 ipsum
1362 2405 1511 2456 multo-sm

108 2465 241 2500 timere,
288 2467 386 2500 llaec
408 2465 562 2510 speciose
584 2465 677 2500 dicta
701 2479 775 2500 csse
798 2478 866 2500 non
890 2478 1000 2510 neg03
1020 2470 1135 2500 tamen
1161 2466 1377 2510 probabilius
1400 2464 1489 2501 mibi

109 2531 160 2560 est
192 2527 323 2560 timoris
357 2526 622 2571 intelligendum
653 2539 727 2561 esse
760 2528 804 2560 de
835 2527 979 2569 tinum-e,
1015 2538 1084 2570 quo
1117 2534 1254 2561 senatus
1283 2526 1487 2572 agitaretur.

113 2587 229 2621 Timor
244 2586 334 2619 enim
354 2588 489 2629 passivo
513 2599 612 2621 sensu
629 2599 695 2621 non
713 2593 805 2621 recte
827 2587 954 2631 opponi
978 2592 1087 2630 potest
1107 2588 1294 2631 potentiae,
1318 2585 1487 2631 siquidum

109 2647 168 2691 qui
185 2648 274 2680 hanc
289 2648 430 2691 appetit,
455 2647 488 2681 id
515 2649 625 2691 ipsum
650 2647 725 2693 ugit
750 2654 787 2682 ut
811 2660 832 2683 a
855 2659 960 2692 quam
985 2647 1144 2690 plurimis
1169 2649 1353 2687 ‘fruenlum'
1375 2658 1486 2689 neque

109 2712 210 2742 curat
231 2707 381 2741 aliorum
405 2709 566 2742 timorem
588 2708 662 2750 sui,
696 2709 726 2742 si
750 2709 854 2742 modo
878 2709 1030 2752 potentia
1053 2709 1214 2752 gaudent.
1261 2708 1354 2742 Tum
1378 2707 1485 2740 verbu

108 2770 264 2804 timorem
288 2769 374 2803 siba·
396 2770 571 2803 addidit
595 2769 653 2802 vix
678 2769 787 2803 alium
811 2779 950 2803 sensum
973 2768 1104 2802 habere
1125 2773 1268 2812 possunt
1285 2767 1350 2801 nisi
1372 2767 1483 2801 hunc:
