1630 3034
410 162 769 207 IUGURTHA.
829 162 956 207 CAP.
984 163 1138 207 XCVI.
1383 170 1465 210 511

79 289 322 343 postquam
372 281 419 325 in
470 280 674 325 Africam
727 286 862 338 atque
914 279 958 322 in
997 285 1143 324 castra
1189 281 1308 327 Mari
1361 295 1465 327 cum

56 379 277 438 *equitatu
322 377 462 434 venit,
509 377 631 421 rudis
671 384 803 421 antea
841 383 888 420 et
918 375 1098 436 ignarus
1134 377 1267 438 belli,
1300 380 1459 424 soller-

74 477 281 521 tissumus
318 475 515 519 omnium
550 475 595 518 in
631 474 787 532 paucis
823 475 1164 540 tempestatibus
1203 476 1347 521 factus
1380 486 1460 522 est.

74 573 150 618 Ad
192 573 282 617 hoc
326 572 486 616 milites
535 571 730 631 benigne
774 570 1027 630 appellare,
1073 572 1222 617 multis
1255 575 1499 633 roganti-2

73 671 187 727 bus,
235 670 327 714 aliis
365 684 451 729 per
488 683 536 712 se
575 668 672 728 ipse
711 667 820 711 dare
862 667 1104 725 beneficia,
1153 669 1311 714 imitus
1339 673 1464 716 acci-

71 782 206 828 pere,
248 766 329 810 sed
372 780 426 809 ea
467 765 780 825 properantius
826 779 960 822 quam
1000 780 1075 810 aes
1112 773 1313 811 mutuum
1348 768 1459 812 red—

71 879 114 920 V,
137 877 193 918 19,
217 876 274 911 56.
329 877 448 912 Utrum
475 878 617 912 tandem
643 875 776 909 beatior
802 874 839 908 C·
866 874 1001 908 Marius
1024 880 1110 919 tum,
1141 889 1244 921 quum
1268 878 1461 913 Cimbricae

70 940 238 974 victoriae
261 938 412 984 gloriam
437 948 512 970 cum
536 937 673 981 collega
699 937 822 970 Catulo
854 937 1134 979 communicavit,
1168 949 1215 971 an
1239 950 1342 982 quum.
1366 941 1461 973 ct'vn’li

70 1001 156 1035 bello
180 1001 289 1034 victor
312 999 425 1032 iratus
440 1022 451 1038 ‚
484 999 687 1032 necessariis
719 997 837 1031 Catuli
861 997 1144 1041 deprecantibus,
1178 1010 1245 1032 nov.
1275 1000 1380 1032 semel
1402 1012 1459 1033 re-

68 1061 208 1106 spondit
229 1060 290 1094 sed
313 1069 437 1103 saepe,
461 1058 658 1092 moriatur?
676 1077 720 1084 —-
737 1060 790 1092 De
813 1057 957 1102 propria
976 1063 1143 1102 potestate
1165 1059 1263 1093 vocis
1286 1060 1461 1094 industria

67 1122 206 1167 egimus
229 1120 273 1154 ad
306 1132 337 1154 c.
361 1120 528 1161 LXXVI,
553 1120 586 1155 1.
611 1139 656 1145 —
694 1121 767 1163 Que
793 1119 966 1163 particula
990 1120 1025 1153 h.
1055 1120 1079 1154 l.
1102 1121 1280 1164 sequentia
1305 1133 1372 1155 non
1395 1133 1461 1155 an-

67 1182 174 1217 nectit
205 1181 433 1225 simpliciter,
463 1181 523 1214 sed
556 1180 624 1223 ita,
666 1187 705 1216 nt
736 1192 866 1215 novum
899 1180 1121 1215 enunciatum
1160 1193 1202 1215 ex
1233 1182 1460 1217 antecedente

65 1244 316 1277 consectarium
345 1254 419 1276 esse
456 1241 643 1284 indicetur,
677 1242 769 1286 quod
803 1241 998 1275 accuratius
1028 1241 1155 1275 dicitur
1184 1247 1218 1276 et
1246 1248 1460 1287 propterea,-

66 1315 102 1338 v.
128 1305 172 1338 ad
195 1303 297 1338 Catil.
321 1304 382 1345 111,
403 1302 437 1338 5.
475 1316 506 1347 p.
531 1303 576 1336 21
602 1315 653 1347 sq.
702 1304 739 1337 ld
773 1314 842 1347 qua
874 1301 1010 1336 ratione
1044 1302 1106 1337 fiat
1138 1314 1352 1347 quamquam
1375 1316 1458 1348 per-

64 1365 183 1410 spicue
207 1364 358 1399 diximus
383 1366 427 1399 ad
451 1366 527 1399 Cat.
550 1365 609 1406 IV,
634 1364 667 1397 2.
685 1375 718 1407 p.
741 1362 786 1396 24
811 1374 874 1405 sq.,
901 1363 1110 1397 Gerlachius
1136 1369 1253 1398 tamen
1275 1364 1311 1398 in
1335 1366 1456 1402 Praet.

64 1426 119 1461 ed.
150 1425 235 1460 min.
267 1437 302 1469 p.
336 1425 416 1458 ΧΠ.
450 1436 552 1458 suum
591 1429 729 1469 captum
769 1434 911 1467 prorsus
945 1435 1154 1468 exsuperare
1183 1424 1277 1458 dicit.
1333 1426 1459 1459 Facile

63 1486 180 1530 credp.
203 1490 250 1511 -—'
280 1486 375 1519 Nam
411 1490 546 1530 spectat
581 1487 623 1520 ad
658 1487 766 1519 verba
792 1485 1070 1529 felicissumo—
1100 1486 1289 1519 victoriam.
1313 1505 1359 1511 —
1380 1486 1457 1520 Pu-

63 1548 148 1581 deat
191 1547 309 1592 magis
341 1558 387 1579 an
427 1547 553 1592 pigeat
585 1547 668 1581 satis
698 1546 801 1580 multi
831 1549 947 1579 tenent
979 1546 1080 1580 codd.
1139 1546 1306 1581 Nonnulli
1339 1552 1457 1582 tamen

61 1611 183 1652 aperto
205 1618 324 1641 errore
346 1609 478 1643 habent
496 1609 643 1654 pudet
670 1619 712 1641 m.
737 1619 770 1640 a.
797 1606 954 1650 piget,
990 1606 1052 1640 alii
1077 1606 1177 1641 facili
1201 1608 1301 1652 lapsu
1322 1610 1456 1654 pudeat

62 1680 112 1702 an
145 1669 272 1713 pigeat
305 1670 488 1715 magis,
523 1680 593 1713 qna
621 1668 790 1702 varietate
813 1667 916 1701 lectio
946 1667 1092 1712 vulgata
1116 1679 1184 1702 non
1209 1670 1454 1707 labefactatur.

62 1731 182 1774 Quum
218 1741 302 1763 vero
335 1730 369 1763 in
401 1731 512 1764 tribus
545 1732 676 1764 deesset
700 1730 835 1774 magis,
869 1728 1079 1762 Gerlachius
1113 1729 1149 1762 in
1173 1731 1226 1764 ed.
1252 1731 1335 1764 mai.
1360 1732 1456 1764 hanc

61 1791 271 1835 particulam
293 1791 421 1834 omisit,
445 1792 480 1826 id
501 1792 633 1826 factum
656 1791 693 1824 in
716 1791 925 1824 Commentt.
948 1801 983 1832 p.
1009 1789 1092 1823 324.
1120 1791 1382 1834 comprobavit,
1407 1796 1454 1833 et,

62 1858 101 1887 ut
131 1853 221 1887 solet
245 1864 281 1886 se
305 1852 419 1896 ipsum
455 1852 650 1894 ludificari,
692 1851 728 1885 in
762 1851 816 1884 ed.
851 1860 929 1883 nov.
962 1849 1132 1891 restituit,
1166 1851 1302 1884 ratione
1335 1856 1456 1885 tamen

59 1925 128 1948 non
151 1918 342 1957 perspecta.
389 1913 533 1946 Scilicet
556 1913 629 1946 sine
651 1912 768 1957 magis
791 1911 918 1944 vocula
940 1909 1131 1943 Sallustius
1155 1911 1283 1946 diceret
1306 1923 1342 1945 se
1365 1912 1457 1946 inter

61 1978 250 2017 utrumque
279 1973 442 2007 fluctuari
478 1977 512 2007 et
541 1973 640 2016 quasi
665 1973 707 2006 de
731 1972 890 2017 eligendo
913 1970 1025 2003 altero
1049 1970 1250 2015 ambigere3
1276 1971 1366 2015 quod
1392 1972 1456 2005 ab-

59 2035 205 2067 surdum
229 2037 293 2067 est.
341 2034 411 2067 Sed
434 2035 550 2078 magis
575 2033 747 2077 particula
773 2032 893 2066 addita
916 2035 1065 2075 utraque
1089 2042 1128 2064 re
1149 2042 1187 2064 se
1210 2031 1293 2065 dicit
1315 2043 1452 2075 permo-

59 2096 157 2139 veri,
189 2107 233 2130 ne
260 2095 324 2129 illa
354 2095 517 2136 disserat,
551 2095 610 2128 scd
637 2093 881 2128 tantummodo
905 2091 940 2124 in
964 2091 1095 2125 incerto
1119 2092 1250 2126 habere
1266 2117 1276 2134 ,
1310 2098 1391 2128 utra
1415 2105 1454 2126 re

58 2156 301 2191 vehementius
325 2158 582 2200 permoveatur.
630 2155 709 2189 Hoc
732 2165 839 2198 quarn
861 2152 1005 2198 egrogie
1029 2152 1211 2188 conveniat
1234 2153 1454 2189 detestationi

60 2217 198 2252 Sullani
220 2216 385 2261 temporis
407 2216 511 2250 facile
532 2216 642 2250 vides.

153 2278 273 2312 xcvl.
298 2281 330 2321 ἓ.
355 2278 388 2313 1.
436 2278 578 2323 Igitur]
609 2278 661 2311 De
699 2276 736 2310 vi
767 2279 802 2310 et
840 2286 903 2309 usu
936 2274 1042 2309 huius
1076 2274 1268 2318 particulae
1294 2284 1326 2307 v.
1349 2274 1394 2308 ad
1419 2286 1451 2308 c..

4 2379 7 2386 ὃ
62 2338 157 2379 xlx,
180 2337 215 2371 7.
241 2349 274 2381 p.
299 2337 378 2371 124.
397 2358 442 2364 —
464 2340 516 2372 In
548 2338 671 2383 paucis
694 2336 954 2381 tempestatibus
976 2335 1070 2369 idcm
1093 2346 1168 2369 esse
1192 2338 1297 2378 atque
1320 2336 1451 2369 intra

59 2409 97 2442 p.
120 2403 145 2432 t.
183 2397 256 2431 iam
285 2398 435 2432 diximus
458 2398 503 2432 ad
533 2410 564 2432 c.
597 2399 754 2441 xxvm,
779 2397 813 2431 2.
838 2397 883 2430 cf.
909 2396 981 2429 Cic.
1006 2396 1049 2428 de
1079 2395 1121 2429 N.
1145 2396 1189 2429 D.
1215 2396 1259 2438 11,
1283 2395 1341 2436 4⁰,
1370 2395 1451 2432 1⁰2.

62 2460 123 2492 Sol
144 2459 243 2492 binas
265 2459 311 2492 ἰπ
342 2459 548 2504 singulis
581 2460 722 2494 annis
751 2457 985 2492 conversiones
1001 2457 1106 2498 facit.
1130 2456 1220 2499 Tap.
1251 2466 1282 2490 c.
1306 2455 1363 2498 10,
1387 2455 1447 2489 4-1.

62 2520 102 2554 Si
136 2520 280 2563 facilius
311 2523 416 2554 natus
448 2524 537 2553 esset
578 2520 626 2553 in
659 2521 811 2554 decem
850 2517 1096 2553 mensibus.
1129 2517 1265 2551 Lucu-et.
1298 2515 1356 2558 11,
1389 2515 1449 2550 77.

63 2580 203 2625 Inque
241 2581 367 2614 brevi
397 2581 554 2624 spatio
585 2585 764 2615 mutantur·
803 2579 920 2613 saecla
952 2577 1180 2612 animantum.
1233 2577 1287 2611 Ita
1320 2576 1450 2610 dicitur

61 2639 169 2675 etiam
190 2642 228 2675 in
252 2642 368 2681 brev1'3
391 2641 436 2675 cf.
461 2641 593 2674 Duker.
618 2641 661 2674 ad
687 2641 782 2674 Flor.
809 2641 836 2681 1,
862 2640 895 2682 1,
922 2638 978 2672 15.
1015 2639 1201 2672 Ruhnken.
1222 2638 1267 2672 ad
1291 2637 1378 2670 Veli.
1403 2637 1448 2677 11,

62 2700 129 2744 ⁶1,
152 2701 187 2736 2.
233 2702 430 2736 Inconsulta
471 2706 587 2736 autem
620 2701 761 2735 Cottius
795 2703 828 2733 et
861 2700 1070 2733 laumannns
1107 2699 1199 2733 lianc
1236 2701 1447 2733 structuram

63 2760 290 2797 confuderunt
320 2772 401 2796 cum
438 2773 480 2797 eo
499 2748 644 2796 'dicendi
680 2771 830 2806 genere,
869 2760 961 2804 quod
997 2759 1253 2794 illustravimus
1295 2758 1342 2792 ad
1368 2758 1447 2791 Cat.
