1630 3034
499 161 871 209 IUGURTHA.
932 164 1061 208 CAP.
1089 165 1149 208 X.
1466 170 1521 211 51

139 292 265 322 sume
298 276 473 324 rediens
492 277 731 324 Numantia
759 294 923 339 meque
946 295 1224 341 regnumque
1249 297 1398 328 meum
1420 284 1519 345 glo-

138 442 230 486 quod
256 443 381 478 Latina
411 445 534 491 lingua
555 444 702 489 perfecti
729 444 921 488 participiis
950 449 1090 485 careat,
1113 451 1229 480 tamen
1254 458 1321 480 non
1338 447 1520 492 negligen-

137 501 222 537 dum
241 509 316 539 erat
332 516 398 538 non
420 507 522 550 plane
543 507 593 540 ita
614 503 788 540 defectum
812 505 919 539 istum
945 507 1180 550 compensari,
1203 507 1262 540 sed
1287 507 1417 551 ubique
1439 520 1521 552 pro-

137 564 251 608 priam
274 565 325 598 rei
353 567 503 599 nondum
528 566 709 600 absolutae
733 566 910 600 notionem
935 565 1097 607 retineri,
1134 573 1170 601 ut
1191 578 1259 600 non
1281 571 1352 600 tam
1377 567 1520 610 perfecti

136 629 200 658 aut
221 626 572 670 plusquamperfecti,
599 638 706 670 quam
737 626 933 671 imperfecti
963 626 1035 660 vim
1063 627 1232 660 eiusmodi
1256 627 1439 670 participia
1461 639 1519 662 su·-

135 683 294 720 stineant.
342 686 393 719 Ad
415 698 523 720 unum
541 686 631 720 enim
659 687 777 721 omnia
798 688 958 731 exempla
978 686 1100 721 docent
1117 687 1216 721 verbi
1243 687 1416 722 actionem
1438 699 1520 732 par-

135 743 257 788 ticipio
275 750 470 780 contentam
490 759 560 781 non
577 748 776 781 absolutam
797 747 967 792 cogitari,
991 748 1050 780 sed
1077 748 1182 781 talem
1195 773 1205 789 ‚
1230 759 1318 791 quae
1346 760 1455 792 usque
1474 750 1519 783 ad

134 805 284 839 alteram
299 832 309 850 ‚
333 808 442 840 sserbo
464 808 563 842 finito
587 808 822 849 declaratam,
847 807 1019 851 pertineat
1042 819 1084 842 ac
1106 809 1225 848 duret,
1249 808 1282 842 id
1312 809 1404 852 quod
1427 813 1521 844 recte

133 866 310 909 perspexit
339 868 497 903 Perizon.
521 869 565 902 ad
590 869 708 902 Sanct.
733 869 818 904 Min.
852 870 878 911 1,
905 868 959 902 15.
987 881 1018 912 p.
1045 867 1126 904 155.
1151 869 1205 904 ed.
1233 869 1322 902 Bau.
1353 869 1519 904 Sanctius

133 924 228 959 enim
250 938 358 970 quum
389 933 424 963 et
455 929 567 962 multa
593 929 665 963 alia
687 932 721 962 et
751 929 820 961 hoc
843 928 961 962 Plauti
986 929 1178 963 attulisset:
1214 930 1415 973 Amphitruo
1440 943 1518 965 cum

133 998 238 1021 uxore
260 988 361 1022 modo
386 1000 427 1023 ex
451 990 603 1023 hostibus
626 990 711 1022 adv
723 991 883 1023 eniens
906 990 1119 1034 voluptatem
1142 991 1258 1034 capit,
1287 991 1518 1034 explicatione

133 1046 253 1081 addita
278 1048 301 1081 i.
319 1059 348 1082 e.
371 1055 554 1094 postquam
578 1049 739 1091 advenit,
775 1049 976 1084 Perizonius
1001 1050 1280 1093 „Advenientes,
1311 1052 1440 1096 inquit,
1465 1053 1518 1087 di-

132 1111 257 1141 cuntur
278 1120 346 1142 non
370 1109 423 1143 illi
446 1115 603 1151 tantum,
627 1110 686 1153 qui
710 1110 745 1143 in
770 1110 894 1144 itinere
916 1114 1008 1152 sunt,
1032 1111 1090 1145 sed
1114 1115 1148 1145 et
1172 1111 1232 1155 qui
1255 1112 1327 1145 iam
1350 1124 1518 1156 pervene-

131 1172 214 1203 runt
242 1169 279 1203 in
314 1171 430 1204 locum
455 1172 498 1205 ad
522 1183 625 1215 quem
648 1172 853 1212 tendebant,
887 1174 922 1205 et
952 1172 1095 1215 speciem
1121 1172 1378 1206 advenientium
1403 1174 1517 1207 adhuc

130 1230 292 1264 retinent.
338 1232 390 1264 Eo
414 1243 522 1276 usque
544 1231 636 1265 enim
651 1243 688 1265 se
712 1232 862 1266 extendit
885 1231 1089 1266 adveniendi
1104 1232 1353 1277 significatio.“
1401 1235 1518 1278 Quare

130 1291 224 1334 apud
251 1292 439 1326 Horatium
463 1293 487 1325 l.
511 1293 536 1326 l.
576 1293 692 1326 Rubos
716 1293 808 1335 fessi
836 1292 1073 1336 pervenimus,
1097 1297 1215 1336 utpote
1239 1293 1380 1338 longum
1416 1305 1517 1327 car-

128 1356 291 1396 pentes
314 1353 381 1387 iter
400 1364 468 1386 non
492 1356 543 1387 est
564 1353 586 1386 i.
607 1365 639 1397 q.
664 1350 888 1386 Heindorlius
913 1353 985 1385 vult
1009 1353 1146 1394 emensi,
1167 1364 1247 1386 nam
1266 1355 1433 1398 carpendi
1456 1355 1517 1388 iti-

129 1413 223 1446 neris
244 1413 340 1447 notio
363 1424 431 1446 non
454 1417 618 1456 tanquam
643 1423 848 1456 praegressa
872 1413 1057 1457 cogitatur,
1084 1414 1144 1447 sed
1163 1413 1387 1448 continuatur
1409 1426 1518 1458 usque

129 1471 174 1506 ad
196 1471 312 1514 ipsum
335 1473 536 1507 adventum.
582 1474 636 1508 Ad
669 1478 826 1507 nostram
859 1474 1124 1517 explicationem
1148 1475 1252 1508 huius
1273 1475 1408 1507 dicendi
1432 1487 1516 1509 usus

129 1532 375 1566 stabiliendam
398 1533 534 1578 insigne
558 1539 609 1568 est
632 1535 828 1577 exemplum
853 1545 875 1568 a
899 1535 1137 1568 Bamshornio
1161 1535 1185 1568 l.
1206 1535 1230 1569 l.
1255 1535 1422 1577 allatum,
1448 1536 1515 1570 Va-

127 1592 192 1627 ler.
210 1594 304 1627 Max.
326 1594 366 1636 V,
381 1595 415 1637 2,
435 1594 468 1629 8.
518 1595 556 1629 C.
586 1595 721 1629 Marius
745 1596 834 1629 duas
856 1596 1068 1629 Camertium
1094 1595 1247 1629 cohortes
1270 1596 1362 1629 mira
1388 1597 1516 1632 virtute

127 1653 197 1686 vim
223 1654 436 1688 Cimbrorum
459 1655 768 1698 sustinentes,
804 1656 853 1690 in
885 1657 988 1700 ipsa
1018 1656 1124 1689 acie
1149 1656 1356 1690 civitate
1381 1658 1514 1691 dona—

124 1713 212 1755 vit,
247 1714 308 1748 nbi
344 1715 463 1749 addita
487 1715 594 1749 verba
624 1716 671 1748 in
702 1717 804 1761 ipsa
835 1717 935 1750 acie
955 1716 1149 1751 clarissime
1172 1717 1355 1752 ostendunt
1376 1729 1515 1752 sensum

124 1785 193 1809 non
217 1786 294 1809 esse
316 1788 446 1821 quum
479 1777 836 1819 sustinuissent,
868 1778 928 1811 sed
961 1788 1090 1822 quum
1114 1777 1356 1812 etiamtum
1379 1780 1515 1813 susti-

124 1841 298 1872 nerent.
344 1837 459 1881 Igitur
498 1837 591 1881 apud
625 1837 711 1872 Sall.
740 1838 878 1872 rediens
901 1849 970 1872 non
999 1842 1051 1872 est
1082 1842 1159 1882 post
1187 1838 1357 1880 reditum,
1382 1839 1442 1872 sed
1467 1840 1513 1873 si-

123 1896 196 1930 mul
218 1909 293 1930 cum
317 1898 390 1942 ipso
413 1900 548 1942 reditu,
574 1910 676 1943 quum
691 1898 833 1935 redires.
856 1899 901 1932 cf.
928 1899 1080 1942 Vell.11‚
1102 1897 1161 1940 72,
1177 1896 1210 1931 4.
1258 1898 1395 1932 Statius
1414 1899 1513 1932 Mur-

124 1967 184 1991 cus
206 1958 300 1991 Sext.
326 1958 550 2004 Pompeium,
583 1960 642 2004 qui
666 1970 706 1993 ex
741 1960 917 2004 Hispania
951 1963 1197 1994 revertens
1223 1957 1380 1990 Siciliam
1405 1959 1513 1993 armis

123 2023 373 2061 occupaverat,
393 2021 494 2063 petit.
514 2031 582 2063 quo
602 2019 822 2064 significatur
845 2031 925 2053 cum
941 2020 1016 2062 ipso
1032 2018 1146 2052 reditu
1162 2017 1380 2066 coniunctam
1404 2018 1513 2054 fuisso

123 2076 268 2111 Siciliae
291 2079 565 2122 occupationem.
592 2079 664 2114 Cic.
689 2080 795 2113 Tusc.
819 2081 863 2121 11,
886 2079 945 2121 25,
961 2079 1019 2113 61.
1070 2078 1211 2112 Solebat
1234 2089 1384 2112 narrare
1410 2079 1510 2113 Pom-

118 2137 243 2180 peius,
269 2148 327 2178 se,
349 2150 454 2182 quum
479 2139 639 2173 Rhodum
662 2141 813 2174 venisset
836 2140 1059 2173 decedens
1083 2150 1124 2172 es
1147 2138 1271 2181 Syria,
1299 2139 1422 2173 audire
1446 2151 1507 2173 vo-

122 2196 228 2231 luisse
253 2197 470 2232 Posidonium
480 2211 493 2240 ,·
516 2200 672 2233 decessus
689 2203 808 2232 autem
824 2210 891 2233 non
915 2204 1048 2234 constat
1064 2199 1138 2242 ipso
1153 2197 1302 2232 abeundi
1320 2203 1508 2242 momento,

120 2255 180 2290 sed
211 2259 285 2292 toto
316 2257 439 2292 itinere
462 2271 502 2292 ex
527 2259 634 2303 Syria
664 2259 817 2292 Romam
849 2260 954 2293 facto.
980 2259 1057 2293 Liv.
1082 2259 1179 2302 XXI,
1203 2257 1260 2300 32,
1276 2257 1309 2291 2.
1363 2259 1399 2294 P.
1424 2260 1505 2293 Gor-

120 2317 232 2351 nelius
248 2318 297 2351 ad
313 2329 410 2351 mare
430 2330 471 2351 ac
491 2330 597 2352 naves
617 2320 735 2362 rediit,
763 2320 871 2353 tutius
888 2321 1100 2364 faciliusque
1126 2319 1436 2355 descendenti
1460 2321 1504 2355 ab

120 2377 267 2422 Alpibus
292 2377 486 2412 Hannibali
508 2391 718 2421 occursurus,
745 2380 766 2412 i.
786 2391 816 2413 e.
840 2379 876 2412 in
891 2379 968 2423 ipso
991 2379 1027 2412 in
1051 2379 1175 2413 Italiae
1198 2380 1303 2422 plana.
1327 2380 1503 2416 descensu.

119 2437 236 2472 Tacit.
261 2438 378 2483 Agris.
404 2450 433 2475 c.
457 2440 518 2472 lx.
566 2440 890 2475 Revertentem
916 2441 959 2474 ab
989 2440 1166 2485 legatione
1192 2441 1340 2485 legionis
1367 2442 1405 2475 D.
1439 2443 1505 2476 Ve-

118 2499 301 2543 spasianus
324 2499 415 2533 inter
443 2500 607 2534 Patricios
629 2501 763 2534 ascivit.
782 2519 827 2524 —-
855 2501 993 2546 Meque
1016 2511 1252 2546 regnumque.
1280 2502 1327 2534 cf.
1351 2502 1425 2537 Cat.
1440 2503 1505 2545 lx,

117 2556 153 2592 3.
176 2559 335 2602 xxxvl,
362 2559 396 2592 4.
428 2561 505 2606 Ing.
539 2561 642 2602 XXI,
675 2559 709 2594 4.
744 2561 900 2594 LXXIX.
924 2561 957 2595 9.
991 2561 1163 2602 LXXXV,
1187 2561 1243 2595 36.
1271 2561 1387 2596 Tacit.
1414 2563 1502 2597 Anu.

116 2618 216 2661 11‚3.,
234 2630 323 2663 quae
347 2624 468 2654 notare
488 2632 554 2653 non
584 2632 672 2664 opus
693 2621 877 2662 duxissem,
897 2621 964 2655 nisi
988 2622 1143 2655 viderem
1159 2623 1358 2666 Zumptium
1380 2624 1502 2658 Gram.

116 2678 193 2713 Lat.
226 2682 258 2721 §.
283 2680 340 2714 67.
369 2681 401 2714 l.
431 2686 500 2714 not.
529 2693 562 2724 p.
585 2679 666 2715 275.
700 2683 753 2714 cd.
788 2681 846 2714 lv.
875 2683 968 2714 hunc
993 2694 1058 2726 que
1082 2683 1277 2725 particulae
1301 2685 1502 2728 geminatae

116 2749 218 2774 usum
240 2741 354 2784 poetis
387 2745 523 2774 tantum
547 2742 720 2785 tribuere,
746 2743 836 2785 quod
862 2742 967 2775 etiam
993 2743 1176 2776 Walchius
1201 2743 1243 2777 ad
1268 2744 1355 2779 Tac.
1382 2744 1500 2790 Agric.

1137 2814 1224 2856 4*
