1630 3034
149 187 234 228 50⁰
512 179 556 223 C.
586 179 907 222 SALLUSTI
948 178 1173 223 CRISPI

286 297 450 342 XCIV.
523 296 617 341 Sed
667 297 743 340 ubi
790 310 845 340 ex
885 302 1133 357 praecepto
1178 304 1356 358 tempus
1387 298 1541 352 visum,
1582 297 1585 299 ’

152 395 321 456 paratis
350 394 701 454 compositisque
737 393 941 437 omnibus
970 393 1028 438 ad
1060 393 1211 438 locum
1246 395 1411 455 pergit.
1450 393 1543 438 Ce-

152 499 296 537 terum
330 492 416 549 illi,
461 491 537 550 qui
576 491 799 536 ascensuri
836 496 983 548 erant,
1026 491 1264 551 praedocti
1304 492 1362 536 ab
1411 491 1543 546 duce,

153 605 278 634 arma
316 594 610 647 ornatumque
645 593 944 643 mutaverant,
994 588 1142 648 capite
1183 595 1317 647 atque
1352 587 1545 648 pedibus

154 687 306 742 nudis,
347 686 412 730 uti
446 691 713 746 prospectus
749 685 959 744 nisusque
1002 701 1087 746 per
1124 701 1229 730 saxa
1263 684 1434 731 facilius
1470 684 1544 727 fo-

153 790 245 838 ret3
283 798 419 845 super
452 789 581 844 terga
607 783 747 843 gladii
789 788 834 826 et
868 788 1004 839 scuta,
1026 799 1182 827 verum
1219 799 1274 827 ea
1307 781 1547 826 Numidica

155 897 210 926 ex
246 881 401 934 coriis,
440 879 654 941 ponderis
691 879 837 941 gratia
873 879 1025 937 simul,
1067 888 1111 925 et
1141 881 1316 926 offensa
1349 894 1439 938 quo
1476 879 1545 922 le-

246 1017 370 1052 XCIV.
403 1019 438 1060 §.
472 1016 506 1051 1.
552 1017 699 1063 pergit]
748 1017 972 1061 Quamquam
1007 1017 1183 1053 constituit
1213 1017 1359 1052 verbum
1390 1015 1548 1060 proxime

154 1088 401 1123 praegressum
429 1078 584 1112 Marium
613 1078 809 1113 subiectum
840 1077 987 1120 habuit,
1023 1082 1140 1112 tamen
1159 1079 1280 1124 pergit
1304 1082 1372 1110 non
1395 1075 1439 1110 ad
1463 1087 1549 1109 eun—

154 1140 235 1174 dem
264 1139 426 1173 refertur.
473 1138 542 1172 Sed
578 1139 746 1184 Ligurem
779 1140 884 1174 tacite
917 1150 992 1174 esse
1023 1138 1059 1173 in
1089 1139 1217 1183 prioris
1248 1138 1396 1178 subiecti
1430 1138 1548 1172 locum

153 1201 431 1236 substituendum
457 1199 510 1244 (v.
536 1204 702 1235 annotata
725 1201 771 1236 ad
795 1213 824 1235 c.
849 1200 994 1243 XXXV,
1018 1199 1052 1233 9.
1076 1212 1108 1244 p.
1133 1199 1234 1244 211.)
1263 1211 1371 1243 quum
1395 1211 1450 1233 res
1471 1199 1549 1243 ipsa

154 1261 318 1307 flagitat,
344 1265 420 1296 tum
443 1260 653 1307 intelligitur
686 1273 728 1296 ex
761 1262 877 1296 verbis
908 1273 959 1296 erc
995 1267 1245 1306 praecepto
1279 1261 1426 1307 pergit,
1457 1261 1548 1305 quod

155 1335 224 1357 non
247 1326 359 1367 potest
383 1323 425 1355 (le
448 1334 490 1356 eo
523 1323 614 1366 dici,
640 1323 700 1368 qui
733 1324 829 1368 ipse
862 1323 1050 1368 praecepit.
1074 1343 1119 1348 —
1147 1323 1214 1365 Qui
1238 1322 1415 1357 ascensuri
1448 1326 1548 1356 erant

153 1384 355 1428 scripsimus
378 1395 421 1417 ex
445 1383 558 1418 Palat.
584 1382 617 1418 5.
645 1385 765 1420 Guelf.
786 1385 820 1419 6.
848 1384 929 1419 Sen.
951 1384 985 1418 2.
1011 1383 1136 1417 Heuss.
1154 1383 1227 1417 Erl.
1247 1383 1337 1420 Tur.
1352 1383 1386 1417 1.
1411 1395 1458 1417 m.
1478 1394 1547 1417 sec.

155 1449 190 1480 et
209 1446 342 1487 (ἔθει-1.,
361 1455 481 1489 quum,
506 1445 599 1488 quod
621 1444 656 1479 in
677 1445 755 1479 edd.
776 1445 938 1480 omnibus
955 1444 1070 1479 editur
1090 1446 1149 1489 qui
1166 1445 1330 1479 centuriis
1346 1449 1547 1489 praeerant,

155 1518 224 1541 non
257 1507 362 1541 modo
394 1517 496 1539 sensu
531 1510 752 1550 suspectum,
785 1507 844 1541 sed
869 1505 1076 1541 certissimis
1107 1506 1245 1540 indiciis
1266 1509 1468 1550 corruptum
1492 1505 1547 1539 sit.

154 1567 246 1602 Nam
277 1566 430 1611 primum
471 1566 617 1602 offendit
656 1567 928 1604 insolentissima
970 1567 1121 1602 nominis
1151 1566 1450 1611 circumscriptio,
1488 1566 1550 1600 ubi

155 1628 253 1663 nulla
277 1629 379 1672 plane
402 1639 525 1661 caussa
549 1632 645 1670 erat,
678 1641 740 1664 cur
772 1633 895 1664 auctor
929 1641 998 1664 nou
1021 1628 1228 1673 simpliciter
1263 1629 1477 1663 centuriones
1496 1628 1549 1661 di-

155 1691 270 1730 ceret3
303 1692 379 1723 tum
412 1688 567 1722 maxime
601 1689 732 1723 mirum
766 1694 838 1733 est,
878 1691 966 1724 solos
996 1691 1212 1724 centuriones
1242 1689 1377 1724 monitu
1409 1689 1550 1734 Liguris

155 1749 348 1785 instituisse
379 1759 422 1783 ae
456 1760 620 1792 parasse,
653 1750 780 1794 quibus
813 1761 973 1784 ascensus
1004 1749 1207 1791 iuvaretur-3
1239 1762 1349 1794 quum
1380 1751 1548 1790 omnibus,

153 1809 336 1846 difficilem
367 1820 442 1843 rem
473 1810 698 1853 audentibus,
732 1811 810 1855 pari
841 1811 1001 1845 cautione
1033 1814 1067 1845 et
1110 1811 1293 1856 diligentia
1328 1822 1415 1855 opus
1449 1817 1547 1845 esset.

154 1871 225 1907 Sed
248 1882 317 1905 uon
340 1870 390 1904 ita
413 1869 592 1914 scripsisse
614 1871 821 1906 Sallustium
845 1871 973 1906 exincit
1000 1871 1171 1906 dissensus
1198 1871 1358 1906 codicum
1383 1873 1432 1907 ita
1452 1884 1548 1906 com-

155 1936 321 1978 paratus,
356 1934 395 1966 ut
418 1934 453 1965 et
484 1932 574 1965 unde
597 1933 762 1966 fluxerint
785 1938 819 1967 et
843 1933 1017 1977 quomodo
1050 1935 1173 1966 auctae
1195 1931 1262 1966 sint
1289 1934 1411 1968 variae
1434 1933 1547 1967 libro-

156 2006 235 2028 rum
270 1993 489 2037 corruptelae
522 1992 629 2027 facile
663 1993 852 2039 intelligas.
911 1994 1003 2028 Nam
1039 2004 1148 2036 quum
1179 1993 1332 2028 auctoris
1363 2005 1406 2028 ea
1439 1995 1548 2028 verba

156 2055 242 2099 sint,
273 2065 363 2099 quae
394 2053 592 2095 edidimus,
624 2054 660 2087 in
702 2055 785 2089 satis
822 2055 966 2099 antiquo
1004 2053 1124 2098 aliquo
1165 2054 1242 2088 cod.
1284 2054 1420 2099 ineptus
1451 2066 1549 2088 error

156 2115 362 2150 commissus
386 2119 436 2148 est
452 2141 463 2157 ‚
498 2127 602 2159 quem
626 2127 647 2150 a
671 2116 788 2160 prima
806 2129 912 2152 manu
936 2116 1071 2160 accepit
1095 2115 1205 2149 Paris.
1231 2127 1274 2158 z.,
1297 2117 1414 2151 scriba
1437 2116 1549 2150 oeulis

157 2181 218 2212 aut
242 2187 349 2210 manu
366 2176 520 2231 ldecepta
556 2190 620 2221 pro
652 2179 828 2214 ascensuri
858 2184 1021 2213 exarante
1044 2179 1188 2213 centuri.
1234 2178 1318 2212 Inde
1343 2179 1473 2212 fuctum
1498 2182 1550 2213 est

157 2238 193 2272 in
219 2237 314 2273 Leid.
342 2238 381 2272 L.
408 2239 467 2282 qui
499 2239 738 2274 centuriones
769 2246 892 2281 erant,·
924 2240 959 2273 in
984 2241 1070 2274 Tur.
1097 2241 1128 2274 1.
1152 2251 1201 2274 m.
1226 2251 1279 2284 pr.
1314 2240 1375 2284 qm·
1397 2251 1445 2273 ex
1469 2250 1549 2272 cen-

159 2300 263 2334 turia
288 2304 409 2340 erant‚·
442 2298 478 2332 in
503 2300 624 2334 Guels.
649 2300 705 2336 ll.
739 2301 798 2345 qui
835 2312 883 2335 ex
917 2301 1102 2335 centuriis
1135 2305 1258 2341 erant;
1289 2301 1325 2334 in
1353 2301 1431 2335 Pal.
1457 2300 1492 2336 3.
1515 2303 1549 2334 ct

159 2359 239 2394 Vin.
263 2360 299 2394 2.
331 2360 390 2406 qui
424 2371 474 2394 ex
508 2362 691 2395 centuriis
721 2367 962 2407 praeerant,·
997 2362 1033 2396 in
1065 2361 1142 2396 Vin.
1168 2362 1200 2396 1.
1227 2362 1324 2398 vrat.
1348 2361 1380 2394 1.
1407 2361 1487 2395 Sen.
1513 2360 1547 2395 1.

159 2420 279 2457 Guelf.
303 2421 337 2456 1.
361 2421 469 2455 Fabr.
495 2421 529 2457 1.
556 2423 589 2457 2.
625 2423 708 2458 Naz.
743 2425 911 2458 Commel.
945 2425 1023 2458 Pal.
1048 2423 1082 2457 2.
1115 2423 1234 2460 Berol.
1260 2422 1293 2457 1.
1319 2422 1378 2467 qm*
1401 2426 1443 2456 et
1468 2432 1548 2455 een-

159 2483 282 2517 curiae
315 2490 557 2526 praecanam
591 2485 625 2519 in
660 2485 736 2520 Pal.
768 2485 802 2521 4.
835 2486 894 2530 qui
935 2489 977 2520 et
1012 2485 1191 2518 centuriis
1232 2487 1472 2528 praeerunt3
1510 2480 1546 2514 in

159 2543 277 2577 Berol.
301 2542 334 2576 2.
367 2545 426 2588 qui
458 2547 650 2581 centuriae
688 2552 931 2592 praeerunt3
970 2546 1006 2580 in
1043 2544 1213 2588 relicuis,
1248 2548 1287 2578 ut
1309 2543 1455 2588 vulg-ata
1480 2541 1544 2574 ha-

159 2605 237 2646 bet,
269 2604 328 2649 qui
368 2607 544 2641 centuriis
582 2613 806 2652 praeerant.
863 2607 998 2651 Quibus
1037 2604 1262 2640 consideratis
1304 2603 1381 2648 quis
1410 2601 1546 2647 putabit

155 2670 375 2709 praeerant
415 2678 537 2701 veram
575 2668 788 2712 scripturam
822 2680 916 2711 esse,
959 2678 1068 2712 quum
1106 2678 1194 2711 prae
1227 2666 1305 2699 luce
1343 2663 1472 2698 clarius
1503 2674 1545 2696 ex

158 2725 424 2769 interpolatione
459 2727 633 2762 adiectum
658 2728 734 2763 sit?
771 2729 982 2764 Precor-ant
1007 2733 1123 2763 autem
1156 2727 1187 2762 si
1211 2727 1340 2760 fulsum
1365 2729 1439 2767 est,
1464 2736 1544 2759 cen·

159 2787 259 2821 curiis
282 2798 348 2821 uon
373 2791 485 2831 potest
508 2800 630 2823 verum
653 2801 742 2831 esse,
769 2789 812 2823 de
834 2801 902 2833 quo
927 2792 1023 2824 tanto
1046 2788 1162 2822 minus
1185 2786 1382 2827 dubitabis,
1415 2790 1544 2829 quanto
