1630 3034
486 147 847 194 IUGURTHA.
882 148 1010 193 CAP.
1041 148 1168 193 XXI.
1435 153 1517 194 131

130 265 355 325 pergebat
400 265 546 321 urbis,
584 280 720 325 agros
765 270 964 321 vastare,
1008 264 1202 324 praedas
1231 279 1395 325 agere3
1431 266 1518 311 suis

132 362 356 416 animum,
391 361 594 406 hostibus
630 368 850 406 terrorem
886 376 1066 421 augere.

267 458 389 503 XXI.
439 457 673 502 Adherbal
719 458 797 501 ubi
856 453 1074 517 intellegit
1131 472 1185 501 eo
1240 472 1516 517 processum,

129 554 194 598 uti
228 568 420 614 regnum
454 561 530 598 aut
563 554 906 613 relinquendum
941 560 1077 609 esset,
1122 560 1198 598 aut
1231 555 1362 598 armis
1407 555 1515 599 reti-

127 723 163 757 4.
186 724 305 760 Berol.
330 724 365 759 2.
390 725 538 759 fortasse
561 724 669 759 etiam
693 725 804 760 Paris.
828 726 864 759 b.
889 737 919 759 c.
947 736 978 758 x.
1003 737 1034 758 z.
1058 725 1131 758 Erl.
1154 728 1188 759 et
1212 725 1326 770 Teg.;
1350 736 1384 758 v.
1407 736 1516 770 snpra

128 784 174 819 ad
197 785 261 826 Vl,
285 785 320 819 2.
345 805 391 810 -
416 786 583 819 Obvius
604 787 760 830 procedit
785 797 852 818 non
876 789 926 818 est
949 786 1039 828 quod
1064 796 1145 818 cum
1170 785 1360 820 Gerlachio
1382 787 1515 830 poetice

128 844 261 879 dictum
295 850 413 890 putes3
445 857 527 879 nam
562 850 600 880 ut
634 858 738 889 saepe
771 845 804 878 in
838 846 986 889 pedestri
1021 845 1176 878 oratione
1209 846 1418 880 adiectivum
1448 857 1515 891 pro

127 905 296 940 adverbio
332 907 473 950 ponitur
507 907 559 950 (v.
587 908 630 941 ad
655 908 729 941 Cat.
757 907 886 946 XXVI,
911 905 982 948 5.)‚
1008 905 1057 938 ita
1082 906 1202 939 obvius
1225 907 1320 940 haud
1344 918 1425 941 raro
1450 918 1515 951 pro

99 966 267 999 *obviam
303 966 457 1009 dicitur,
493 968 571 1001 Liv.
603 969 676 1009 111,
699 967 744 1008 6,
769 968 802 1001 7.
831 978 934 1010 quum
958 967 1117 999 obvius
1141 978 1238 999 nemo
1255 969 1374 1010 fieret.
1398 968 1435 1009 1,
1457 966 1516 1010 26,

126 1025 162 1059 2.
185 1027 241 1060 σαί
264 1038 360 1060 soror
383 1029 526 1063 obvia
542 1031 630 1072 suit.
656 1028 782 1068 XXVI,
808 1027 871 1068 25,
897 1025 952 1060 15.
979 1032 1095 1060 castra
1120 1028 1199 1060 obv
1214 1027 1257 1060 ia
1283 1029 1372 1061 hosti
1392 1039 1517 1072 posue-

127 1090 220 1120 runt.
244 1098 279 1123 v.
304 1086 398 1120 infra
423 1088 467 1120 ad
487 1101 516 1121 c.
542 1089 661 1129 XLVI,
684 1087 717 1121 5.
736 1105 781 1112 —-
810 1089 860 1120 De
886 1088 983 1120 Cirta
1005 1088 1092 1120 urbe
1117 1099 1151 1120 v.
1175 1088 1273 1121 Auet.
1298 1088 1382 1121 belli
1406 1088 1517 1121 Afric.

127 1157 157 1179 c.
183 1146 241 1179 25.
266 1147 342 1180 Liv.
368 1148 487 1191 XXX,
513 1149 568 1182 12.
593 1150 716 1191 Pomp.
746 1149 840 1181 Mela
863 1149 900 1190 Ι,
926 1149 959 1181 6.
995 1149 1093 1182 Cirta
1126 1147 1289 1192 procul
1322 1158 1345 1180 α
1379 1146 1517 1188 mari,

126 1218 216 1240 nunc
241 1208 468 1241 Sittianorum
492 1210 637 1242 colonia.
662 1214 695 1242 et
719 1209 847 1242 Strabo
875 1209 991 1249 XVII,
1014 1208 1046 1242 3.
1081 1221 1115 1252 p.
1152 1208 1234 1242 488.
1266 1207 1318 1240 ed.
1353 1206 1518 1240 Tauchn.

126 1279 162 1310 p.
186 1267 289 1302 1188.
313 1269 357 1301 D.
382 1269 558 1302 Almelov.
589 1269 687 1302 cuius
711 1270 819 1303 verba
852 1270 941 1302 haec
974 1272 1073 1301 sunt:
1107 1270 1227 1310 Κίρτα
1265 1266 1303 1302 τέ
1340 1266 1437 1302 ἐστιν
1470 1264 1518 1302 ἐν

125 1330 382 1374 μεσογαίᾳ,
416 1328 457 1363 τὸ
491 1331 759 1364 ,Μασσανίσσου
791 1329 852 1363 καὶ
879 1330 953 1363 τῶν
977 1327 1058 1371 ἑξῆς
1092 1328 1278 1372 διαδόχων
1317 1329 1517 1374 βασίλειον,

125 1386 231 1427 πόλις
259 1387 519 1435 εὐερκεστάτη,
543 1388 862 1433 κατασκευασμε-’νη
891 1390 1009 1428 καλῶς
1029 1392 1107 1429 τοῖς
1132 1391 1242 1429 πᾶσι,
1267 1388 1330 1424 καὶ
1360 1387 1518 1433 μάλιστα

126 1446 201 1484 ὑπὸ
223 1451 386 1494 ΜΤικίψα,
409 1447 506 1491 ὅστις
533 1450 596 1485 καὶ
631 1446 814 1493 ’Έλληνας
836 1449 1032 1495 συνῴκισεν
1055 1447 1093 1483 ἐν
1113 1447 1210 1495 αὐτῇ
1247 1450 1307 1484 καὶ
1332 1447 1518 1493 τοσαύτην

124 1507 320 1554 ἐποίησεν,
346 1507 438 1544 ὥστ’
469 1509 663 1554 ἐκπέμπειν
688 1502 849 1552 Ῐιιυριόυς
879 1509 1035 1551 ἱππέας,
1063 1512 1283 1550 διπλασίους
1308 1507 1348 1544 δὲ
1372 1507 1517 1551 πεζούς.

125 1573 173 1605 cf.
199 1573 323 1606 Cellar.
350 1571 427 1605 Not.
452 1571 527 1604 orb.
555 1574 626 1604 ant.
649 1571 714 1611 IV,
748 1570 781 1604 5.
808 1583 839 1614 p.
867 1572 947 1606 5302.
973 1572 1147 1605 Manum-ti
1173 1572 1304 1615 Geogr.
1332 1571 1458 1603 Graec.
1484 1570 1520 1602 ct

125 1632 231 1665 Rom.
264 1631 370 1665 Tom.
404 1631 447 1664 X.
474 1631 512 1665 P.
539 1632 582 1663 ΙΙ.
607 1643 640 1673 p.
666 1630 734 1664 310
759 1644 832 1674 sqq.
882 1633 985 1674 Quod
1009 1633 1134 1666 Noster
1159 1632 1194 1665 in
1219 1632 1287 1664 situ
1311 1629 1415 1662 urbis.
1434 1639 1519 1662 con-

124 1691 296 1726 stituendo
321 1703 342 1724 a
367 1692 462 1724 Mela
486 1696 519 1725 et
543 1692 713 1725 Strabone
747 1691 929 1725 di=sentire
960 1694 1117 1735 videtur,
1154 1693 1189 1726 id
1224 1693 1311 1724 bene
1344 1687 1521 1732 expedivit
1547 1695 1550 1700 ’

123 1751 286 1794 Cottius,
317 1763 460 1785 monens
492 1752 657 1795 temporis
692 1758 725 1786 et
760 1752 827 1786 loci
862 1764 990 1795 voces,
1016 1758 1054 1787 ut
1073 1754 1214 1797 procul,
1241 1753 1369 1794 longe,
1394 1759 1518 1793 nuper,

55 1849 90 1861 -.
125 1813 187 1846 diu
221 1824 289 1845 non
324 1817 455 1850 certam
491 1816 525 1846 et
548 1813 743 1846 absolutam
768 1824 969 1855 mensuram
993 1815 1147 1854 habere,
1171 1813 1228 1846 sed
1254 1822 1319 1855 pro
1342 1809 1441 1844 varia
1463 1820 1521 1842 re-

123 1885 226 1914 rum,
251 1878 366 1906 mente
391 1878 696 1917 comparatarum,
719 1873 858 1906 ratione
892 1874 990 1907 varie
1024 1874 1197 1918 intelligi,
1228 1876 1267 1905 ut
1296 1871 1388 1913 quod
1419 1868 1521 1903 alteri

126 1935 268 1978 longum
302 1933 486 1975 videatur,
524 1933 560 1966 id
595 1934 684 1967 alter
715 1935 811 1967 haud
848 1935 992 1979 longum
1024 1940 1140 1978 putet,
1173 1933 1280 1966 etsie
1305 1941 1420 1975 porro.
1467 1929 1522 1963 Ad

124 1993 194 2027 hoc
223 1994 321 2027 Cirta
352 2004 421 2026 non
456 1993 606 2036 amplius
637 1999 802 2035 quattuor
833 1994 997 2028 itinerum
1029 1994 1143 2038 spatio
1169 2005 1191 2026 a
1218 1991 1310 2025 mari
1337 1991 1452 2024 distat.

219 2054 294 2087 die
319 2054 523 2097 extremum]
551 2053 716 2096 Plerique
745 2065 865 2087 omnes
894 2055 992 2087 codd.
1024 2054 1191 2097 praebent
1224 2052 1318 2090 diei5
1352 2051 1468 2083 forma
1499 2059 1522 2083 a

125 2112 245 2147 Cottio
278 2117 313 2146 et
344 2124 365 2146 a
397 2113 497 2146 nobis
529 2118 669 2156 recepta
704 2119 883 2157 comparet
904 2114 1149 2147 tantummodo
1174 2114 1209 2146 in
1234 2112 1331 2144 Vrat.
1356 2110 1390 2143 1.
1416 2121 1449 2143 a.
1472 2120 1521 2142 m.

127 2184 180 2216 pr.
205 2177 240 2206 et
261 2172 297 2205 in
321 2172 415 2206 Med.
441 2172 498 2215 8.,
525 2173 583 2206 sed
611 2185 723 2216 neque
751 2174 875 2208 scribis
901 2174 1018 2207 deberi
1042 2174 1199 2213 videtur,
1224 2176 1259 2206 et
1282 2171 1327 2205 ab
1352 2182 1417 2203 usu
1440 2169 1522 2203 Sal-

126 2232 224 2266 lustii
252 2232 464 2275 omninoque
489 2232 562 2265 eius
586 2234 709 2267 aetatis
733 2246 802 2268 non
827 2235 1003 2268 abhorret.
1028 2235 1074 2268 cf.
1099 2230 1268 2267 Prisscian.
1288 2230 1364 2271 Vll,
1385 2229 1444 2270 19,
1463 2227 1522 2263 93.

125 2303 163 2335 p.
195 2292 276 2326 354.
308 2293 362 2328 ed.
396 2293 462 2326 Kr.
496 2293 590 2326 Gen.
625 2294 699 2334 lx,
724 2294 793 2336 14,
817 2299 904 2328 extr.
929 2295 1041 2328 Valet.
1066 2295 1169 2328 Proh.
1196 2304 1230 2337 p.
1256 2290 1359 2325 1460.
1384 2291 1469 2324 Ger.
1491 2289 1520 2323 1.

127 2353 225 2386 Voss.
260 2352 456 2387 Aristarch.
492 2354 547 2393 11,
584 2353 637 2387 19.
670 2365 704 2397 p·
735 2355 817 2389 769.
851 2356 954 2390 conr.
989 2356 1098 2398 Leop.
1129 2352 1333 2387 Schneider.
1360 2351 1522 2385 Gramm.

125 2412 204 2448 Lat.
228 2414 283 2455 11,
305 2414 337 2448 1.
363 2426 397 2457 p.
419 2412 499 2448 356.
526 2414 747 2459 Oudendorp.
773 2416 816 2449 ad
842 2416 940 2449 Caes.
966 2416 1009 2449 B.
1036 2415 1078 2448 G.
1104 2414 1160 2457 11,
1184 2413 1254 2455 23,
1281 2413 1316 2447 1.
1344 2412 1521 2446 Drakenb.

125 2473 170 2507 nd
201 2473 278 2509 Liv.
311 2474 384 2514 lx,
419 2473 491 2517 37,
526 2474 559 2507 4.
596 2476 687 2520 Aug.
719 2476 889 2510 Matthias
927 2477 971 2510 ad
1007 2474 1079 2508 Cic.
1112 2485 1146 2517 p.
1169 2473 1278 2510 Rosc.
1301 2474 1380 2507 Am.
1405 2485 1435 2506 c.
1459 2472 1519 2513 45,

125 2532 206 2567 131.
241 2533 328 2570 Sall.
352 2535 430 2579 lug.
454 2536 538 2576 Lu,
561 2535 595 2569 3.
623 2541 657 2569 et
679 2538 751 2570 iam
775 2537 851 2570 die
874 2547 994 2581 vesper
1018 2540 1106 2569 erat.
1132 2533 1287 2577 XCVII,
1320 2533 1355 2567 3.
1378 2533 1436 2566 via:
1459 2533 1521 2566 de-

126 2594 217 2627 cima
232 2600 336 2638 parte
361 2595 439 2630 die
464 2597 607 2630 relicua.
629 2596 776 2641 Fragm.
802 2598 955 2632 Histoi-r.
978 2597 1013 2636 1,
1039 2595 1097 2630 44.
1124 2595 1222 2629 Gerl.
1251 2599 1288 2628 at
1313 2593 1393 2627 inde
1424 2593 1522 2626 malla

125 2654 327 2689 munitionis
371 2661 434 2690 aut
464 2658 628 2701 requie
659 2668 755 2692 mora
782 2658 948 2702 processit
964 2656 1032 2705 ⁴'ad
1065 2655 1240 2700 oppidum.
1275 2654 1360 2688 ibid.
1394 2654 1432 2694 1,
1463 2653 1521 2688 6⁷.

128 2713 302 2750 dubitavit
326 2717 428 2751 acie
452 2729 546 2761 pars.
574 2734 617 2741 —-
641 2717 709 2752 Sed
733 2723 812 2752 ante
836 2719 894 2753 ubi
917 2717 1053 2752 scribae
1075 2714 1201 2750 errore'
1219 2713 1256 2748 in
1280 2713 1428 2750 Eccard.
1463 2724 1522 2746 ex-

1166 2785 1249 2829 9*
