1630 3034
361 151 725 196 IUGURTHA.
786 153 915 196 CAP.
945 152 1233 196 LXXXVIII.
1376 158 1459 199 473

86 269 196 313 ranti
225 283 329 312 mox
365 269 531 313 effusos
566 268 704 313 hostis
731 268 879 313 invadi
909 281 1076 329 posse,
1097 271 1340 326 Romanos,
1377 272 1458 314 sic-

83 367 148 409 uti
193 367 455 426 plerosque,
493 372 666 411 remoto
711 372 832 410 metu
876 366 1013 411 laxius
1054 367 1342 426 libentiusque
1379 368 1454 412 fu-

81 467 216 506 turos.

214 559 507 603 LXXXVIII.
560 558 772 603 Metellus
812 559 977 603 interea
1008 560 1203 604 Romam
1228 560 1455 620 profectus

80 661 237 699 contra
267 672 395 715 spem
432 671 555 700 suam
584 656 842 700 laetissumis
879 656 1031 700 animis
1067 658 1296 717 excipitur,
1329 658 1455 717 plebi

76 753 388 811 patribusque,
435 759 674 812 postquam
714 752 875 796 invidia
911 753 1189 809 decesserat,
1223 754 1341 797 iuxta
1379 770 1454 797 ca-

75 863 164 893 rus.
235 849 329 894 Sed
374 848 543 893 Marius
577 850 770 909 impigre
813 849 1149 909 prudenterque
1198 865 1378 894 suorum
1414 856 1494 895 et2

73 944 267 990 hostium
302 961 372 990 res
406 946 575 1005 pariter
611 946 862 1003 attendere,
899 962 1173 1007 cognoscere
1207 947 1314 1004 quid
1349 948 1455 991 boni

74 1041 274 1102 utrisque
318 1051 393 1088 aut
439 1048 590 1087 contra
625 1049 765 1099 esset,
815 1043 1052 1103 explorare
1083 1045 1239 1088 itinera
1278 1059 1458 1104 regum2

71 1167 211 1203 differat
230 1169 276 1204 ab
299 1169 497 1204 accusativo
521 1170 707 1204 adventum
730 1180 834 1213 supra
857 1168 1131 1214 significavimus
1152 1171 1197 1204 ad
1217 1182 1246 1204 c.
1263 1170 1454 1214 LXXXIV,

69 1227 104 1262 3.
138 1229 325 1272 Pon-peram
357 1230 466 1275 igitur
495 1231 532 1265 in
564 1229 739 1264 nonnullis
769 1230 867 1263 codd.
903 1230 1091 1264 adventum
1120 1231 1304 1272 scribitur3
1327 1243 1454 1275 perpe-

68 1299 145 1322 ram
169 1290 276 1324 etiam
301 1291 456 1336 Langius
484 1295 671 1334 utrumque
704 1291 794 1324 idem
819 1301 893 1324 esse
916 1290 1092 1334 opinatur.
1115 1311 1161 1317 —
1187 1293 1271 1326 Loci
1293 1291 1453 1326 dicuntur

68 1350 303 1393 difficiles
336 1355 495 1395 respectu
518 1352 663 1392 aditus,·
700 1352 821 1385 eodem
843 1363 944 1386 sensu
969 1355 1090 1386 auctor
1121 1364 1152 1385 c.
1175 1354 1312 1395 LXXV,
1337 1352 1393 1388 10.
1417 1356 1453 1388 et

66 1410 268 1454 LXXXIX,
293 1410 327 1445 4.
363 1412 517 1456 loquitur
550 1412 592 1445 de
621 1413 768 1446 locorum
804 1413 1087 1456 asperitate.
1117 1432 1161 1439 —
1194 1415 1246 1447 De
1276 1417 1451 1447 structura

65 1472 254 1506 verborum
287 1473 401 1508 laxius
422 1493 466 1498 —
486 1474 626 1517 futuros
661 1484 695 1506 v.
730 1473 772 1507 ad
798 1473 874 1507 Cat.
898 1472 1021 1515 Lvlll,
1045 1473 1078 1509 9.
1113 1474 1193 1509 coll.
1217 1475 1294 1519 Iug-
1318 1474 1392 1517 vll,
1415 1473 1452 1510 6.

65 1536 101 1568 et
123 1534 214 1575 XIV,
238 1533 295 1567 11.

157 1594 379 1628 Lxxxvm.
413 1594 446 1638 §.
471 1593 505 1627 1.
551 1598 672 1628 contra
691 1596 810 1639 spem]
834 1594 858 1630 i.
885 1605 913 1628 e.
937 1597 1057 1628 contra
1077 1593 1274 1638 opinionem
1296 1594 1354 1628 vel
1376 1604 1450 1628 me-

64 1657 161 1698 tum,
186 1659 225 1689 ut
249 1654 459 1688 ostendimus
482 1653 527 1689 ad
552 1655 627 1688 Cat.
651 1655 730 1690 XX.
753 1655 810 1689 13.
833 1667 868 1698 p.
894 1655 973 1689 104.
1000 1656 1044 1690 cf.
1068 1655 1145 1690 Liv.
1171 1655 1214 1697 11,
1239 1654 1273 1696 3,
1297 1655 1331 1689 1.
1365 1655 1450 1689 Bel-

64 1715 135 1748 lum
168 1716 212 1749 ab
245 1715 445 1760 Tarquiniis
479 1714 658 1748 imminens
691 1727 766 1761 spe
796 1717 946 1750 omnium
979 1717 1088 1750 serius
1114 1716 1203 1759 suit.
1235 1716 1329 1758 XXI,
1353 1714 1387 1756 6,
1412 1715 1446 1750 5.

65 1775 224 1810 Omnium
258 1788 334 1821 spe
365 1777 510 1822 celerius⁴
540 1776 740 1821 Saguntum
774 1777 971 1822 oppugnari
1005 1778 1152 1811 allatum
1179 1782 1241 1811 est.
1265 1798 1311 1803 -—
1341 1777 1448 1810 Dece-

63 1836 145 1870 dere
178 1846 249 1879 qua
280 1836 415 1871 ratione
450 1837 588 1871 dicatur
622 1838 843 1882 exposuimus
868 1839 910 1871 ad
931 1849 962 1871 c.
986 1838 1066 1878 XX,
1091 1837 1146 1878 1.;
1171 1837 1249 1871 inde
1271 1836 1449 1881 iutellige-

61 1899 141 1939 tur,
164 1908 270 1940 quam
294 1899 387 1931 male
410 1898 469 1931 hic
502 1898 658 1932 nonnulli
684 1898 783 1932 codd.
819 1898 995 1931 discedere
1018 1896 1215 1930 exhibeant.
1240 1915 1286 1920 „-
1319 1897 1447 1929 Eorum

62 1960 141 1999 post
170 1957 315 1990 insidias
345 1962 476 1992 temere
509 1970 531 1993 a
561 1958 683 1992 Cortio
717 1959 871 1992 deletum
906 1962 978 1999 est,
1013 1969 1120 2000 quum
1146 1955 1388 1990 tantummodo
1412 1955 1447 1988 in

63 2016 138 2050 Vin.
163 2017 195 2050 1.
221 2020 255 2050 et
280 2017 404 2052 Franc.
428 2019 524 2052 desit.
551 2038 596 2043 —
621 2019 814 2052 Remissum
842 2018 912 2052 iam
937 2017 1189 2060 explicavimus
1211 2017 1255 2050 ad
1279 2028 1307 2049 c.
1326 2016 1445 2058 LVIII,

63 2076 95 2110 1.
129 2077 292 2110 ceterum
316 2078 403 2111 nihil
436 2078 613 2111 remissum
645 2089 753 2121 quum
784 2078 954 2111 latissime
977 2081 1119 2121 pateat,
1153 2078 1188 2110 h.
1213 2077 1238 2111 l.
1262 2077 1304 2111 ad
1327 2087 1446 2120 perso-

61 2149 126 2171 nas
156 2134 313 2171 maxime¹
341 2143 493 2182 spectat,
517 2150 551 2174 r.
587 2139 632 2173 ad
666 2150 695 2172 c.
722 2139 816 2180 XIII,
840 2139 874 2173 6.
909 2144 944 2174 et
965 2139 1009 2173 ad
1033 2138 1125 2178 XIV,
1149 2137 1230 2177 16.;
1255 2147 1372 2170 seusus
1395 2138 1447 2170 est

60 2198 179 2232 enim:
206 2199 374 2233 neminem
406 2210 548 2232 suorum
581 2210 624 2233 ac
659 2200 756 2234 nulla
779 2200 815 2233 in
848 2211 886 2234 re
907 2199 1091 2234 remissum
1113 2198 1187 2232 sive
1210 2197 1446 2242 negligentem

61 2271 134 2294 esse
159 2259 377 2303 patiebatur,
400 2271 510 2302 neque
533 2260 687 2294 hostium
711 2272 920 2304 quemquam
944 2265 1078 2300 tutum,
1111 2257 1134 2293 i.
1158 2269 1189 2291 e.
1214 2258 1305 2301 apud
1328 2257 1445 2290 hostes

60 2325 178 2354 autem
201 2321 320 2355 omnia
348 2322 580 2365 periculorum
610 2322 715 2365 plena
746 2322 874 2356 effecit.
921 2319 1063 2354 Erravit
1085 2322 1201 2352 tamen
1224 2317 1362 2351 Cortius
1385 2322 1443 2351 tu-

60 2387 132 2416 tum
162 2381 405 2426 interpretatus
436 2381 474 2415 id
507 2381 598 2425 quod
629 2387 747 2416 tuetur
778 2387 811 2416 et
844 2387 956 2416 tutum
988 2384 1168 2425 praestat,
1206 2382 1345 2412 secutus
1368 2376 1444 2411 eius

59 2442 250 2476 sententiae
279 2446 460 2476 auctorem
493 2442 673 2475 Dukerum
707 2441 750 2474 ad
774 2441 868 2474 Flor.
894 2442 952 2484 lv,
975 2440 1010 2482 2,
1034 2440 1090 2474 23.
1139 2440 1248 2472 Tutus
1272 2438 1365 2472 enim
1389 2437 1443 2471 di-

60 2501 162 2544 citur,
192 2502 252 2546 qui
276 2514 299 2536 a
321 2503 474 2546 periculo
496 2513 636 2546 prorsus
660 2501 744 2534 liber
768 2503 818 2534 est
842 2502 965 2546 cuique
988 2501 1076 2535 nihil
1100 2503 1210 2544 potest
1233 2510 1377 2539 nocere3
1395 2498 1441 2532 ab

60 2573 101 2597 eo
120 2562 276 2596 diversus
300 2567 352 2597 est
375 2575 524 2604 securus,
549 2563 676 2606 quippe
699 2561 758 2604 qui
793 2561 951 2605 opinetur
981 2560 1219 2595 tantummodo
1243 2571 1264 2594 a
1286 2559 1442 2603 periculo

60 2633 98 2656 se
119 2634 194 2657 esse
218 2623 393 2664 liberum,
418 2623 492 2656 sive
515 2634 598 2657 vera
622 2626 674 2657 est
697 2622 764 2656 ista
788 2622 918 2665 opinio,
951 2621 1024 2655 sive
1045 2621 1142 2655 salsa.
1193 2621 1309 2665 Quum
1334 2619 1442 2664 igitur

60 2683 185 2717 horum
208 2684 461 2718 vocabulorum
484 2683 576 2717 ratio
600 2683 678 2718 talis
701 2683 756 2726 sit,
779 2682 893 2726 qualis
915 2680 1095 2715 intercessit
1118 2681 1210 2715 iuter
1231 2691 1303 2714 rem
1327 2679 1440 2723 ipsam

61 2745 96 2775 et
122 2742 173 2777 rei
196 2744 408 2788 opinionem,
449 2744 524 2779 fieri
548 2747 679 2788 potest,
716 2747 754 2779 ut
787 2742 847 2787 qui
871 2755 908 2778 re
931 2743 1007 2787 ipsa
1029 2747 1123 2778 tutus
1146 2741 1215 2783 sit,
1247 2744 1363 2774 tamon
1385 2750 1439 2772 er-
