1630 3034
414 191 773 253 IUGURTHA.
835 189 974 235 CAP.
1002 191 1156 234 XCIII.
1368 195 1454 236 497

64 311 173 354 tium
204 315 360 370 natura
394 309 505 363 fert3
549 310 672 354 cuius
709 308 842 353 ramis
877 308 1038 364 modo,
1081 307 1220 352 modo
1256 308 1451 352 eminen-

63 407 181 451 tibus
213 407 325 451 saxis
361 406 479 450 nisus
514 406 656 466 Ligus
691 406 736 450 in
773 405 937 450 castelli
977 405 1205 464 planitiem
1234 406 1451 465 pervenit,

63 503 186 563 quod
233 503 379 547 cuncti
420 502 643 547 Numidae
688 503 843 548 intenti
888 502 1206 562 proeliantibus
1253 502 1449 546 aderant.

61 667 122 702 sed
145 678 189 702 ne
211 667 526 703 verisimilitudinis
557 665 698 710 quidem
729 667 893 700 habeant.
941 665 1079 699 Tamen
1112 676 1216 708 quam
1240 665 1359 700 inania
1383 666 1453 700 ista

62 733 174 764 essent
196 741 263 763 uon
287 729 370 764 satis
394 727 482 762 vidit
508 727 635 770 Faber,
658 727 694 761 in
718 739 758 761 eo
782 736 919 771 quoque
947 726 1066 767 falsus,
1091 726 1182 769 quod
1209 738 1272 770 pro
1297 728 1451 761 animum

60 790 168 824 vortit
191 790 330 835 scripsit
352 801 409 823 an.
435 788 673 828 advortit,
706 787 896 820 vernacula
920 786 1167 830 interpretatus
1192 788 1249 822 die
1273 788 1451 833 Begierde

61 844 196 895 regte
226 851 306 885 ίῘιη
340 862 417 892 an,
443 848 503 893 qui
527 859 646 882 seusus
671 859 781 891 neque
804 847 840 880 in
866 848 974 882 verbo
1002 848 1078 891 ipso
1103 847 1209 889 inest,
1242 860 1354 892 neque
1378 850 1450 884 col-

59 910 140 945 latis
163 911 209 944 ab
233 911 296 946 illo
319 910 499 956 exemplis,
516 909 593 944 Liv.
618 910 646 951 1,
670 909 728 951 12,
753 909 810 943 10.
835 911 870 943 et
887 908 975 943 Tac.
999 907 1089 943 Hist.
1110 908 1174 950 111,
1190 907 1248 952 48,
1271 910 1317 951 1.,
1339 913 1452 954 potest

61 972 274 1009 confirmari.

153 1035 186 1076 §-
210 1033 244 1070 4.
296 1033 345 1068 Et
363 1032 483 1077 sorte]
516 1031 585 1065 Per
608 1035 642 1066 et
665 1030 876 1075 particulam
905 1030 943 1066 h.
969 1030 992 1065 Ι.
1017 1029 1058 1063 fit
1081 1029 1242 1064 transitus
1265 1030 1310 1064 ad
1333 1031 1450 1065 decla-

59 1092 208 1126 randum
241 1094 401 1137 effectum
430 1092 505 1127 eius
537 1092 610 1134 rei,
643 1092 686 1126 de
718 1104 788 1136 qua
821 1096 901 1126 ante
925 1091 1055 1125 dictum
1081 1093 1176 1132 erat3
1209 1102 1241 1124 v.
1266 1092 1381 1126 Hand.
1407 1092 1450 1126 de

59 1151 210 1195 Particc.
234 1153 326 1188 Latt.
350 1154 429 1188 Vol.
456 1155 499 1188 11.
531 1166 566 1198 p.
593 1153 672 1188 489.
705 1156 737 1197 ς.
763 1152 797 1188 5.
821 1172 866 1178 —
902 1152 1107 1186 Grandis
1140 1152 1207 1185 ilex
1230 1153 1373 1198 proprie
1395 1153 1450 1187 di-

8 1201 12 1207 *
60 1215 156 1247 ctum
181 1216 258 1256 est3
283 1225 366 1249 nam
391 1226 500 1258 quum
523 1217 672 1260 grandis
695 1216 868 1262 originem
892 1214 1021 1247 referat
1047 1213 1091 1247 ad
1115 1223 1264 1247 crescere
1289 1215 1447 1256 verbum,

59 1274 216 1320 grandia
239 1278 337 1319 sunt,
373 1288 463 1320 quae
489 1275 672 1310 crescendo
703 1274 781 1316 vel,
816 1279 854 1308 ut
887 1275 1024 1309 Pseudo
1041 1293 1058 1299 -
1075 1274 1206 1308 Fronto
1241 1273 1310 1317 ait,
1336 1275 1449 1309 incre-

59 1338 176 1369 mento
209 1335 254 1370 ad
285 1335 415 1371 iustum
447 1340 482 1370 et
518 1335 742 1380 conspicuum
772 1336 914 1369 modum
946 1337 1025 1369 sunt
1049 1338 1170 1376 aucta,
1205 1344 1314 1377 eoque
1336 1335 1450 1378 specie

59 1399 202 1430 externa
243 1408 308 1431 sua
345 1397 519 1441 quandam
564 1402 701 1440 copiam
735 1400 769 1430 ct
809 1396 1022 1441 gravitatem
1064 1395 1233 1439 produnt,
1274 1405 1364 1437 quae
1395 1395 1450 1430 vis

57 1457 225 1491 translato
249 1469 351 1492 sensu
381 1457 572 1501 praevalet.
606 1458 651 1491 cf.
685 1457 883 1493 Doederlin.
907 1456 1142 1501 Synonymm.
1166 1455 1257 1489 Latt.
1283 1456 1359 1490 Vol.
1387 1456 1448 1490 Ill.

58 1528 93 1561 p.
118 1516 198 1551 223.
224 1519 258 1559 §-
283 1517 317 1554 4.
350 1522 384 1552 et
407 1529 440 1561 p.
461 1517 542 1551 228.
567 1520 598 1560 §-
624 1518 680 1553 14.
713 1522 746 1553 et
777 1518 928 1552 Forcell.
967 1518 1049 1551 Lex.
1075 1516 1121 1550 T.
1151 1516 1195 1550 ΙΙ.
1226 1528 1259 1559 p.
1283 1516 1363 1551 373.
1388 1517 1448 1561 qui

59 1577 149 1611 bene
172 1577 277 1612 huius
301 1580 397 1613 vocis
422 1591 523 1613 usum
548 1579 717 1623 exposuit.
743 1599 789 1604 —
820 1578 954 1612 Deinde
991 1578 1107 1621 plures
1131 1575 1214 1609 libri
1237 1576 1368 1611 habent
1391 1589 1448 1612 ac-

0 1656 8 1671 a
59 1641 182 1672 curate
205 1639 345 1681 collati3
377 1640 485 1675 ceteri
517 1641 619 1681 dein,
653 1643 692 1673 ut
722 1640 830 1684 vulgo
853 1638 1027 1673 scribitur.
1061 1656 1106 1661 —
1141 1637 1387 1681 Gignentium‚
1411 1649 1445 1672 v.

57 1698 104 1732 ad
129 1710 159 1731 c.
184 1698 342 1744 LXXIX,
370 1701 403 1736 6.
429 1721 473 1726 —
512 1702 617 1735 Modo
647 1701 867 1745 geminatum
902 1700 938 1733 in
972 1697 1089 1732 multis
1115 1697 1211 1731 codd.
1236 1699 1344 1732 semel
1369 1703 1444 1733 tan-

59 1763 134 1794 tum
158 1759 310 1804 legitur,
333 1760 425 1803 quod
449 1760 577 1793 erroris
599 1772 710 1805 genus
734 1762 872 1805 saepius
895 1758 1205 1801 animadvertitur3
1231 1770 1264 1795 v.
1290 1760 1382 1794 Cort.
1404 1761 1449 1794 ad

59 1831 91 1854 c.
115 1821 244 1862 XXlll,
268 1822 302 1854 1.
327 1821 502 1855 Drakenb.
536 1821 582 1855 ad
605 1822 686 1857 Liv.
710 1823 879 1865 XXXIII,
901 1820 959 1862 27,
983 1820 1017 1854 5.
1042 1823 1077 1853 et
1100 1819 1144 1852 ad
1175 1820 1364 1862 xxxvffl,
1389 1820 1449 1863 56,

59 1880 94 1914 6.
118 1900 162 1906 —
186 1865 238 1915 Ῐπ
271 1883 407 1916 castelli
428 1884 612 1927 planitiem
643 1883 885 1927 pervenit,
919 1886 958 1915 ut
991 1879 1126 1924 primus
1155 1880 1308 1914 scribere
1342 1892 1448 1916 ausus

58 1952 163 1984 sum,
186 1946 299 1976 exstat
321 1942 356 1976 in
382 1943 466 1977 satis
498 1943 598 1977 bonis
622 1943 742 1984 libris,
773 1944 855 1977 Bas.
881 1941 915 1974 1.
940 1940 1051 1975 Paris.
1076 1941 1111 1976 b.
1136 1951 1166 1972 c.
1190 1951 1222 1975 X.
1248 1952 1277 1973 z.
1304 1941 1446 1974 Fabric.

60 2002 96 2037 1.
119 2013 168 2036 m.
193 2014 261 2036 sec.
295 2003 369 2036 Erl.
405 2003 522 2037 Guelf.
547 2003 579 2037 3.
612 2007 645 2037 et
678 2003 850 2042 nonnullis
884 2000 1072 2035 Ciacconii.
1119 2001 1173 2033 Ex
1197 2001 1320 2034 ceteris
1343 2002 1449 2046 longe

59 2063 207 2107 plurimi
238 2063 370 2097 habent
401 2065 603 2108 perscribit,
628 2063 734 2108 pauci
763 2062 964 2108 perscripsit
995 2061 1053 2095 vcl
1088 2061 1317 2105 perscribere,
1353 2064 1447 2105 quod

61 2124 183 2158 eodem
215 2123 316 2157 redit.
365 2125 555 2170 Vulgatum
585 2124 769 2169 perscribit
802 2135 864 2157 cur
894 2123 992 2156 nullo
1028 2122 1133 2156 modo
1166 2121 1308 2156 tolerari
1337 2123 1448 2167 possit

60 2185 252 2220 luculenter
281 2185 400 2220 docuit
423 2187 561 2229 Faber,
585 2197 689 2230 quem
719 2183 913 2228 sequimur.
956 2183 1047 2218 Nam
1073 2182 1164 2231 quod
1186 2183 1307 2217 volunt
1339 2183 1448 2219 inter-

59 2249 174 2289 pretes
202 2245 414 2289 perscribere
443 2246 643 2292 significare¹
668 2243 772 2280 oculis
794 2246 1031 2290 perlustrare,
1064 2246 1125 2277 aut
1147 2245 1341 2288 concipere,
1362 2256 1447 2289 per-

62 2307 211 2348 discere,
244 2307 348 2350 idque
371 2308 536 2351 probasse
569 2320 606 2341 se
628 2311 753 2351 putant
769 2305 945 2350 ‚exemplis
968 2303 1192 2348 huiusmodi,
1229 2304 1312 2338 Ter.
1337 2305 1444 2339 Andr.

61 2367 102 2408 Ι,
123 2364 168 2408 5,
191 2365 249 2403 48.
294 2367 507 2402 Etiamnunc
538 2368 625 2402 mihi
652 2367 838 2411 scripta
862 2367 926 2400 illa
959 2371 1063 2400 sunt
1095 2365 1141 2398 in
1175 2365 1324 2399 animo
1349 2366 1446 2401 dicta

64 2426 262 2470 Chrysidi83
293 2427 415 2461 Senec.
449 2428 568 2463 Praet'.
599 2428 636 2463 iu
666 2429 694 2462 Ι.
731 2428 894 2462 Controv.
944 2426 1073 2460 Aiebat
1095 2437 1132 2460 se
1155 2426 1365 2461 scribere
1398 2427 1446 2460 in

62 2487 240 2528 animo,·
270 2491 331 2522 aut
363 2489 450 2523 adeo
481 2489 591 2533 Soph.
621 2489 772 2524 Philoct.
811 2488 915 2522 1325.
947 2486 1011 2522 καὶ
1043 2483 1154 2521 ταῦτ’
1194 2484 1348 2529 ἐπίστω,
1382 2486 1446 2522 καὶ

0 2582 2 2585 .
61 2546 253 2593 γράφου
286 2549 472 2594 φρενῶν
506 2548 602 2592 ἔσω,
625 2553 660 2584 et
681 2550 849 2594 Aeschyl.
872 2549 992 2584 Prom.
1015 2546 1096 2581 788.
1120 2547 1334 2583 πολύδονον
1354 2545 1446 2582 πλοί-

63 2619 132 2652 νην
168 2606 323 2653 φράσω,
353 2605 401 2653 ἣν
435 2607 691 2655 ἐγγράφου
726 2608 769 2645 σύ
794 2608 979 2654 μνήμοσιν
1011 2607 1205 2649 δέλτοις
1239 2608 1446 2653 φρενῶν,

63 2666 224 2711 equidem
248 2668 385 2703 dubites
396 2694 408 2711 ,
439 2674 557 2704 utrum
590 2670 657 2705 sibi
688 2670 774 2716 ipsis
785 2696 795 2713 ‚
826 2681 872 2705 an
904 2669 1092 2704 lectoribus
1125 2669 1239 2713 magis
1263 2669 1446 2705 illuserint.

64 2729 182 2771 Aequo
206 2733 353 2773 peccant
373 2734 491 2765 contra
516 2731 680 2775 loquendi
703 2743 803 2765 usum
815 2756 825 2773 ,
851 2731 910 2777 qui
931 2731 1113 2775 planitiem
1133 2729 1315 2773 perscribit
1338 2729 1446 2762 inter-

62 2791 245 2830 pretantur
264 2791 426 2835 planitiei
442 2794 518 2834 for
527 2803 561 2826 m
570 2804 593 2826 a
603 2805 636 2827 m
667 2793 690 2827 d
701 2804 719 2828 e
729 2804 744 2827 s
756 2804 773 2826 c
785 2804 803 2827 r
813 2793 825 2827 i
837 2793 878 2827 bi
891 2798 906 2827 t
929 2796 967 2827 et
990 2790 1112 2836 primis
1136 2789 1237 2833 quasi
1257 2789 1359 2824 lineis
1386 2789 1444 2823 de-

131 2860 186 2904 11.
1104 2861 1168 2905 32
