1630 3034
413 97 584 138 RERUM
619 99 681 139 AC
715 97 987 139 VERBORUM
1367 97 1394 140 9

22 209 175 241 Ablaetvus
209 209 363 241 absolutus
397 210 429 241 in
463 205 726 242 enunciationem
757 210 984 242 concessivam
1013 209 1214 249 solvendus,
1239 210 1262 244 1.
1283 209 1339 250 37,
1357 210 1390 243 3.

22 265 175 298 Ablativus
207 265 362 301 absolutus
395 266 586 306 germanice
621 265 785 308 particula
815 266 957 298 wahrend
988 265 1178 302 solvendus,
1212 264 1237 298 Ι.
1274 265 1329 305 95,
1358 265 1389 299 3.

22 321 158 353 Αὸηηενε
191 319 232 352 de
263 321 377 362 aliqua
410 331 459 360 re,
485 320 510 354 Ι.
529 321 586 360 84,
604 321 637 353 3.

20 376 156 409 Abnuere
187 375 339 409 absolute
369 375 523 420 positum,
553 376 578 409 Ι.
599 376 653 414 08,
672 377 703 410 3.

19 433 198 466 Abseneibus
230 432 372 465 honores
405 443 468 465 non
500 432 766 472 conserebantur,
801 433 825 465 Ι.
847 432 922 471 114,
941 435 973 465 3.

19 487 160 520 Absolute
188 489 291 529 posita
322 489 469 520 vocabula
502 499 520 520 e
553 492 710 520 contextu
739 489 844 521 lucem
879 489 1056 532 accipiunt,
1089 488 1124 521 C.
1155 488 1206 528 10,
1232 490 1264 521 5.
1290 489 1314 522 Ι.
1335 489 1389 523 65.

107 544 142 577 2.
191 542 245 584 75,
264 543 296 577 3.

18 600 160 637 Absolute
189 605 354 642 ponuntur
386 601 508 639 verba,
536 610 638 643 ⁴quae
671 600 770 641 vulgo
811 601 957 633 dativum
989 605 1131 641 regunt,
1175 599 1210 633 C.
1245 600 1299 639 51,
1333 601 1388 632 28.

106 654 132 688 Ι.
153 654 184 695 1,
203 655 235 689 3.
285 655 338 695 10,
358 655 390 689 3.
441 656 494 695 12,
513 657 545 688 4.
595 655 649 695 14,
670 655 722 688 19.
770 656 826 695 43,
845 655 876 688 3.
925 654 981 694 47,
999 656 1031 688 2.
1081 656 1135 695 50,
1155 657 1186 688 4.

18 712 177 744 Absolvere
210 711 251 744 de
281 711 394 754 aliqua
426 721 474 750 re,
508 712 530 744 i.
564 721 594 753 q.
630 722 729 752 apere,
765 711 800 744 C.
829 712 864 750 4,
888 713 921 744 4.

17 768 206 800 Abstractum
237 778 295 810 pro
329 771 494 806 concreto,
529 766 564 799 C.
586 766 640 804 14,
662 767 691 800 1.
740 766 790 799 Ex
822 768 971 799 abstracto
998 769 1158 800 transitur
1184 769 1215 800 in
1250 778 1385 801 concre-

105 828 186 862 tum,
213 821 249 856 C.
272 822 326 861 18,
346 822 377 855 1.

18 880 172 912 Absumus
204 878 415 922 explicatum.
451 877 486 911 C.
506 878 538 913 3.
558 878 588 911 1.

15 936 140 968 Abunde
190 944 263 967 cum
314 935 416 967 verbo
472 935 661 967 adiunctum
713 935 895 976 genitivum
940 935 1078 967 nominis
1125 946 1185 968 non
1235 937 1386 978 requirit,

103 990 129 1025 Ι.
165 990 242 1030 102,
276 990 308 1023 7.
708 1029 714 1031 ξ

15 1049 56 1080 Ac
86 1057 150 1080 non
184 1047 316 1090 ponitur
356 1051 433 1078 ante
462 1047 622 1079 vocalem.
657 1046 681 1079 Ι.
701 1046 756 1084 85,
786 1046 835 1079 12.
887 1045 962 1080 100.
982 1046 1012 1078 1.

16 1104 58 1137 Ac
90 1105 113 1136 i.
146 1113 177 1146 q.
212 1107 247 1135 et
279 1103 422 1145 quidem,
452 1102 474 1135 I.
497 1102 552 1142 92,
571 1103 604 1135 4.

15 1160 55 1192 Ac
79 1170 137 1202 pro
172 1160 226 1191 sed
258 1164 332 1202 post
366 1159 556 1200 negativam
588 1158 797 1197 sententiam,
831 1157 953 1197 1.107,
973 1158 1003 1191 3.

13 1216 54 1248 Ac
84 1225 145 1247 non
176 1215 343 1249 diversum
375 1226 395 1249 a
428 1215 567 1259 simplici
602 1225 660 1246 non
693 1214 727 1247 in
760 1214 976 1257 oppositione,
1011 1214 1046 1247 C.
1075 1214 1129 1254 52.
1159 1215 1209 1248 15.
1242 1215 1265 1248 1.
1293 1217 1325 1255 4,
1351 1216 1384 1249 8.

104 1270 160 1310 31,
190 1270 244 1304 10.

13 1327 159 1360 Accedere
190 1338 220 1360 c.
254 1328 447 1360 accusativo
479 1328 700 1366 coniunctum,
730 1326 754 1359 Ι.
777 1325 829 1365 18,
848 1326 880 1359 9.

12 1383 179 1416 Accendere
206 1383 360 1426 a11quem.
394 1384 590 1426 praegnanti
624 1393 724 1415 sensu
758 1383 892 1419 dictum,
925 1382 949 1415 1.
985 1382 1039 1419 73,
1060 1383 1091 1415 ὓ.

11 1440 156 1481 Acceptus
189 1449 262 1472 cum
295 1451 382 1472 carus
416 1451 499 1472 voce
532 1450 631 1483 saepe
658 1439 879 1477 coniunctum,
912 1438 937 1472 Ι.
973 1438 1027 1477 70,
1046 1439 1079 1472 2.

11 1496 167 1528 Accersere
199 1495 302 1528 forma
334 1496 493 1528 immerito
526 1506 546 1528 a
579 1496 704 1529 criticis
739 1495 903 1533 damnata,
931 1493 966 1528 C.
987 1495 1042 1532 40,
1063 1494 1093 1528 6.
1122 1496 1176 1528 52,
1194 1495 1249 1528 24.
1278 1496 1332 1529 60,
1351 1497 1381 1528 4.

99 1551 126 1585 Ι.
146 1551 200 1590 39,
218 1551 251 1584 2.
302 1551 356 1589 43,
376 1551 408 1584 3.
457 1551 513 1591 81,
531 1552 563 1585 2.
615 1551 690 1585 109,
710 1551 740 1583 4.

10 1608 176 1645 Λῦσονεενε,
206 1607 262 1639 uhi
296 1607 362 1639 «liei
395 1618 458 1639 non
490 1608 595 1650 possit
621 1618 678 1650 pro
710 1617 870 1647 arcessere,
900 1606 925 1646 Ι,
954 1606 1059 1646 32,1.

9 1664 165 1695 Accersere
194 1663 390 1695 infinitinnn
423 1664 548 1706 passivi
581 1663 662 1696 fucit
695 1664 843 1701 accersiri„
877 1662 900 1696 Ι.
921 1662 975 1697 62,
995 1664 1026 1695 4.

9 1720 149 1751 Accidere
180 1723 215 1751 et
245 1720 352 1751 cad-me
383 1719 532 1757 confusa,
567 1719 602 1752 C.
621 1719 676 1752 20,
695 1719 727 1751 2.

10 1776 152 1807 Accidere
183 1778 217 1807 et
248 1777 388 1807 accedere
419 1775 568 1814 confusa,
599 1774 624 1808 Ι.
661 1775 714 1815 14,
732 1775 785 1808 17.

10 1832 150 1864 Accidere
174 1831 297 1873 aliquo,
330 1830 356 1863 I.
393 1830 515 1871 14‚17.

9 1888 152 1920 Accidere
185 1887 208 1919 i.
238 1896 269 1928 q.
305 1896 378 1919 cum
404 1887 440 1919 vi
471 1888 638 1927 ingruere.
674 1885 698 1918 1.
725 1886 827 1923 88,5.
879 1885 954 1920 107,
974 1886 1004 1917 0.

8 1944 151 1984 Accipere
177 1943 216 1974 de
250 1942 487 1983 cognoscendis
522 1943 620 1974 rebus
654 1941 787 1975 dictum.
823 1940 858 1974 C.
879 1941 961 1975 (5.1.

9 1999 150 2040 Accipere
182 1998 205 2030 i.
239 2007 270 2040 q.
301 1999 450 2041 recipere
482 1998 537 2029 vel
567 1998 748 2040 suscipere,
777 1996 802 2030 Ι.
825 1997 878 2036 10,
897 1998 929 2030 4.

11 2055 151 2097 Accipere
184 2054 225 2087 de
257 2054 321 2086 fide
351 2055 427 2087 data
452 2054 582 2096 propria
610 2054 643 2085 vi
673 2053 805 2093 dictum,
839 2053 864 2086 Ι.
897 2053 952 2086 81.
991 2053 1018 2086 1.

8 2110 168 2144 Accurrere
200 2114 234 2142 et
270 2120 423 2142 occurrere
455 2109 604 2147 confusa,
635 2109 658 2142 Ι.
696 2108 844 2147 101,10.

7 2167 198 2199 Accusalivus
231 2166 370 2210 pluralis
404 2171 479 2198 tert.
513 2165 633 2197 declin.
664 2165 696 2196 in
729 2166 754 2195 is
788 2165 995 2203 tei-minatus,
1039 2165 1073 2198 C.
1109 2166 1146 2204 l,
1175 2167 1204 2199 1.
1256 2168 1316 2201 31.
1347 2168 1376 2200 1.

96 2221 121 2255 Ι.
150 2221 182 2261 1,
200 2221 231 2255 3.
282 2222 336 2254 35.
355 2220 387 2254 9.
437 2221 543 2255 (51.0.
594 2220 648 2253 68.
667 2219 697 2252 3.
747 2219 802 2257 69,
821 2220 852 2253 2.
902 2220 1008 2259 83,1.
1057 2220 1220 2262 85‚1;·3.
1270 2223 1325 2257 81²».
1348 2224 1376 2256 1.

98 2277 153 2316 90,
171 2277 204 2311 2.
255 2276 331 2310 101,
352 2277 381 2309 1.

9 2333 198 2366 Accusatiws
229 2333 368 2375 pluralis
399 2337 474 2364 tert.
509 2332 628 2364 deelin.
666 2341 857 2373 graecorum
891 2334 1051 2366 nominum
1082 2335 1112 2365 in
1152 2346 1185 2365 as
1219 2335 1377 2367 termina-

99 2393 167 2427 tus,
199 2387 224 2420 Ι.
246 2387 299 2422 19,
318 2387 349 2419 6,

0 2440 199 2475 'Acmsauvus
233 2444 324 2475 vocis
357 2444 443 2474 umbo
476 2448 527 2475 est
561 2445 663 2475 ambos
696 2449 729 2476 ct
763 2446 863 2483 amhn,
895 2445 917 2477 1.
951 2445 1005 2482 21,
1033 2446 1063 2477 4.
1115 2445 1219 2481 23.2.
1269 2445 1374 2481 28,1.

9 2499 177 2531 Accuealive'
209 2499 338 2542 propria
370 2503 528 2542 potestas.
563 2499 586 2532 1.
607 2501 639 2539 5,
658 2500 689 2532 4.
740 2499 794 2537 79,
814 2502 844 2533 5.

8 2556 176 2588 Accu-salivi
207 2555 292 2586 ratIo
327 2556 358 2586 in
394 2555 555 2587 vocabulo
593 2560 701 2595 celera,
735 2555 759 2588 1.
788 2555 840 2593 19,
860 2555 890 2588 7.

9 2611 200 2643 Accusamus
235 2610 392 2652 quomodo
425 2611 456 2642 in
487 2611 636 2644 adverbii
671 2612 783 2651 signif.
819 2616 979 2650 transeat,
1009 2612 1032 2645 Ι.
1056 2612 1119 2644 1.5.
1155 2615 1186 2646 5.
1209 2613 1220 2631 s

1211 2625 1236 2645 ι.
1274 2613 1326 2646 31.
1343 2614 1372 2645 9.
