1630 3034
462 181 803 226 CATILINA.
860 181 998 225 cAP.
1026 180 1094 224 m.
1375 184 1462 227 257

84 299 301 355 eduxerit,
333 299 431 358 quis
464 298 532 342 illi
565 298 700 343 finem
735 304 919 357 statuet,
958 303 1035 342 aut
1067 299 1167 356 quis
1201 296 1463 343 moderabi-

83 391 185 435 tur?
228 390 426 434 Maiores
458 390 618 445 nostri,
662 390 818 434 Patres
852 389 1115 449 conscripti,
1155 404 1302 448 neque
1347 402 1457 435 con-
1473 390 1528 431 37

84 483 154 527 sili
199 497 344 540 neque
398 480 613 525 audaciae
664 495 877 537 umquam
933 495 1130 540 eguere,
1182 495 1329 538 neque
1376 480 1464 524 iuis

80 572 292 631 superbia
327 572 547 626 obstabat,
583 571 818 628 quominus
845 571 989 614 aliena
1021 570 1230 627 instituta,
1265 571 1301 615 si
1323 570 1465 615 modo

82 664 231 724 proba
262 667 400 716 erant,
435 661 721 705 imitarentur.
789 661 932 706 Arma
966 666 1099 719 atque
1131 662 1224 706 tela
1259 661 1466 706 militaria
1477 662 1533 707 38

83 755 143 799 ab
199 753 494 807 SamnitibuS,
562 752 752 812 insignia
807 752 1146 812 magistratuum
1200 753 1258 796 ab
1307 752 1467 796 Tuscis

80 844 300 904 pleraque
346 848 650 902 sumpserunt3
693 849 923 902 postremo
963 843 1090 901 quod
1128 843 1296 902 ubique
1341 842 1468 903 apud

78 977 221 1022 poribus
260 978 298 1012 in
330 976 448 1011 maltis
490 975 569 1010 licet
600 975 726 1011 dicere.
766 977 812 1010 cf.
848 975 994 1010 eundem
1027 975 1072 1010 ad
1090 976 1139 1018 ⁷11,
1168 975 1227 1018 14,
1249 974 1307 1010 50.
1342 979 1383 1010 ut
1400 984 1469 1019 pro

81 1035 203 1069 Sardis
227 1035 264 1067 in
283 1040 508 1079 propraetore
539 1035 681 1068 Albucio
716 1035 852 1078 (fecit)
882 1035 1000 1067 Iulius.
1044 1034 1127 1067 coll.
1161 1037 1248 1068 orat.
1283 1044 1318 1077 p.
1343 1032 1468 1068 Plano.

80 1102 112 1126 c.
128 1092 185 1134 32,
201 1091 259 1125 77.
283 1103 317 1135 p.
342 1092 477 1126 Scauro
501 1104 534 1136 p.
553 1093 609 1133 39,
631 1091 676 1125 in.
700 1092 798 1124 Caes.
823 1091 865 1124 Β.
885 1091 922 1125 C.
939 1092 968 1132 1,
988 1091 1046 1132 85,
1068 1091 1090 1125 8
1113 1102 1188 1135 sqq.

173 1152 206 1191 §-
235 1148 294 1182 36.
351 1149 407 1182 cui
438 1150 520 1183 item
554 1150 718 1182 exercitus
749 1149 785 1181 in
820 1158 927 1181 manu
959 1150 1029 1190 sit]
1086 1149 1173 1183 Item
1206 1148 1230 1183 i.
1264 1159 1294 1182 e.
1325 1147 1471 1192 pariter,

80 1216 115 1239 v.
140 1206 186 1239 ad
209 1214 238 1238 c.
271 1207 411 1249 xxm,
440 1206 473 1240 2.
495 1224 540 1232 —-
575 1207 646 1239 Pro
682 1207 718 1239 in
749 1217 855 1239 manu
887 1206 933 1239 sit
969 1205 1108 1239 Cottius
1140 1206 1186 1239 sit
1217 1209 1338 1240 contra
1369 1204 1470 1240 codd.

83 1262 213 1296 omiseo
245 1274 286 1296 ex
309 1264 392 1296 Bas.
421 1263 475 1304 l.,
512 1263 568 1296 cni
602 1266 722 1307 postea
754 1273 928 1296 accessere
960 1262 1072 1296 Paris.
1096 1262 1140 1296 A.
1173 1266 1209 1297 et
1232 1264 1296 1305 C.,
1331 1262 1472 1306 scripsit

81 1321 119 1353 in
143 1331 277 1361 manus,
302 1321 481 1353 conferens
505 1330 586 1353 cum
610 1320 759 1354 dictione
782 1322 818 1354 z'n
837 1325 1047 1364 potestatem
1070 1321 1209 1362 habere,
1231 1318 1471 1364 lug.cxn,3.

82 1377 154 1410 Sed
185 1377 282 1410 istius
313 1376 475 1420 loquendi
509 1377 622 1419 modi,
671 1378 801 1422 quippe
831 1389 897 1411 usu
930 1376 1032 1420 quasi
1072 1377 1239 1418 stabiliti,
1275 1376 1347 1411 alla
1377 1376 1472 1410 ratio

82 1434 232 1476 videtur,
257 1445 324 1467 non
347 1435 585 1468 transferenda
608 1434 672 1468 illa
697 1435 741 1468 ad
763 1435 830 1467 hoc
853 1435 889 1467 in
914 1443 1037 1468 manus
1061 1445 1155 1476 esse,
1189 1433 1282 1477 quod
1305 1446 1348 1467 ex
1377 1434 1473 1467 male

81 1492 259 1536 geminata
282 1502 299 1524 s
321 1491 439 1525 littera
472 1495 587 1525 ortum
620 1497 795 1535 putamus.
822 1511 868 1516 —
907 1491 991 1524 Cod.
1024 1491 1142 1525 Guelf.
1162 1490 1219 1526 10.
1244 1494 1379 1534 salsum
1404 1492 1473 1524 ali-1

80 1548 197 1593 quma,-
228 1547 287 1581 sed
319 1548 452 1593 aliquid
491 1549 707 1582 substantive
737 1548 891 1592 positum
927 1552 1023 1582 tecte
1055 1548 1181 1591 habet,
1213 1560 1322 1592 quum
1353 1558 1473 1583 sensus

80 1605 128 1640 sit
151 1605 284 1650 aliquid
316 1607 406 1649 quod
432 1607 567 1650 falsum
603 1611 664 1640 est.
688 1623 734 1630 —-
776 1607 835 1640 Illi
868 1605 1007 1641 Cottius
1038 1606 1238 1648 levissima,
1267 1607 1326 1640 vel
1356 1606 1473 1650 potius

81 1662 180 1696 nulla
213 1663 256 1695 de
286 1671 408 1696 caussa
441 1664 540 1696 codd.
583 1663 700 1697 invitis
731 1663 852 1705 eiecit,
893 1675 962 1698 non
994 1665 1143 1699 sentiens
1182 1664 1251 1698 nisi
1282 1672 1473 1709 pronomen

81 1719 187 1761 assit,
226 1719 330 1763 plane
361 1729 454 1764 vago
494 1732 595 1756 sensu
630 1733 705 1756 esse
739 1722 849 1756 verba
871 1724 983 1766 finem
1014 1727 1169 1765 statuet,
1212 1721 1363 1765 incerto,
1402 1731 1473 1766 quo

78 1775 286 1820 pertineant.

82 1848 90 1869 ι
176 1836 209 1874 ς.
234 1832 291 1868 37.
338 1841 467 1878 eguere
488 1853 533 1860 -
556 1833 741 1881 obstabat]
776 1834 977 1872 Perfectum
999 1835 1237 1872 necessarium
1259 1839 1312 1872 est
1332 1838 1473 1882 propter

80 1888 282 1935 generalem
314 1902 468 1933 unquam
504 1893 702 1935 particulae
732 1894 827 1936 vim3
872 1898 991 1929 contra
1013 1898 1066 1929 est
1095 1894 1132 1929 in
1162 1895 1271 1928 verbo
1300 1895 1472 1936 obstabat,

80 1957 153 1991 quo
175 1957 230 1980 res
255 1946 456 1982 continuata
480 1948 719 1994 significatur3
756 1962 792 1984 v.
818 1951 861 1986 ad
886 1954 918 1994 S.
942 1951 1001 1987 32.
1023 1965 1070 1977 -·-
1113 1952 1235 1997 Neque
1259 1953 1328 1986 illis
1352 1959 1473 1985 omnes

82 2004 158 2038 fere
179 2004 349 2047 praebent
377 2004 531 2049 codices,
562 2018 689 2041 novem
720 2007 947 2042 Leidensibus
982 2009 1153 2053 exceptis,
1188 2008 1250 2052 qui
1280 2014 1473 2053 pronomen

80 2071 151 2095 non
175 2064 387 2105 agnoscunt3
418 2061 454 2095 id
492 2062 565 2097 iam
598 2068 721 2108 suopte
744 2065 862 2098 Marte
885 2065 1025 2100 Cottius
1059 2066 1246 2105 omiserat,
1284 2064 1474 2099 sententiae

81 2118 253 2162 gravitati
274 2129 397 2162 pamm
421 2121 614 2156 consulens.
661 2121 875 2156 Pronomine
897 2122 991 2155 enim
1015 2122 1128 2166 posito
1152 2134 1208 2156 res
1231 2122 1275 2156 ad
1298 2122 1474 2157 maiorum

45 2180 52 2190 ³
81 2184 248 2218 personas
278 2179 314 2209 et
343 2175 517 2211 iudicium
549 2182 754 2220 revocatur,
786 2178 823 2211 id
858 2179 951 2222 quod
984 2179 1069 2213 hnic
1109 2179 1211 2220 loco,
1252 2179 1315 2213 ubi
1355 2184 1475 2214 vetera

82 2231 183 2265 novis
214 2237 457 2275 opponuntur,
488 2234 641 2268 maxime
665 2235 846 2275 convenit3
880 2235 955 2269 sine
978 2246 1021 2270 eo
1045 2236 1214 2271 sententia
1239 2236 1355 2281 magis
1378 2246 1475 2282 vaga

83 2292 120 2322 et
154 2288 328 2333 generalis
361 2293 422 2322 est.
446 2308 493 2315 —
536 2291 651 2325 Proba
684 2297 782 2326 erant
813 2302 932 2326 omnes
965 2296 1006 2326 ut
1050 2292 1186 2328 videtur
1220 2293 1305 2329 libri
1338 2297 1474 2336 tenent3

85 2345 226 2380 Cottius
249 2345 339 2378 nihil
362 2346 496 2381 monito
519 2347 649 2382 lectore
672 2349 818 2382 verbnm
843 2349 974 2383 omisit.

175 2404 208 2444 §.
232 2401 289 2436 38.
333 2405 523 2449 postremo]
575 2405 712 2450 Explic.
746 2407 783 2440 h.
816 2418 850 2440 V.
883 2408 929 2441 ad
953 2407 1044 2450 xlv,
1071 2407 1105 2442 6.
1134 2424 1178 2435 a
1231 2408 1364 2454 Ubique
1394 2408 1418 2444 i.
1442 2417 1473 2443 e.

84 2462 121 2493 et
141 2459 223 2499 ubi,
259 2469 294 2492 v.
320 2459 366 2493 ad
389 2472 420 2494 c,
447 2463 575 2505 xxm,
602 2463 636 2497 4.
656 2482 702 2489 ——
737 2465 876 2498 Imitari
908 2476 1013 2509 quam
1046 2466 1203 2500 invidere
1232 2467 1328 2501 bonis
1359 2466 1475 2511 quivis

83 2515 180 2550 videt
201 2515 251 2550 ita
274 2515 404 2551 dictum
428 2530 525 2563 ease,
563 2525 601 2555 ut
633 2521 889 2555 substantivum
922 2533 1001 2556 cum
1024 2523 1217 2567 posteriore
1248 2525 1356 2559 verbo
1391 2535 1475 2558 con-

84 2572 242 2607 iunctum
267 2573 339 2608 alio
363 2587 446 2610 casu
470 2579 515 2612 ad
537 2578 633 2622 prius
649 2579 879 2623 supplendum
902 2579 959 2620 sit,
982 2580 1087 2624 plane
1108 2584 1147 2615 ut
1169 2582 1246 2627 lug.
1260 2582 1288 2623 1,
1307 2582 1341 2616 5.
1365 2594 1474 2628 neque

83 2637 290 2676 regerentur
311 2635 429 2678 magis
452 2645 555 2678 quam
577 2641 740 2680 regerent
765 2647 885 2676 casus;
908 2638 1006 2671 cuins
1030 2638 1260 2674 insolentioris
1282 2644 1475 2674 structurae

84 2694 129 2724 σι’
142 2690 331 2726 verborum
353 2691 593 2728 eollo-ationis
608 2703 732 2729 caussa
754 2693 791 2729 in
807 2694 1031 2739 oppositionis
1044 2696 1180 2731 ratione
1200 2698 1397 2741 quaerenda
1410 2702 1475 2741 est,

150 2750 190 2798 1.
308 2813 316 2819 N
1132 2756 1196 2800 ιτ
