1630 3034
142 152 228 225 555⁰
514 147 559 190 C.
591 145 916 189 SALLUSTI
949 145 1172 189 CRISPI

105 265 236 312 8fuit.
307 263 460 321 Atque
504 263 594 307 hoc
629 263 796 307 utinam
839 278 866 306 a
897 262 1120 323 principio
1155 263 1235 307 tibi
1270 262 1536 323 placuisset!
1576 289 1580 291 -

144 360 352 422 profecto
400 374 455 404 ex
491 361 665 421 populo
710 361 918 404 Romano
961 359 1022 404 ad
1056 360 1147 404 hoc
1183 366 1360 420 tempus
1399 359 1539 403 multo

145 459 279 519 plura
307 458 429 501 bona
460 457 725 518 accepisses,
761 472 897 516 quam
925 458 1043 502 mala
1070 471 1313 518 perpessus
1351 472 1414 504 es.
1447 456 1543 502 Sed

149 626 288 649 sensum
313 617 501 648 assecutus.
550 615 660 648 Recte
685 614 778 648 enim
802 613 860 648 isti
884 613 1045 648 viderunt
1068 613 1264 649 amicorum
1287 614 1427 648 landem
1450 612 1549 647 haud

149 676 333 711 commode
356 675 401 709 ad
428 676 657 719 praeteritum
680 680 816 719 tempus
843 675 989 716 referri,
1025 676 1085 709 sed
1117 675 1169 709 rei
1192 675 1404 721 gravitatem
1428 677 1549 718 postu-

149 739 245 779 lare,
280 740 319 771 ut
355 736 457 770 Sulla
490 741 710 780 praesentem
744 747 866 770 eorum
896 747 999 769 usum
1029 738 1184 771 extollat.
1233 737 1280 771 Et
1302 747 1386 770 sane
1408 735 1461 770 ita
1484 740 1548 769 est.

150 798 218 832 Sed
243 797 410 842 quoniam
434 798 476 830 de
500 798 672 832 Romanis
695 797 779 841 ipsis
802 797 968 841 loquens,
999 809 1089 842 quae
1111 798 1226 832 oratio
1251 803 1303 832 est
1326 798 1490 841 postulat,
1514 796 1551 830 in

151 859 357 904 generalem
387 859 594 893 sententiam
626 858 772 901 transit,
802 858 919 892 verbis
950 860 1112 903 cuiquam
1145 859 1296 893 omnium
1320 859 1551 900 declaratam,

153 932 195 955 eo
222 919 357 954 factum
380 923 451 963 est,
475 925 514 955 ut
531 922 606 964 suit
630 923 795 964 poneret,
818 921 911 964 quod
934 931 1002 954 non
1027 921 1172 964 perfecti
1193 921 1231 954 vi
1254 924 1306 954 est
1329 920 1551 964 capiendum,

153 981 214 1017 sed
249 981 321 1023 ita,
356 985 397 1015 ut
427 980 544 1015 valeat
576 991 648 1014 esse
683 982 790 1023 solet,
822 981 865 1015 de
897 992 968 1025 quo
997 993 1063 1016 usu
1085 982 1240 1016 diximus
1262 982 1307 1016 ad
1329 993 1360 1016 c.
1385 982 1494 1023 xvn,
1518 981 1552 1015 6.

154 1055 190 1088 p.
214 1041 296 1076 105.

249 1106 281 1146 §-
315 1101 349 1137 8.
401 1114 442 1136 esc
464 1102 591 1147 populo
616 1101 744 1144 Rom.]
792 1103 863 1136 Pro
889 1114 930 1137 ex
950 1114 1030 1148 pop.
1056 1114 1170 1148 accep.
1195 1107 1331 1148 poterat
1355 1104 1461 1138 etiam
1486 1102 1557 1136 (lici

157 1176 180 1198 a
203 1175 283 1208 pop.
309 1164 518 1208 accepisses,
542 1175 756 1208 quamquam
781 1175 850 1198 non
879 1164 957 1209 pari
980 1165 1084 1208 plane
1107 1176 1219 1205 sensu,
1245 1170 1284 1199 ut
1306 1165 1444 1199 Cortius
1467 1164 1555 1198 vult.

155 1227 246 1261 Nam
272 1238 295 1259 a
318 1225 532 1270 praepositio
557 1226 739 1260 Romanos
770 1225 869 1260 iubet
897 1232 1057 1261 auctores
1081 1226 1253 1259 bonorum
1277 1231 1311 1261 et
1335 1227 1475 1260 datores
1499 1237 1558 1259 co-

156 1287 285 1333 gitari;
313 1299 353 1321 ex
376 1287 618 1321 tantummodo
642 1287 791 1332 originis
816 1292 850 1322 et
874 1288 975 1332 quasi
991 1288 1105 1331 fontis
1124 1287 1417 1332 significationem
1440 1288 1560 1330 habet,

158 1349 249 1383 unde
272 1349 335 1383 illa
357 1350 451 1383 bona
475 1348 618 1382 fluxisse
639 1348 848 1393 cogitentur,
884 1350 944 1393 qui
969 1361 1050 1383 usus
1073 1359 1096 1383 a
1122 1350 1225 1383 rebus
1251 1349 1306 1394 (v,
1329 1350 1374 1384 ad
1399 1349 1502 1384 Catil.
1527 1360 1559 1383 c.

159 1410 239 1452 Xll,
264 1410 318 1454 2.)
346 1410 389 1444 ad
415 1420 580 1454 personas
601 1414 654 1443 est
678 1411 879 1444 translatus.
904 1411 950 1443 cf.
975 1411 1094 1445 Hand.
1120 1411 1163 1444 (le
1186 1411 1341 1445 Particc.
1364 1411 1457 1445 Latt.
1482 1409 1560 1443 Vol.

158 1471 204 1506 11.
232 1483 267 1515 p.
291 1471 372 1505 620.
398 1473 430 1514 ἓ.
456 1471 512 1505 13.
538 1476 573 1505 et
596 1483 630 1516 p.
655 1472 738 1505 622.
771 1473 803 1514 ἓ.
829 1469 885 1505 15.
919 1472 1025 1506 Catil.
1050 1484 1082 1506 c.
1106 1472 1179 1515 Lu,
1203 1472 1261 1507 16.
1309 1473 1347 1506 Si
1368 1472 1562 1517 periculum

160 1544 208 1567 ex
232 1533 338 1566 illis
362 1533 497 1567 metuit.
523 1533 600 1578 lug.
625 1534 705 1574 XX,
731 1533 764 1566 l.
812 1531 955 1567 'Certum
978 1539 1091 1576 ratus,
1116 1534 1207 1578 quod
1232 1545 1282 1568 ea.-
1306 1533 1470 1567 amicis
1493 1544 1564 1566 ac-

161 1599 372 1637 ceperat.
393 1615 440 1620 -
465 1593 653 1637 Perpessus
677 1605 738 1635 es,
764 1605 979 1639 quamquam
1003 1606 1046 1629 ex
1068 1595 1144 1629 solo
1168 1595 1274 1629 Misn.
1299 1599 1476 1629 enotatum
1500 1597 1564 1636 est,

161 1653 218 1687 cui
248 1665 356 1697 prope
384 1653 518 1687 accedit
542 1655 655 1688 Palat.
683 1655 716 1688 4.
738 1660 789 1689 est
807 1656 985 1698 exhibens,
1010 1657 1258 1700 praeeuntibus
1274 1657 1376 1700 Bipp.
1395 1659 1429 1690 et
1444 1656 1565 1690 Fabro

162 1713 368 1759 scripsimus
390 1726 452 1758 pro
469 1715 617 1759 vulgata
636 1715 793 1749 omnium
809 1727 920 1760 paene
940 1717 1039 1750 codd.
1063 1716 1210 1751 lectione
1226 1729 1408 1761 perpessus
1432 1727 1564 1751 esses.

165 1776 263 1813 Nam.
280 1776 358 1820 quis
381 1787 450 1809 non
483 1775 599 1815 videt,
624 1775 783 1818 Sullam,
820 1777 1002 1811 hominem
1035 1778 1348 1819 facundissimum,
1382 1778 1500 1822 inepte
1524 1788 1567 1812 ac

165 1848 308 1881 prorsus
341 1836 469 1870 insulse
501 1837 545 1871 ad
576 1837 758 1871 Bocchum
793 1837 862 1871 sil->i
893 1838 1151 1872 conciliandum
1174 1839 1243 1872 hoc
1266 1843 1476 1884 argumento
1501 1839 1566 1883 uti,

166 1901 205 1932 ut
228 1897 336 1930 dicat:
363 1897 393 1931 si
418 1897 482 1931 ille
504 1898 748 1932 Romanorum
768 1898 963 1933 amicitiam
981 1904 1120 1933 secutus
1139 1904 1240 1943 esset,
1266 1900 1425 1934 futurum
1448 1901 1568 1943 ruisse,

168 1963 206 1992 ut
231 1963 265 1992 et
289 1959 398 2000 bona,
432 1964 476 1993 et
500 1960 619 1993 mala
644 1971 685 1994 ex
710 1960 753 1994 iis
776 1961 946 2004 haberet,
983 1961 1042 1994 sed
1077 1961 1169 1995 bona
1195 1963 1322 2006 plura!
1359 1962 1427 1996 Sed
1460 1974 1569 2006 quum

168 2021 260 2054 bona
286 2022 421 2063 cultae,
454 2021 551 2054 mala
573 2023 758 2066 neglectae
782 2022 1025 2056 Romanorum
1059 2023 1238 2058 amicitiae
1261 2024 1441 2066 ostendat,
1480 2036 1569 2068 quo-

170 2093 248 2116 rum
274 2082 337 2116 illa
358 2083 527 2127 potuisset
552 2084 708 2127 accipere
733 2083 915 2126 Bocchus,
950 2084 1019 2117 nisi
1042 2084 1158 2118 alieno
1182 2085 1300 2118 animo
1317 2086 1457 2129 suisset,
1481 2087 1571 2119 haec

169 2155 294 2177 revera
315 2154 498 2188 perpessus
519 2150 607 2188 erat,
633 2145 717 2189 quia
734 2144 844 2179 hostis
861 2147 947 2188 suit,
974 2145 1207 2179 multitudinis
1231 2147 1402 2180 bonorum
1427 2158 1469 2181 ac
1494 2158 1571 2181 ma-

170 2205 287 2239 lorum
313 2207 533 2249 comparatio
553 2217 620 2240 non
646 2209 767 2250 potest.
780 2217 820 2239 cx
838 2217 947 2249 aequo
968 2206 1113 2248 institui,
1138 2207 1198 2240 scd
1220 2213 1314 2241 recta
1337 2207 1429 2241 ratio
1452 2212 1570 2252 postu-

171 2267 242 2309 lat,
275 2267 442 2310 qnoniam
476 2267 511 2301 in
543 2269 654 2301 altera
686 2271 786 2310 parte
818 2267 860 2300 (le
877 2270 984 2310 facta
1010 2279 1068 2310 rc,
1103 2280 1171 2301 non
1199 2269 1242 2302 de
1266 2269 1422 2313 cogitata
1446 2274 1506 2304 aut
1529 2280 1571 2304 ex

172 2327 375 2361 condicione
398 2339 565 2371 suspensa
589 2328 721 2373 agitur,
747 2331 785 2361 nt
808 2326 981 2362 scribatur
1003 2340 1185 2373 perpessus
1211 2341 1256 2363 es.
1304 2331 1484 2365 Librarius
1506 2342 1572 2365 au-

174 2391 245 2422 tem
279 2389 455 2423 diversam
491 2389 672 2432 utriusque
707 2388 858 2422 membri
897 2394 1063 2423 naturam
1097 2401 1165 2423 non
1199 2390 1426 2435 intellexisse,
1469 2397 1573 2437 atque

176 2454 316 2494 propter
339 2452 528 2494 accepisses
552 2451 659 2484 etium
683 2450 863 2494 scripsisse
888 2462 986 2495 perp.
1021 2463 1147 2485 esses
1171 2463 1238 2486 non
1264 2458 1315 2486 est
1338 2453 1480 2487 mirum.

270 2514 302 2553 ἓ.
328 2511 362 2545 9.
411 2513 644 2546 humanarum
668 2523 784 2545 rerum
808 2531 852 2536 —
875 2513 1056 2557 pleraque]
1107 2513 1158 2546 De
1182 2513 1336 2554 ratione,
1365 2524 1434 2557 qun
1455 2514 1574 2557 plem-

177 2583 241 2614 qne
267 2572 309 2604 ml
338 2585 452 2606 rernm
475 2575 634 2614 refertur,
661 2584 692 2605 v.
720 2577 888 2608 annotata
913 2575 955 2608 nd
982 2586 1010 2607 c.
1043 2575 1134 2615 XM,
1168 2574 1201 2609 1.
1231 2593 1276 2599 —
1302 2575 1366 2608 Cui
1389 2575 1574 2612 sciliceit

176 2633 415 2676 pllacuisse
446 2638 563 2669 tenent
594 2636 672 2669 Vnt.
704 2636 746 2669 A.
780 2635 855 2668 Pal.
892 2635 922 2669 1.
955 2635 1067 2670 Paris.
1092 2647 1121 2668 c.
1146 2646 1179 2668 x.
1204 2646 1234 2669 ι.
1259 2636 1456 2680 complures
1481 2635 1572 2671 Itan.

180 2697 215 2727 et
239 2693 382 2735 Lei‹ld.;
416 2707 523 2739 prope
556 2697 721 2731 accedunt
752 2697 832 2731 Scn.
858 2697 889 2731 l.
916 2702 951 2731 et
976 2697 1093 2731 Guelf.
1120 2697 1165 2738 1,,
1190 2696 1249 2740 qui
1274 2697 1403 2730 habent
1424 2697 1572 2740 placuis-

180 2758 255 2794 σοί,-
279 2755 314 2788 io
339 2756 462 2790 ceteris
486 2761 536 2792 est
557 2758 690 2802 placuit
714 2763 774 2792 aut
797 2760 1020 2804 complacuit,
1057 2770 1097 2793 ex
1123 2758 1389 2802 interpolatione
1411 2757 1574 2793 librario·
