1630 3034
158 181 247 234 ao}
497 186 544 228 e.
583 186 923 229 SALLUSTI
961 186 1193 230 omsrl

162 318 309 362 neque
344 302 510 347 fortem
545 317 599 347 ex
632 302 790 346 timido
826 303 1068 348 exercitum
1110 303 1311 348 oratione
1344 303 1543 363 impera-

121 396 273 440 2toris
308 393 418 439 fieri.
488 393 666 449 Quanta
707 394 922 452 cuiusque
965 394 1113 438 animo
1157 394 1346 440 audacia
1388 400 1544 439 natura

162 492 238 531 aut
271 485 471 530 moribus
503 484 630 540 inest,
664 489 786 529 tanta
821 485 866 529 in
900 485 1024 530 bello
1055 490 1213 545 patere
1235 485 1372 538 solet3
1406 500 1543 543 quem

161 592 310 636 neque
355 576 506 637 gloria
548 589 694 634 neque
737 576 941 635 pericula
985 577 1214 632 excitant,
1245 575 1544 635 nequicquam

122 668 373 721 3hortere3
416 668 552 711 timor
585 665 720 710 animi
763 667 942 711 auribus
985 667 1138 713 officit.
1208 666 1303 712 Sed
1340 681 1430 728 ego
1464 681 1545 711 vos

165 774 256 819 quo
301 773 449 819 pauca
493 772 724 802 monerem
776 757 1019 816 advocavi,
1064 759 1195 803 simul
1237 760 1302 803 uti
1347 772 1545 804 caussam

164 925 252 960 quo
284 924 434 958 pauca
466 923 689 947 monerem
723 911 911 955 advocavi,
943 913 989 948 ad
1013 925 1045 958 q.
1071 915 1096 950 Ι.
1121 912 1319 959 Herzogius
1341 913 1457 954 recte,
1487 909 1548 946 sed

164 975 248 1006 ante
269 971 441 1004 dictorum
465 970 615 1012 oblitus,
646 970 843 1004 annotavit:
880 982 975 1014 „per
1007 973 1279 1017 occupationem,
1313 981 1356 1004 ne
1378 979 1421 1004 ex
1444 967 1548 1002 modo

165 1028 266 1063 dictis
289 1031 365 1062 tota
388 1028 509 1061 concio
531 1029 728 1073 frustranea
751 1027 950 1060 videatur.“

258 1088 291 1128 §-
316 1085 351 1119 2.
398 1090 532 1129 quanta
556 1086 670 1118 auimo
693 1085 847 1118 audacia
869 1085 979 1131 inest]
1003 1085 1198 1119 Audaciam
1221 1085 1260 1120 Ῑι.
1282 1084 1308 1118 l.
1330 1083 1424 1117 bono
1447 1091 1548 1115 sensu

165 1144 235 1178 diei
258 1155 321 1187 pro
346 1142 476 1176 virtute
508 1142 711 1186 interpretes
743 1142 874 1175 dudum
897 1147 1078 1183 notarunt3
1105 1144 1150 1178 cf.
1178 1154 1207 1175 c.
1234 1141 1297 1182 lx,
1329 1140 1363 1174 3.
1396 1138 1549 1173 audacia

165 1203 203 1236 in
236 1203 321 1236 bello
354 1200 521 1245 rempubl.
557 1200 735 1233 curabant.
774 1199 842 1241 LI,
871 1199 926 1233 17.
971 1201 1118 1233 maiores
1148 1198 1258 1232 nostri
1289 1207 1398 1241 neque
1431 1195 1550 1228 consili

165 1270 275 1304 neque
316 1259 489 1292 audaciae
529 1268 695 1301 umquam
730 1268 868 1302 eguerc.
897 1275 940 1281 -
973 1257 1086 1290 Inesse
1117 1252 1550 1290 verbum'inustravimus

167 1317 212 1350 nd
236 1328 266 1349 e.
300 1316 409 1356 xvn,
431 1314 526 1348 2.—
558 1314 711 1348 Moribus
742 1314 805 1347 ubi
828 1318 978 1347 naturae
1011 1318 1229 1358 opponuntur
1260 1311 1478 1356 significatur
1501 1307 1550 1348 id,

167 1373 226 1406 cui
247 1373 301 1405 vel
326 1371 542 1406 institutione
570 1371 627 1404 vel
660 1383 725 1404 usu
750 1371 987 1404 assuescimus.
1009 1389 1054 1396 —
1092 1371 1163 1404 Pro
1203 1370 1337 1403 hor-tere
1373 1366 1490 1400 Gueif.
1515 1365 1549 1399 1.

164 1430 201 1464 6.
223 1429 256 1463 8.
279 1430 311 1463 9.
347 1428 454 1462 Acad.
478 1428 601 1461 Inoert.
626 1427 659 1460 2.
693 1428 817 1463 Frano.
842 1432 876 1462 et
898 1429 980 1462 Bas.
999 1427 1033 1461 4.
1068 1428 1203 1462 hortari
1226 1429 1366 1467 tenent,
1398 1423 1491 1469 quod
1513 1423 1550 1457 in

167 1486 338 1522 sententia
360 1497 440 1519 cum
464 1484 678 1518 dubitatione
710 1489 745 1519 et
768 1485 881 1518 ironia
903 1486 1042 1527 prolata
1072 1485 1169 1518 nulio
1192 1485 1295 1517 modo
1319 1481 1405 1516 ferri
1428 1483 1552 1526 potest,

167 1542 306 1578 etiamsi
336 1541 517 1576 indicativi
542 1542 657 1575 forma
690 1542 726 1575 in
750 1553 788 1576 re
820 1542 976 1575 desinens
999 1540 1112 1575 minus
1144 1540 1282 1574 insolita
1315 1542 1414 1574 esset.
1459 1538 1551 1572 eon-

167 1599 316 1635 iunctivi
340 1599 406 1633 isto
438 1599 542 1633 modo
569 1598 744 1633 terminati
767 1600 881 1633 multa
904 1599 1066 1643 exempla
1088 1597 1260 1643 congessit
1290 1597 1372 1631 Car·
1404 1595 1552 1631 Beier-us

168 1658 214 1693 ad
237 1657 309 1691 Cic.
336 1655 410 1690 off.
431 1656 458 1698 Ι,
482 1656 515 1697 1,
532 1656 566 1690 2.
592 1661 627 1691 et
648 1657 693 1690 ad
716 1657 777 1697 111,
796 1656 854 1699 33,
879 1656 959 1691 121.

264 1714 367 1748 timor
401 1714 510 1746 animi
543 1715 683 1747 auribus
715 1715 844 1758 officit]
880 1713 1163 1758 Bergstriisserus
1194 1711 1230 1745 in
1267 1710 1386 1746 Praei.
1421 1709 1551 1745 Hoekii

167 1770 444 1815 interpretationi
479 1773 687 1805 vernaculae
709 1771 863 1816 praefixa
885 1783 919 1814 p.
944 1771 1001 1806 41.
1035 1771 1144 1805 animi
1177 1770 1318 1804 auribus
1341 1768 1553 1813 coniungen-

169 1830 254 1864 dum
279 1832 415 1869 censet,
446 1829 540 1871 quod
562 1833 704 1873 propter
736 1833 974 1873 antegressum
1000 1828 1134 1862 hortere
1164 1828 1302 1872 placere
1331 1827 1459 1870 possit,
1492 1825 1552 1859 sed

168 1886 274 1921 nihili
297 1889 359 1927 est,
383 1896 489 1929 quum
513 1886 584 1919 hac
608 1886 817 1929 metaphora
840 1891 992 1927 veteres,
1015 1890 1056 1918 ut
1079 1885 1136 1918 wel
1159 1888 1289 1928 spretas
1311 1883 1370 1916 vel
1393 1885 1554 1926 acceptas

169 1942 423 1980 admonitiones
447 1943 555 1975 animi
579 1943 717 1975 auribus
747 1942 955 1985 tribuerent,
980 1953 1167 1985 nunquam,
1191 1944 1358 1985 quamtum
1380 1940 1473 1983 scio,
1498 1937 1553 1972 usi

170 2003 251 2038 sint.
299 2001 430 2035 Contra
452 2001 555 2033 timor
579 2000 688 2032 animi
710 1999 859 2033 habetur
889 2001 966 2044 Ing.
984 2001 1088 2040 Lvn,
1107 2000 1141 2031 (5.
1156 2024 1165 2040 ‚
1202 1998 1411 2041 omninoque
1434 2000 1554 2031 teneu-

168 2061 278 2101 dum,
312 2058 404 2102 quod
436 2057 574 2091 Cortius
606 2057 691 2090 scite
722 2057 765 2090 ad
797 2058 871 2091 Cat.
900 2059 943 2099 11,
971 2058 1004 2092 3.
1037 2056 1196 2097 monuit,
1227 2055 1370 2090 Latinos
1401 2053 1554 2098 quodum

169 2114 426 2162 perspicuitatis
451 2125 553 2148 sensu
576 2113 697 2148 ductos
720 2115 830 2148 animi
852 2113 896 2149 iis
919 2115 1100 2149 vocabulis
1127 2125 1231 2157 saepe
1254 2113 1403 2153 addere,
1428 2111 1554 2155 quibus

170 2187 229 2209 res
271 2173 531 2219 significentur,
576 2183 665 2215 quae
707 2171 864 2206 animum
903 2173 1024 2206 sedem*
1065 2173 1239 2211 habeant;
1272 2170 1369 2204 velut
1398 2169 1424 2203 1.
1456 2170 1481 2203 Ι.
1519 2173 1554 2204 et

171 2243 203 2266 c.
228 2232 319 2271 Lm,
344 2230 377 2263 1.
402 2229 511 2262 vir-tus
534 2229 654 2269 animi,
677 2229 754 2274 lug.
771 2230 846 2273 vn,
869 2230 902 2263 7.
927 2231 1160 2274 munuficentia
1184 2228 1304 2262 animi.
1353 2226 1425 2261 Cic.
1449 2227 1553 2260 Brut.

171 2289 230 2329 34,
261 2286 340 2321 129.
383 2287 472 2330 Epp.
508 2285 552 2320 ud
584 2286 720 2320 Famm.
750 2287 823 2327 lx,
849 2287 914 2329 16,
944 2293 1029 2322 extr.
1074 2300 1108 2321 v.
1141 2283 1338 2322 Gernhnrd.
1373 2284 1419 2318 ad
1453 2284 1551 2317 lanei.

170 2359 201 2380 c.
219 2345 278 2386 21,
308 2344 364 2379 77.
390 2363 436 2368 —
470 2344 618 2377 Auribus
648 2345 755 2387 officit
788 2345 1014 2378 Kunhardtus
1046 2345 1176 2389 optime
1210 2344 1260 2377 sic
1291 2342 1552 2386 interpretatur:

170 2402 331 2446 impedit,
357 2401 541 2444 quominus
565 2402 618 2434 vel
644 2401 839 2442 audiantur,
866 2403 922 2436 vel
944 2403 1014 2435 vim
1036 2400 1270 2445 persuadendi
1293 2399 1446 2433 habeant
1469 2398 1554 2432 hor-

170 2461 316 2496 tamina.
364 2459 419 2492 cf.
444 2459 587 2501 Fragm.
607 2458 713 2492 nistt.
731 2459 759 2492 1.
785 2471 817 2492 n.
843 2458 901 2492 2⁴.
924 2461 1026 2503 quasi
1041 2459 1230 2503 formidine
1256 2457 1432 2491 attonitus.
1443 2467 1554 2502 neque

174 2519 302 2557 animo,
326 2526 434 2559 neque
458 2516 657 2548 auribus
681 2521 883 2560 competere.
931 2517 962 2550 Λ
987 2527 1071 2550 vera
1105 2519 1223 2549 nutem
1253 2514 1423 2550 sententia
1452 2515 1553 2549 aber-

174 2574 267 2609 ravit
291 2571 464 2617 bangius,
496 2573 584 2606 haec
608 2578 791 2608 annotans:
824 2574 1012 2615 „internus
1036 2573 1142 2608 timor
1177 2572 1340 2617 impedit,
1371 2570 1553 2616 quominus

175 2631 434 2668 adhortationes
456 2631 621 2665 audiat.“

267 2691 300 2733 5.
323 2687 429 2724 8-4.·
464 2689 565 2725 simul
598 2689 652 2724 uta·
682 2699 840 2724 caussam
873 2689 942 2724 men·
970 2689 1089 2725 consili
1112 2687 1306 2734 aperirem]
1348 2686 1459 2723 Simul
1493 2697 1552 2724 co·
