1630 3034
227 118 282 160 68
837 119 990 158 INDEX

231 233 394 263 Pronomcn
409 231 566 262 relativum
583 229 736 271 neglecto
749 239 871 261 numero
882 229 1112 272 praecedentis
1125 229 1328 262 substantivi
1346 238 1447 262 sensu
1463 231 1630 271 regitur.·:

317 286 343 319 1.
362 285 416 325 38,
432 286 465 318 6.

229 343 393 374 Pronomen
409 343 567 374 relativum
583 342 712 385 plurale
730 352 792 374 non
811 346 920 384 potest
936 342 1029 374 iuxta
1047 342 1216 374 collectivi
1242 342 1381 374 nominis
1403 341 1606 383 singularem
1623 338 1630 357 ³

316 399 403 442 poni,
428 397 579 438 I.16,1.

229 455 393 486 pronomen
407 455 564 486 relativum
580 465 643 487 non
666 454 789 496 ubique
807 455 847 487 ad
864 456 1053 495 proximum,
1080 454 1137 485 sed
1156 454 1196 485 ad
1216 454 1403 496 primarium
1421 453 1606 486 substanti—

317 520 394 543 vum
409 510 568 550 refertur,
584 510 609 543 Ι.
632 510 685 550 18,
700 510 732 542 9.

227 566 392 598 l’ronomen
408 567 566 598 relativum
582 567 623 598 ad
640 576 811 609 personam
827 577 890 598 non
909 567 1038 598 nomine
1056 575 1265 608 expressam,
1307 565 1362 598 sed
1382 565 1475 598 verbi
1493 566 1607 598 termi-

317 623 450 654 natione
464 622 697 663 significatam,
711 623 869 662 refertur,
887 622 911 654 l.
933 622 986 659 14,
1004 621 1062 654 23,

227 677 413 710 pronominis
430 679 548 710 relativi
563 683 743 710 neutrum
760 679 800 711 ad
818 679 908 710 aliud
927 688 1044 719 genus,
1063 678 1122 710 sed
1141 678 1302 710 indefiniti
1315 687 1447 717 sensus,
1466 682 1607 721 spectat.

316 734 340 767 I.
361 734 416 774 41,
433 734 462 767 1.

229 789 394 822 Pronomen
413 791 570 822 relativum
587 791 786 823 attractione
805 801 878 824 cum
895 791 1047 833 sequenti
1066 791 1196 822 nomine
1214 791 1373 829 sociatur,
1399 789 1424 822 1.
1440 790 1494 829 54,
1513 789 1544 822 6.

227 846 394 878 Pronomen
405 847 561 879 relativum
575 848 642 880 alio
660 857 751 886 casu,
769 857 865 890 quam
889 857 952 889 quo
980 847 1181 879 antecedens
1206 856 1322 879 nomen
1347 850 1406 879 aut
1430 846 1606 878 relativum

317 903 459 944 positum
478 903 554 943 fuit,
572 904 800 946 supplendum,
825 903 851 935 l.
872 904 926 942 54,
947 903 979 935 1.

227 958 389 990 pronomen
405 960 563 991 relativum
580 960 630 991 bis
647 959 830 1002 ponendum
848 959 1011 991 interdum
1030 958 1135 990 altero
1160 959 1232 990 loco
1259 967 1330 990 cum
1348 958 1607 991 demonstrativo

317 1021 546 1057 commutatur,
570 1016 595 1049 l.
617 1015 694 1055 101,
714 1016 744 1047 5.

226 1070 392 1103 pronomen
407 1073 564 1105 relativum
582 1082 645 1104 non
661 1071 785 1114 ubique
804 1071 1028 1103 necessarium
1041 1071 1072 1102 in
1083 1070 1372 1103 enunciationibus
1382 1070 1605 1113 explicativiS.

312 1126 337 1159 Ι.
358 1127 395 1160 51
403 1153 412 1166 ,
432 1128 464 1160 3.

224 1183 392 1216 pronomen
409 1186 567 1217 relativum
584 1193 656 1217 cum
673 1183 839 1216 infinitivo
856 1185 1002 1216 iunctum
1020 1183 1051 1214 in
1070 1184 1219 1215 oratione
1234 1183 1379 1225 obliqua,
1406 1182 1430 1215 Ι.
1451 1183 1505 1222 54,
1520 1183 1551 1214 5.

226 1239 390 1272 Pronomen
402 1242 560 1273 relativum
577 1251 649 1273 cum
663 1240 845 1273 indicativo
863 1240 1021 1279 iunctum,
1049 1239 1104 1271 ubi
1132 1239 1318 1272 caussalem
1338 1248 1456 1271 nexum
1485 1248 1605 1281 exspe-

317 1301 401 1337 ctes,
426 1296 451 1329 1.
472 1297 528 1338 85,
547 1297 578 1329 9.

225 1352 390 1385 Pronomen
401 1354 557 1385 relativum
576 1353 764 1396 compendio
781 1353 939 1395 seriptum
956 1353 1090 1395 saepius
1106 1352 1192 1384 maie
1206 1352 1426 1391 intellectum,
1445 1350 1482 1384 C.
1498 1350 1552 1390 18,
1573 1351 1602 1383 1.

313 1408 368 1448 39,
387 1409 419 1442 2.
469 1409 493 1441 Ι.
515 1409 569 1449 14,
589 1408 641 1441 17.

224 1464 389 1497 Pronomen
405 1467 651 1507 interroyativum
676 1475 748 1498 cum
777 1465 853 1497 aliis
878 1466 1086 1505 interr-oqancli
1109 1464 1282 1497 vocabulis
1311 1465 1533 1504 coniunctum,
1561 1461 1601 1497 C.

313 1521 370 1561 23,
389 1521 421 1555 3.

224 1575 388 1609 Pronomen
403 1579 650 1618 4ιἠίαννοςιαιὶινιιηι
674 1582 709 1610 et
729 1578 914 1617 indefinitum.
934 1587 950 1617 q
964 1578 1026 1608 uis
1044 1581 1078 1609 et
1103 1578 1170 1617 qui
1196 1576 1356 1618 quomodo
1381 1575 1548 1616 differant,
1567 1575 1602 1609 C.

312 1633 367 1672 44,
391 1634 421 1665 5.

223 1688 442 1720 Prononomina
459 1691 631 1730 possessiva
649 1699 750 1721 sensu
767 1690 902 1731 passivo
915 1714 922 1728 ,
947 1699 1003 1731 pro
1022 1689 1170 1730 genitivo
1188 1688 1410 1732 personalium
1427 1687 1603 1722 obiectivo.

313 1744 350 1778 C.
369 1745 496 1786 51,11.
547 1745 648 1783 182,
668 1745 699 1777 3.

225 1801 408 1832 pronominis
422 1803 587 1843 possessivi
604 1805 733 1840 neutro,
753 1801 785 1833 vi
803 1801 1007 1833 substantivi
1025 1801 1143 1843 posito,
1170 1800 1371 1832 adice-tivum
1388 1800 1547 1839 additum,
1579 1800 1602 1832 l.

312 1857 367 1897 10,
384 1857 417 1892 2.

224 1914 450 1945 pronominibus
461 1914 641 1955 possessivis
659 1912 792 1955 syllaba
808 1917 866 1944 met
883 1913 1008 1951 addita,
1027 1909 1068 1945 C.
1088 1911 1145 1951 23,
1162 1912 1195 1946 2.

223 1970 387 2002 Pronomen
402 1971 605 2011 possessivum
624 1969 743 2001 tertiae
761 1978 922 2011 personae
934 1994 942 2006 ,
957 1969 1056 2000 alieno
1074 1969 1274 2011 oppositum,
1294 1969 1479 2000 commodum
1497 1968 1601 2009 signi-

313 2027 402 2066 ficat,
428 2025 451 2058 l.
481 2025 583 2065 54‚8.

221 2082 387 2114 I'ronomen
406 2083 480 2113 ille
497 2083 641 2125 ponitur,
654 2082 712 2113 ubi
726 2081 889 2113 obiectum
906 2090 1126 2124 praegressae
1144 2080 1388 2113 enunciationis
1414 2080 1451 2112 fit
1470 2080 1602 2113 subiec-

310 2143 378 2170 tum
396 2139 580 2181 sequentis,
606 2135 645 2170 C.
660 2139 717 2177 45,
734 2137 767 2171 2.
817 2137 872 2175 59,
893 2138 924 2170 5,

222 2194 386 2227 Pronomen
404 2196 479 2227 ille
497 2195 528 2226 in
544 2195 692 2227 oratione
711 2194 842 2235 obliqua
862 2204 917 2236 pro
934 2194 1104 2231 rvssexivo,
1132 2193 1154 2225 1.
1185 2192 1239 2226 49.
1259 2193 1289 2225 3.
1340 2193 1394 2231 51,
1413 2194 1445 2226 4.
1496 2191 1550 2232 56,
1569 2194 1599 2225 4.

222 2252 398 2283 l'ronomine
415 2253 448 2282 is
466 2251 650 2283 subiectum
668 2251 791 2282 maiore
809 2250 842 2282 vi
870 2249 1028 2284 effertur.
1054 2247 1094 2281 C.
1116 2249 1171 2283 49.
1191 2249 1222 2281 3.
1273 2249 1327 2287 51,
1346 2247 1399 2281 33.
1450 2248 1474 2281 Ι.
1494 2247 1550 2286 63,
1568 2247 1600 2281 3.

309 2307 365 2346 85,
384 2307 437 2339 11.

222 2363 349 2394 Ρνονηιηι
367 2363 407 2395 de
425 2362 524 2395 rebus
539 2363 660 2395 dictum
680 2362 700 2394 i.
722 2371 752 2404 q.
775 2361 887 2397 facile,
913 2361 936 2394 l.
958 2361 1013 2398 80.
1033 2363 1064 2393 4.

221 2419 427 2460 Propalulum,
446 2421 476 2450 in
494 2420 666 2460 propatulo,
684 2415 724 2450 C.
748 2417 802 2456 13,
819 2418 851 2450 3.

222 2474 326 2515 Prope,
343 2476 497 2516 proprior,
514 2485 691 2516 proci-umus,
710 2483 782 2506 cum
800 2474 994 2507 accusativo
1013 2474 1201 2507 coniuncta.
1229 2472 1268 2505 U.
1294 2473 1344 2509 11,
1365 2473 1393 2505 1.
1437 2472 1461 2505 1.
1480 2471 1596 2511 18,11,

310 2530 365 2569 49,
382 2531 412 2562 1.
748 2566 750 2568 .

220 2586 385 2626 Properare
402 2587 532 2627 ahquid,
560 2587 582 2619 1.
603 2585 658 2626 37,
676 2588 708 2619 4.

219 2641 405 2681 Propinquus
423 2643 590 2685 oppositus
609 2644 720 2681 alieno,
739 2641 761 2675 l.
784 2641 837 2678 10,
858 2642 887 2674 3.
