1630 3034
419 167 786 211 IUGURTHA.
848 167 978 211 CAP.
1008 167 1185 211 XCVII.
1392 172 1477 212 513

83 285 284 345 priorem
324 285 458 329 alium
489 285 623 345 pati‚‘
642 285 886 344 plerosque
917 285 1186 329 antevenire.
1256 283 1368 340 Quis
1403 289 1514 331 re-4

85 382 170 426 bus
217 388 275 426 et*
299 383 464 427 artibus
510 382 637 426 brevi
684 381 832 426 Mario
879 382 1178 442 militibusque
1214 382 1473 427 carissumus

82 478 237 526 factus.

221 574 406 619 XCVII.
479 575 540 618 At
570 573 814 634 Iugurtha,
849 579 1090 634 postquam
1120 574 1339 634 oppidum
1379 574 1472 620 Ca-

81 686 211 732 psam
253 672 451 730 aliosque
487 670 611 714 locos
652 670 846 713 munitos
892 677 936 714 et
972 671 1053 715 sibi
1088 671 1222 727 utilis,
1269 671 1397 715 simul
1429 677 1472 715 et

82 784 297 830 magnam
342 767 578 828 pecuniam
625 767 852 826 amiserat,
899 767 958 810 ad
1004 766 1241 811 Bocchum
1287 768 1470 812 nuncios

80 940 276 986 Syuonym.
301 941 377 975 Lat.
403 941 478 976 Vol.
505 941 547 974 11.
583 952 617 984 p.
642 939 699 975 33.
736 939 808 974 Cic.
842 940 884 973 de
917 940 1018 976 Finn.
1047 941 1100 983 ΙΙ,
1124 940 1192 982 26,
1217 938 1274 976 85.
1324 940 1469 982 Quicum

77 1002 201 1044 ioca,
234 1003 385 1045 seria,
410 1006 448 1035 nt
473 1001 620 1041 dicitnr,
651 1002 786 1046 quicum
812 1013 963 1043 arcana,
1000 1002 1133 1045 quicum
1159 1002 1293 1035 occulta
1318 1001 1433 1034 omnia
1450 1001 1468 1034 ί)

76 1062 291 1106 Plerumque
311 1066 426 1096 tamen
450 1062 543 1094 iocus
568 1061 759 1095 masculino
781 1073 909 1106 genere
933 1066 1142 1105 usurpatur-3
1169 1062 1215 1095 cf.
1239 1053 1314 1095 L'iv.
1338 1062 1366 1104 Ι,
1383 1061 1417 1103 4,
1434 1060 1469 1096 9.

76 1123 180 1156 Seria
212 1135 254 1156 ac
286 1123 376 1156 iocos
408 1123 594 1157 celebrare.
626 1120 716 1154 Plin.
756 1123 846 1166 Epp.
870 1123 917 1163 11,
942 1121 999 1155 13.
1050 1123 1133 1155 Cum
1164 1123 1226 1156 hoc
1251 1123 1365 1166 seria,
1391 1134 1468 1156 cum

74 1183 138 1217 hoc
162 1184 254 1217 iocos
278 1183 411 1216 miscui.
448 1181 568 1215 Ta'cit.
590 1181 677 1215 Anu.
714 1182 766 1223 11,
792 1182 848 1223 13,
874 1182 906 1216 1.
957 1182 1024 1216 Per
1048 1183 1160 1225 seria,
1183 1195 1246 1228 per
1270 1184 1359 1217 iocos
1383 1195 1468 1218 eun-

74 1244 153 1278 dem
175 1245 329 1278 animum
354 1243 515 1277 laudibus
530 1242 704 1285 ferebant.
736 1242 856 1279 lustin.
881 1243 941 1284 lx,
966 1241 999 1276 8.
1050 1243 1091 1276 In
1114 1244 1207 1277 seria
1232 1256 1273 1277 ac
1297 1245 1384 1278 iocos
1409 1255 1470 1278 ar,

72 1305 172 1348 tifex.
202 1315 235 1337 v.
261 1304 364 1337 Conr.
390 1305 494 1347 Leop.
520 1301 724 1336 Selineideri
750 1302 909 1338 Gramm.
933 1304 1008 1337 Lat.
1034 1304 1111 1338 vol.
1133 1305 1177 1338 ΙΙ.
1204 1306 1243 1339 P.
1270 1305 1297 1340 1.
1322 1317 1356 1348 p.
1383 1304 1466 1341 475.

166 1365 200 1409 §.
225 1365 258 1399 3.
307 1366 344 1399 in
377 1363 556 1408 operibus]
590 1362 612 1395 ἰ.
647 1374 677 1396 e.
716 1361 753 1396 in
783 1363 1035 1398 munitionibus
1068 1365 1259 1407 faciendis,
1293 1365 1367 1400 sive
1401 1377 1465 1399 eae

73 1425 195 1460 castris
231 1424 403 1466 tutandis,
437 1423 511 1457 sive
544 1422 701 1457 hostibus
737 1425 980 1469 oppugnandis
1015 1426 1260 1459 inserviebant.
1285 1445 1328 1450 —
1355 1426 1467 1459 Mul-

72 1491 146 1521 tus
178 1486 299 1520 adesse
328 1486 475 1530 perbene
506 1483 656 1527 explicat
689 1485 907 1519 Forcellinus
944 1485 980 1518 in
1011 1486 1094 1519 Lex.
1130 1486 1168 1521 1..
1205 1486 1311 1520 Tom.
1347 1486 1404 1520 111.
1431 1498 1466 1530 p.

72 1546 153 1580 118.
174 1546 233 1590 qui
254 1547 407 1588 „multus
432 1556 523 1586 esse,
547 1544 683 1588 inquit,
717 1546 753 1578 in
786 1557 825 1580 re
859 1546 1023 1590 quapiam
1064 1546 1193 1580 dicitur
1228 1546 1288 1590 qui
1313 1546 1469 1590 prolixus

71 1610 144 1648 est,
173 1606 343 1647 intentus,
376 1606 557 1648 assiduus,
596 1604 766 1649 diligens,
800 1607 900 1650 quasi
924 1608 1109 1641 multorum
1134 1608 1226 1648 solus
1251 1608 1341 1641 vices
1363 1619 1467 1652 prae-

71 1672 140 1701 stet
171 1670 245 1700 tum
277 1667 313 1700 in
347 1667 495 1708 bonam,
526 1670 599 1700 tum
635 1666 670 1700 in
694 1667 828 1701 malum·
853 1672 1000 1712 partem.
1012 1670 1034 1686 “
1061 1668 1107 1701 cf.
1144 1668 1238 1701 Flor.
1267 1669 1324 1710 lv,
1348 1668 1382 1709 2,
1406 1667 1464 1703 50.

71 1728 243 1762 Multus
273 1729 310 1762 in
335 1739 373 1762 eo
396 1729 530 1772 praelio
555 1728 684 1762 Caesar
700 1728 798 1771 suit,
823 1729 1022 1773 mediusque
1046 1729 1136 1762 inter
1162 1729 1406 1773 imperatorem
1432 1734 1465 1763 et

70 1789 224 1823 militem.
248 1788 319 1823 Cic.
343 1789 386 1822 de
410 1788 481 1822 off.
508 1789 553 1831 11,
577 1788 634 1830 16,
658 1787 716 1823 56.
766 1789 1026 1834 Theophrastus
1058 1790 1225 1823 multus
1250 1794 1300 1823 est
1325 1789 1361 1822 in
1386 1790 1464 1822 lan-

72 1848 195 1882 danda
227 1850 504 1894 magnificentia.
540 1850 582 1882 de
615 1848 712 1884 Orat.
739 1850 794 1892 Π,
817 1849 885 1891 87,
909 1849 989 1883 358.
1039 1850 1096 1883 Ne
1126 1850 1163 1882 in
1186 1861 1224 1883 re
1247 1854 1330 1883 nota
1357 1850 1464 1883 mul-

71 1914 143 1943 tus
174 1914 209 1943 et
239 1910 386 1944 insolens
409 1911 484 1944 sim.
533 1911 586 1943 Ex
608 1910 734 1953 quibus
756 1910 844 1944 locis
862 1935 871 1951 ‚
898 1920 1119 1953 ,quamquam
1144 1908 1273 1953 singuli
1298 1919 1362 1952 pro
1386 1920 1463 1944 sen-

70 1969 257 2004 tentiarum
289 1981 378 2004 nexu
410 1969 583 2014 peculiari
616 1981 684 2003 non
715 1981 857 2014 prorsus
888 1981 966 2003 cum
991 1975 1107 2003 nostro
1133 1970 1361 2010 conveniunt,
1393 1969 1463 2003 hoe

71 2034 187 2064 tamen
221 2031 315 2065 clare
347 2034 466 2075 patet,
497 2031 625 2064 multus
649 2041 720 2063 non
744 2031 908 2075 temporis
932 2035 1101 2074 potestate
1132 2031 1253 2063 valere
1275 2041 1378 2073 saepe
1403 2033 1464 2063 aut

65 2093 288 2135 frequenter,
323 2097 360 2125 ut
390 2091 604 2133 Muellerus,
638 2090 850 2124 Gerlachius
885 2095 920 2125 et
947 2092 1156 2124 laumannus
1181 2090 1462 2134 interpretantur,

69 2152 128 2185 sed
160 2153 296 2197 agendi
329 2153 535 2186 iudustriam
571 2156 605 2185 et
641 2152 884 2185 strenuitatem
920 2151 1114 2196 designare.
1147 2150 1194 2184 ef.
1227 2150 1332 2184 etiam
1357 2162 1464 2194 supra

70 2212 262 2254 LXXXIV,
286 2213 319 2248 1.
343 2231 388 2240 -
421 2214 473 2247 Ad
506 2214 592 2246 solet
629 2212 802 2256 bangius,
835 2213 1052 2253 Muellerus,
1078 2213 1287 2246 laumanuus
1310 2212 1463 2255 suppleri

38 2275 192 2328 ‘volunt
217 2277 365 2318 facere,
397 2286 465 2318 quo
489 2285 556 2308 nou
581 2271 696 2317 magis
719 2278 770 2307 est
793 2284 899 2316 opus,
932 2284 1037 2316 quam
1051 2273 1137 2315 fieri
1160 2272 1262 2313 addi,
1294 2271 1354 2306 ubi
1378 2273 1462 2306 sub-

69 2332 198 2367 iectum
222 2336 279 2368 vel
302 2335 520 2369 indefinitum
545 2339 618 2378 est,
642 2335 699 2367 vel
723 2333 929 2377 pronomine
953 2332 1188 2377 significatur,
1222 2332 1265 2365 de
1292 2343 1361 2375 quo
1385 2333 1462 2378 egi-

70 2404 149 2428 mus
173 2395 217 2428 ad
241 2395 316 2429 Cat.
347 2396 473 2437 XXIX,
498 2395 533 2430 2.
580 2395 670 2429 Nam
694 2400 731 2429 ut
755 2394 947 2428 infinitivus
970 2392 1088 2434 activi,
1112 2392 1172 2436 qui
1198 2403 1240 2426 ex
1265 2393 1353 2426 soleo
1378 2404 1461 2436 pen-

70 2454 147 2495 det,
187 2466 255 2488 uon
287 2455 395 2490 aliam
426 2457 534 2491 habet
568 2467 674 2500 quam
698 2455 825 2489 obiecti
860 2455 934 2488 sive
968 2454 1158 2487 accusativi
1186 2454 1384 2496 rationem,
1410 2454 1462 2488 ita

70 2514 167 2548 nulla
190 2515 293 2558 plane
317 2526 440 2550 caussa
470 2521 539 2559 est,
574 2528 637 2550 cur
660 2527 727 2551 non
752 2517 873 2550 eadem
899 2514 990 2548 ratio
1014 2514 1131 2548 valeat
1153 2515 1354 2549 accusativo
1381 2526 1464 2558 pro-

71 2574 221 2608 nominis
245 2575 370 2619 posito,
395 2587 464 2619 quo
487 2577 532 2610 ad
555 2577 702 2609 verbum
727 2576 922 2620 respicitur.
940 2594 983 2599 —
1006 2574 1120 2609 verba
1142 2580 1175 2609 et
1200 2577 1346 2618 artibus,
1371 2587 1462 2620 quae

73 2634 108 2668 in
132 2635 243 2669 tribus
268 2640 328 2670 aut
351 2640 517 2680 quattuor
541 2637 639 2670 codd.
666 2637 812 2680 desunt,
839 2636 978 2670 Cortius
1001 2647 1124 2679 parum
1149 2637 1306 2671 consulto
1330 2637 1460 2671 omisit.

121 2713 135 2726 κ
163 2696 299 2731 XCVII.
325 2699 357 2739 §.
383 2697 416 2731 1.
442 2700 475 2730 et
496 2696 530 2731 2.
581 2703 613 2732 et
645 2698 710 2731 sibi
734 2697 852 2739 utilis,
887 2697 988 2731 simul
1014 2697 1074 2740 et]
1105 2696 1296 2741 Pei-peram
1321 2695 1461 2731 Curtius

75 2757 108 2788 et
131 2754 232 2801 Bipp.
256 2757 450 2800 particulas
475 2758 577 2793 simul
601 2763 655 2803 et,
681 2769 766 2803 quas
790 2758 1046 2803 coniungendas
1071 2769 1146 2792 esse
1180 2757 1392 2793 ostendimus
1417 2757 1460 2792 ad

143 2826 196 2871 II.
1115 2828 1179 2873 33
