1630 3034
439 200 775 246 CATILINA.
845 199 981 241 CAP.
1020 196 1130 239 LXI.
1401 202 1486 242 325

92 325 240 380 'neque
281 320 326 365 in
381 320 560 379 proelio
617 321 764 378 neque
816 317 862 360 in
916 315 1031 376 fuga
1083 315 1316 374 quisquam
1376 316 1484 361 civis

95 412 314 472 ingenuus
360 418 517 471 captus
571 416 661 462 est;
722 410 783 453 ita
832 407 980 454 cuncti
1035 423 1142 451 suae
1193 406 1524 466 hostiumquefi

94 504 212 548 vitae
263 505 384 548 iuxta
438 506 751 562 pepercerant.
842 500 1004 557 Neque
1058 505 1210 543 tamen
1265 500 1522 546 exercitus7

90 594 255 654 populi
308 595 506 638 Romani
558 595 723 638 laetam
775 598 852 636 aut
908 591 1185 636 incruentam
1250 591 1484 636 victoriam

94 685 288 744 adeptus
325 693 441 739 erat3
487 702 590 731 nam
637 683 957 730 strenuissimus
1002 683 1191 741 quisque
1239 690 1315 727 aut
1359 683 1484 729 occi-

89 775 219 820 derat
252 775 297 820 in
330 778 532 837 proelio,
569 783 661 822 aut
678 776 881 838 graviter
913 775 1170 821 volneratus
1207 774 1481 821 discesserat.

96 930 325 973 minuendam
368 943 410 967 ac
435 932 644 968 deteriorem
667 931 893 966 reddendam.
942 931 1030 977 Quis
1062 931 1157 966 enim
1190 942 1261 965 non
1292 930 1396 966 sentit
1427 929 1482 964 in-

84 989 222 1035 signem
245 989 469 1036 gravitatem,
496 989 720 1026 adversativa
743 1001 831 1024 voce
855 990 1005 1024 orationi
1031 988 1196 1024 illatam?

179 1050 212 1090 §.
237 1047 272 1081 4.
321 1047 452 1091 ctiam]
489 1048 592 1096 {lanc
625 1047 837 1092 particulam
867 1059 930 1091 pro
956 1048 1071 1082 adhuc
1103 1047 1275 1091 positam,
1311 1044 1483 1089 exemplis

86 1103 228 1139 eortius
260 1104 451 1138 illustravit
485 1104 563 1139 his:
603 1106 720 1139 Plaut.
755 1105 856 1148 Capt.
891 1105 988 1139 Ptol.
1020 1116 1054 1139 v.
1083 1105 1140 1139 53.
1180 1105 1242 1138 sed
1275 1104 1381 1141 etiam
1415 1107 1479 1145 est,

83 1162 206 1207 paucis
227 1173 287 1195 vos
310 1163 401 1206 quod
423 1163 569 1196 monitos
591 1162 770 1196 voluerim.
819 1161 917 1206 Virg.
942 1163 1027 1196 Aen.
1048 1163 1110 1204 XI,
1130 1161 1212 1198 352.
1239 1174 1345 1196 unum
1373 1162 1480 1196 etiam

85 1219 184 1254 dentis
209 1215 293 1254 ‘istis
326 1219 486 1253 adiicias.
536 1219 620 1253 Ter.
655 1220 762 1255 Andr.
790 1219 854 1262 111,
883 1219 917 1260 2,
943 1218 1001 1253 23.
1036 1231 1106 1253 uon
1129 1221 1217 1253 satis
1248 1231 1303 1253 me
1327 1219 1481 1264 per-nosti

81 1277 210 1318 etiam,
243 1277 356 1321 qualis
379 1277 470 1315 sim‚·
504 1276 550 1310 cf.
575 1276 762 1312 Heindorf.
799 1277 844 1311 ad
868 1278 955 1310 Hor.
981 1277 1055 1312 Sat.
1088 1278 1115 1319 1,
1141 1278 1175 1320 4,
1199 1276 1257 1310 62.
1291 1277 1479 1311 Ruhnken.

82 1335 129 1370 ad
153 1334 238 1368 Ter.
261 1333 368 1367 Andr.
388 1334 417 1375 I,
445 1333 478 1378 1,
499 1333 555 1368 89.
570 1359 580 1375 ,
606 1334 666 1378 qui
691 1338 810 1369 tamen
834 1345 902 1367 non
928 1334 1013 1368 satis
1035 1340 1199 1368 accurate
1231 1334 1481 1377 interpretatur

83 1393 285 1432 etiamnum,
309 1391 401 1434 quod
425 1390 562 1425 nonnisi
584 1393 627 1425 de
650 1404 689 1426 re
711 1402 795 1425 vere
818 1392 990 1435 praesenti
1014 1391 1083 1424 dici
1107 1395 1239 1435 potest,
1267 1392 1313 1425 cf.
1338 1393 1478 1435 Zumpt.

82 1451 241 1484 Gramm.
266 1449 342 1484 Lat.
376 1452 407 1491 §.
430 1449 488 1483 63.
513 1461 547 1493 p.
565 1450 648 1485 239.
672 1468 720 1475 --
755 1450 830 1491 Que
863 1454 942 1492 post
964 1449 1139 1492 ferociam
1167 1449 1305 1484 Cottius
1329 1451 1480 1494 pessime

79 1509 155 1543 sine
188 1507 287 1541 codd.
321 1506 461 1541 abiecit.
511 1507 663 1541 Fet-ocia·
698 1512 819 1541 autem
860 1506 989 1541 dicitur
1029 1507 1074 1540 de
1104 1506 1235 1541 virtute
1268 1509 1478 1552 efferatiore,

79 1579 112 1601 v.
137 1565 271 1600 Hertel.
297 1564 341 1598 ad
364 1563 480 1598 Tacit.
505 1565 625 1610 Agr-ic.
651 1577 682 1599 c.
700 1565 760 1607 11,
786 1567 873 1599 extr.
907 1568 961 1606 et,
997 1574 1102 1608 quem
1134 1563 1186 1597 ibi
1216 1566 1357 1608 laudat,
1389 1567 1479 1601 Bre—

78 1625 191 1660 mium
215 1622 260 1657 ad
283 1622 370 1666 Nep.
396 1622 573 1657 Themist.
592 1623 637 1665 11,
659 1622 695 1657 1.
720 1622 870 1656 Eumen.
889 1623 949 1665 xl,
968 1621 1003 1656 4.
1027 1622 1105 1656 Liv.
1126 1621 1154 1664 1,
1178 1621 1234 1664 12,
1254 1622 1288 1656 9.

172 1684 205 1725 §.
230 1680 263 1715 5.
317 1681 514 1727 postremo]
549 1680 579 1714 Ι.
610 1691 640 1714 e.
676 1684 716 1715 ut
746 1681 868 1725 paucis
905 1680 1138 1724 complectar,
1172 1689 1206 1713 V.
1241 1681 1286 1714 ad
1319 1692 1350 1714 c.
1383 1682 1476 1725 XIV,

77 1739 112 1776 6.
136 1759 183 1765 —
215 1739 336 1784 Copia,
360 1738 575 1782 explicatum
602 1750 633 1772 c.
660 1737 750 1781 LVI,
771 1739 804 1772 1.
828 1757 871 1763 —
911 1738 1043 1782 Captus
1065 1742 1117 1771 est
1126 1748 1139 1777 ,-
1170 1737 1242 1771 Inc.
1269 1738 1302 1772 1.
1339 1744 1391 1774 est
1416 1751 1477 1773 ca-

76 1803 180 1844 ptus,
209 1797 314 1831 Rem.
342 1796 376 1830 2.
411 1802 462 1830 est
491 1795 634 1830 omittit.
689 1796 829 1831 Cortius
859 1797 955 1831 male
995 1795 1126 1841 paruit.
1154 1814 1200 1821 —
1242 1795 1348 1830 quta
1372 1808 1405 1829 v.
1431 1797 1476 1831 ad

78 1868 109 1890 c.
125 1857 171 1898 11,
189 1854 222 1889 8.
248 1874 295 1879 ——
336 1854 493 1898 Adeptus
531 1858 609 1888 erat
643 1854 927 1898 plurimi·libri;
960 1855 1022 1888 sed
1055 1855 1126 1888 luc.
1163 1853 1197 1887 l.
1224 1853 1258 1886 2.
1305 1854 1412 1888 Fabr.
1437 1854 1473 1889 2.

76 1913 174 1948 Leid.
192 1913 233 1946 A.
252 1913 296 1947 B.
320 1913 365 1946 D.
393 1913 438 1945 G.
463 1912 510 1945 Η.
537 1912 597 1946 ad.
621 1917 690 1954 est,
715 1916 750 1946 et
773 1912 893 1949 StruV.
918 1913 977 1946 ad.
996 1912 1083 1956 fuit,
1107 1911 1153 1944 ob
1177 1922 1264 1954 quas
1289 1912 1476 1947 diversita-

75 1973 127 2004 tes
149 1970 287 2004 Cortius
310 1970 458 2003 verbum
482 1970 585 2013 plane
608 1969 748 2004 delevit.
762 1989 808 1995 —
831 1968 1050 2014 Superlativi
1072 1969 1328 2002 strenuissimus
1356 1981 1474 2003 exem-

76 2026 176 2070 plum
209 2027 418 2060 Gerlachius
449 2027 573 2061 laudat
596 2026 686 2061 Tac.
719 2027 810 2061 Hist.
837 2028 897 2069 IV,
922 2027 981 2061 69.
1014 2026 1060 2060 cf.
1086 2025 1326 2059 Ruddimanni
1349 2027 1473 2061 Institt.

78 2084 236 2118 Gramm.
254 2085 281 2117 Ι.
307 2096 340 2127 p.
363 2084 443 2118 180.
460 2104 507 2110 —
541 2085 770 2126 Discesserat,
793 2094 828 2117 V.
854 2084 899 2118 ad
924 2097 954 2118 c.
975 2083 1099 2124 XLIX,
1124 2083 1159 2117 2.
1184 2102 1226 2107 —
1261 2083 1316 2117 De
1350 2086 1474 2119 castris

76 2140 243 2186 permulti
266 2145 381 2176 tenent
403 2141 562 2183 codices3
595 2142 716 2185 aliqua
746 2145 863 2174 tamen
886 2152 970 2185 pars
994 2153 1011 2174 e
1035 2140 1093 2173 vel
1127 2150 1168 2172 ez·
1199 2140 1342 2182 castris,
1378 2142 1472 2185 quod

77 2210 148 2233 non
171 2198 286 2232 minus
310 2199 448 2241 quidem
482 2200 652 2243 probum,
692 2199 751 2232 sed
777 2204 894 2232 tamen
924 2198 967 2232 de
999 2194 1268 2241 praepositionis
1300 2198 1470 2243 interpre-

75 2256 163 2291 tatio
189 2259 251 2290 est.
301 2255 447 2289 scribae
472 2256 566 2290 euim
589 2256 820 2302 ignorabant,
853 2256 896 2289 de
921 2255 1029 2288 etiam
1063 2253 1225 2287 adhiberi
1253 2256 1298 2288 ad
1333 2261 1470 2290 motum

74 2314 135 2358 qui
159 2314 204 2347 ab
228 2312 349 2356 aliqua
372 2324 410 2346 re
433 2313 473 2346 fit
497 2313 780 2357 significandum,
805 2313 904 2347 cuius
928 2324 1010 2346 usus
1033 2311 1171 2346 Cottius
1195 2311 1286 2345 haec
1310 2313 1473 2356 exempla

77 2373 202 2406 affert:
227 2371 326 2404 curt.
348 2370 440 2414 VIII,
462 2371 496 2412 l,
517 2370 574 2405 51.
602 2372 732 2404 Clitum
757 2382 841 2412 esse,
866 2375 899 2403 et
924 2370 966 2403 de
991 2369 1145 2402 convivio
1169 2370 1261 2402 crire
1283 2370 1473 2414 respondit.

74 2429 161 2474 Nep.
187 2430 292 2463 Paus.
318 2439 347 2461 c.
379 2427 413 2469 5,
443 2427 477 2461 4.
512 2428 567 2461 hic
602 2440 706 2472 quum
741 2429 954 2461 semianimis
985 2428 1029 2462 cle
1062 2427 1188 2470 templo
1225 2426 1337 2459 elatus
1371 2430 1470 2460 esset.

74 2487 121 2520 cf.
148 2488 315 2521 Goerenz.
345 2485 382 2518 in
406 2486 522 2519 Iahnii
546 2486 634 2521 Anu.
658 2485 805 2519 Philon.
831 2490 864 2519 et
889 2486 1019 2521 Paedd.
1040 2485 1144 2519 1826.
1169 2484 1215 2518 T.
1236 2484 1310 2525 1‚·.’.
1336 2495 1369 2527 p.
1387 2483 1468 2517 297.

75 2543 137 2587 qui
173 2542 470 2589 praepositionem
503 2547 647 2577 revocat
679 2545 772 2587 apud
806 2544 878 2577 Cic.
915 2543 1012 2578 Lael.
1037 2554 1069 2576 c.
1085 2542 1120 2584 3,
1142 2542 1176 2576 2.
1214 2541 1328 2587 pridie
1363 2551 1468 2584 quam

72 2603 215 2636 excessit
247 2603 290 2636 dc
325 2601 420 2641 vita3
453 2603 490 2634 et
520 2600 613 2636 Phil.
639 2602 692 2643 11,
720 2601 754 2635 6.
796 2601 935 2635 Nolten.
977 2601 1060 2636 Lex,
1096 2599 1214 2634 Autih.
1250 2611 1283 2642 p.
1315 2598 1395 2633 892.
1421 2616 1468 2622 —

75 2659 326 2703 (Ing-noscerent
350 2658 530 2702 tetigimus
554 2659 598 2693 ad
622 2659 759 2700 XLVH,
776 2658 835 2700 3.;
872 2659 1006 2702 aliquot
1042 2657 1143 2691 codd.
1173 2657 1267 2690 male
1301 2666 1467 2699 recogno-

70 2721 215 2753 sacrent.
235 2735 281 2742 -—
315 2716 476 2751 Laetitia
507 2719 555 2758 et,
572 2716 745 2762 gaudium
778 2717 954 2761 quomodo
986 2715 1152 2751 differant
1187 2714 1320 2750 dictum
1345 2718 1397 2748 est
1421 2712 1465 2747 ad
