1630 3034
403 160 770 205 IUGURTHA.
828 159 953 205 CAP.
984 161 1119 206 XCII.
1379 170 1489 211 491χ

75 278 178 322 titus
198 310 212 336 ‚
259 293 313 324 ac
363 278 591 339 plerisque
636 276 832 322 exercitu
874 278 1126 336 incruento,
1183 280 1315 326 aliam
1364 298 1461 328 rem

73 375 359 435 aggreditur,
405 390 496 419 non
531 373 691 420 eadem
728 376 989 435 asperitate,
1026 392 1116 434 qua
1153 376 1459 438 Capsensium,
1519 389 1526 394 “

72 478 270 516 ceterum
304 471 427 517 haud
462 488 588 517 secus
626 471 867 518 difficilem.
924 473 1131 537 Namque
1165 473 1290 519 haud
1323 477 1495 538 longe5

71 584 98 613 a
129 569 310 614 flumine
344 569 591 623 Mulucha,
637 569 761 627 quod
797 569 1044 628 Iugurthae
1078 570 1342 630 Bocchique
1384 590 1461 619 re-

70 680 212 726 gnum
241 666 539 727 disiungebat,
576 672 671 710 erat
696 667 810 710 inter
844 666 1038 711 ceteram
1073 668 1303 727 planitiem
1330 686 1457 716 mons

68 814 143 849 sine
169 826 249 849 casu
271 827 336 850 cuo
360 815 556 860 repetitur3
591 826 625 850 v.
651 815 749 852 Caes.
782 815 824 849 Β.
850 816 894 851 G.
925 816 952 855 Ι,
978 815 1033 849 21.
1086 816 1124 851 Ρ.
1152 816 1330 853 Considius
1364 825 1398 854 et
1422 822 1457 854 in

69 877 221 910 exercitu
246 877 286 914 L.
313 877 453 918 Sullae,
486 882 519 910 et
541 881 663 921 postea
686 877 733 909 in
768 876 816 909 M.
854 875 1016 910 Crassi
1033 879 1168 920 suerat.
1193 879 1264 914 Cic.
1289 880 1330 912 de
1354 880 1456 918 Finn.

67 936 131 979 111,
157 937 192 980 2,
215 937 250 973 5.
299 938 559 972 Elaborandum
591 942 661 980 est,
695 941 734 971 ut
766 937 828 969 hoc
861 949 929 970 non
960 937 997 971 in
1020 938 1147 972 nostris
1177 940 1286 973 solum
1310 941 1456 982 artibus,

67 999 129 1032 ced
151 999 199 1033 in
232 1000 418 1033 illorum
452 1000 654 1042 ipsorum
677 1009 935 1042 consequamur.

160 1060 258 1094 haud
281 1072 377 1094 secus
401 1060 602 1104 difficilem]
639 1059 739 1092 Haec
760 1059 868 1092 verba
893 1057 1122 1102 Gcrlachius,
1153 1069 1198 1092 ne
1220 1054 1458 1105 repugnarent

65 1121 348 1156 antecedentibus
369 1132 437 1154 non
461 1119 582 1153 eadem
607 1120 818 1163 asperitate,
849 1119 1097 1162 interpretatur
1130 1120 1192 1153 sed
1227 1125 1269 1154 et
1302 1121 1458 1164 ipsam

68 1181 266 1225 difficilem,
298 1193 410 1225 neque
443 1185 559 1215 tamen
601 1180 742 1221 docuit,
788 1180 962 1223 quomodo
993 1180 1090 1214 haud
1131 1192 1228 1215 secus
1257 1180 1458 1226 significare

67 1242 177 1286 possit
200 1247 235 1278 et
256 1244 354 1288 ipse‚·
391 1243 506 1276 Faber
536 1246 673 1284 autem,
706 1241 827 1274 eadem
853 1253 910 1282 re,
946 1245 985 1274 ut
1014 1241 1121 1282 Gerl.,
1147 1241 1320 1283 offensus,
1352 1254 1458 1286 snpra

66 1304 210 1337 modum
234 1308 440 1350 argutatur,
474 1303 569 1337 haud
599 1313 696 1336 secus
729 1301 928 1346 germanice
952 1313 1019 1335 non
1054 1313 1129 1335 esse
1151 1302 1267 1336 dicens
1291 1304 1398 1337 eben
1421 1316 1457 1338 so

65 1364 268 1412 schwicrt'g,
294 1366 353 1400 sed
391 1366 475 1399 eben
503 1376 571 1403 so,
595 1363 618 1396 i.
645 1375 675 1399 e.
707 1363 992 1406 gleichfalls
1024 1363 1144 1402 schim,
1168 1363 1228 1406 qui
1259 1374 1358 1397 error
1382 1368 1457 1397 tum

66 1435 109 1459 eo
133 1429 230 1460 ortus
253 1431 315 1467 est,
342 1426 433 1469 quod
458 1425 682 1468 asperitatem
707 1423 798 1456 idem
822 1423 1020 1468 §ignificare
1043 1426 1210 1466 putarunt
1232 1426 1337 1467 atque
1360 1425 1456 1468 diffi-

66 1487 255 1527 cultatem,
289 1491 362 1521 tum
397 1486 492 1530 quod
525 1484 705 1529 propriam
737 1496 832 1518 secus
863 1484 959 1519 vocis
997 1484 1070 1517 vim
1106 1496 1176 1518 non
1197 1483 1455 1519 intellexerunt.

66 1547 171 1580 Secus
207 1546 298 1580 enirn
332 1558 354 1581 a
385 1557 506 1591 sequor
536 1546 743 1579 descendens
771 1549 805 1578 et
828 1557 908 1579 cum
931 1556 1018 1579 voce
1041 1545 1227 1579 secundum
1250 1550 1456 1590 cognatum,

69 1617 148 1640 eam
172 1608 346 1642 rationem
373 1607 523 1650 indicat,
560 1618 629 1650 qua
653 1606 784 1650 aliquid
808 1606 963 1655 aliquam
987 1617 1063 1639 rem
1087 1617 1234 1649 sequens
1257 1618 1336 1640 eam
1362 1608 1457 1640 nullo

62 1673 168 1713 pacto
186 1674 301 1713 potest
332 1670 533 1714 attingere,
563 1667 624 1701 sed
651 1667 745 1702 infra
777 1679 855 1701 earn
880 1666 1046 1701 subsistit.
1092 1668 1144 1701 Eo
1167 1667 1319 1701 efficitur
1343 1671 1382 1702 ut
1404 1680 1457 1701 se-

65 1741 124 1763 cus
144 1730 261 1764 valeat
284 1731 417 1772 minus,
448 1742 497 1765 sc.
531 1740 637 1773 qnam
662 1728 753 1762 iusta
775 1728 828 1762 rei
850 1728 942 1762 ratio
968 1728 1145 1771 postulat,
1178 1732 1240 1761 aut
1263 1739 1371 1771 quam
1395 1728 1456 1761 ‹le-

63 1795 136 1832 cet,
159 1792 280 1832 debet,
305 1803 369 1834 par
391 1795 452 1825 eet.
501 1791 617 1834 Quum
645 1794 764 1823 autem
787 1789 842 1832 id,
876 1789 969 1833 quod
993 1788 1112 1831 aliquo
1135 1788 1250 1822 minus
1274 1793 1336 1822 aut
1362 1789 1456 1822 ‹lete-

63 1850 136 1885 rius
159 1858 228 1892 est,
253 1853 298 1886 ob
322 1852 357 1886 id
381 1853 494 1897 ipsum
519 1853 564 1885 ab
589 1862 631 1885 eo
655 1851 828 1884 diversum
852 1849 897 1883 sit
920 1853 954 1883 et
976 1850 1047 1883 alio
1071 1849 1171 1882 modo
1194 1852 1455 1892 comparatum,

63 1924 158 1946 cecus
187 1913 295 1947 etiam
329 1913 404 1947 vim
432 1913 592 1946 adverbii
625 1912 729 1945 aliter
760 1911 908 1954 accipit;
941 1921 1032 1953 quae
1064 1911 1154 1943 duae
1184 1908 1458 1953 significationes

65 1973 267 2016 plerumque
298 1973 349 2006 ita
385 1978 464 2006 eunt
497 1973 684 2011 confusae,
715 1975 754 2004 ut
786 1971 845 2004 vix
870 1972 1018 2005 alteram
1050 1971 1094 2004 ab
1118 1971 1230 2004 altera
1253 1969 1458 2014 dia-iungam

64 2032 110 2065 cf.
133 2024 265 2073 csXX,
291 2031 325 2066 5.
351 2034 460 2075 XXV,
489 2033 545 2067 10.
572 2032 730 2074 LXXIX,
753 2031 785 2067 6.
812 2032 850 2070 C,
876 2031 909 2066 4.
959 2033 1033 2065 Iam
1058 2031 1086 2065 si
1110 2031 1328 2075 reputaveris
1352 2042 1455 2075 aspe-

64 2094 206 2127 ritatem
235 2104 304 2126 non
336 2105 411 2127 esse
441 2092 646 2136 simpliciter
676 2092 700 2126 i.
743 2104 776 2136 q.
819 2092 1082 2132 difficultatem,
1120 2091 1179 2124 ned
1213 2091 1455 2134 difficultatem

64 2165 140 2187 cum
163 2155 303 2200 magnis
325 2153 486 2198 periculis
510 2153 726 2187 coniunctam
761 2153 814 2196 (v.
839 2154 883 2187 ad
916 2164 946 2185 c.
976 2152 1106 2192 XXIX,
1132 2151 1163 2184 l.
1197 2163 1230 2194 p.
1255 2152 1375 2195 161),
1403 2152 1456 2184 vi-

64 2214 161 2249 debis
183 2226 320 2248 sensum
346 2214 453 2248 nostri
477 2214 544 2247 loci
569 2215 662 2247 hunc
685 2225 776 2247 esse:
801 2214 908 2247 aliam
933 2223 1007 2246 rem
1031 2212 1256 2256 aggreditur,
1279 2224 1347 2245 non
1371 2218 1455 2245 tan-

64 2276 110 2310 tia
133 2277 269 2321 quidem
292 2276 456 2320 periculis
479 2275 707 2314 coniunctam,
731 2275 869 2317 quantis
893 2275 960 2307 fuit
984 2273 1210 2316 Capsensium
1235 2272 1342 2315 (qnae
1365 2283 1454 2316 qua-

65 2336 114 2370 lia.
136 2336 264 2370 fuerint
285 2336 373 2370 Sall.
405 2336 523 2369 docuit
546 2348 575 2369 c.
602 2336 792 2375 LXXXIX,
817 2334 889 2379 5.),
916 2334 974 2368 sed
1000 2338 1115 2366 tamen
1138 2345 1201 2377 per
1235 2344 1270 2367 se
1292 2345 1360 2366 non
1383 2334 1452 2366 mi·-

66 2408 130 2431 nus
153 2397 343 2441 difficilem.
392 2396 554 2430 Ceterum
586 2407 653 2429 non
678 2407 816 2438 possum
842 2389 1006 2439 probare,
1043 2394 1135 2437 quod
1161 2393 1392 2427 Doederlinus
1416 2393 1457 2427 in

65 2458 261 2504 Synonym.
287 2458 378 2492 Lati.
410 2457 487 2490 vol.
518 2456 578 2490 IV.
601 2467 634 2499 p.
658 2456 729 2490 213
752 2467 804 2500 sq.
835 2461 964 2497 censet,
998 2467 1092 2489 secus
1124 2455 1356 2501 comparativi
1378 2455 1454 2489 for·-

65 2530 162 2554 mam
191 2530 287 2561 esse,
325 2529 367 2551 ex
398 2517 508 2551 secius
539 2516 651 2551 eiecta
687 2517 701 2551 i
732 2517 850 2552 littera
877 2520 1015 2555 ortum,
1046 2516 1091 2550 ab
1115 2515 1250 2561 istoque
1280 2516 1455 2551 vocabulo

66 2580 168 2624 plane
188 2591 256 2614 nou
280 2579 465 2613 diversam.

158 2641 193 2686 ς.
215 2639 252 2675 5.
297 2641 389 2674 inter
420 2642 571 2672 ceteram
593 2638 796 2681 planitiem]
833 2639 928 2672 Inter
959 2639 997 2672 h.
1021 2637 1048 2672 l.
1073 2640 1124 2672 eet
1146 2638 1205 2678 in,
1237 2637 1294 2670 vel
1318 2636 1354 2669 in
1378 2646 1452 2668 me-

69 2699 147 2741 dio,
177 2703 217 2735 ut
245 2711 352 2745 supra
383 2712 414 2734 c.
448 2700 651 2740 LXXXIX,
683 2698 719 2735 4.
776 2700 866 2733 Erat
896 2699 1034 2734 inter
1062 2698 1216 2745 ingentis
1250 2696 1452 2732 solitudines

68 2760 231 2805 oppidum
251 2772 434 2808 magnum.
480 2760 549 2795 Sed
585 2765 739 2795 cetera
774 2760 939 2805 planitie·
963 2758 1130 2794 audacius
1154 2759 1288 2793 dictum
1311 2760 1364 2792 est
1385 2767 1451 2801 pro
