1630 3034
434 160 789 205 IUGURTHA.
851 162 978 205 CAP.
1008 162 1179 206 LXVII.
1399 166 1485 205 365

99 279 150 324 In
197 293 251 324 ea
293 284 414 324 tanta
458 280 722 340 asperitate,
768 279 1044 324 saevissumis
1079 280 1282 325 Numidis
1319 286 1364 325 et
1390 287 1518 341 op-3

98 376 209 436 pido
245 376 443 434 undique
485 377 665 431 clauso,
710 376 940 436 Turpilius
980 376 1235 436 praefectus
1282 393 1392 422 unus
1429 394 1483 422 ex

98 473 302 518 omnibus
338 473 498 517 Italicis
532 473 738 533 profugit
771 473 972 517 intactuS.
1031 473 1087 516 Id
1122 473 1482 519 misericordiane

96 569 308 631 hospitis,
353 585 410 614 an
447 570 657 630 pactione
700 575 776 613 aut
811 585 915 614 casu
958 569 1019 613 ita
1057 570 1277 627 evenerit,
1321 585 1482 630 parum

97 667 426 728 comperimus,
461 666 565 726 nisi,
601 666 706 725 quia
740 666 805 710 illi
834 666 876 710 in
908 671 1031 710 tanto
1066 666 1186 710 malo
1221 667 1362 726 turpis
1392 668 1481 710 vita

95 806 145 840 les
167 816 285 839 sensus
308 807 359 839 est
380 815 477 839 omn
491 815 536 839 es
559 804 633 839 sine
657 804 873 846 discrimine,
896 803 952 838 cui
976 804 1109 839 notioni
1134 805 1230 839 nullo
1255 808 1359 848 pacto
1381 806 1481 840 multi

93 872 261 910 tanquam
294 865 532 910 praedicatum
559 865 725 911 subiungi
757 869 884 910 potest.
939 866 1058 910 Inepte
1102 865 1214 910 igitur
1253 866 1406 900 Weisius
1438 878 1481 900 ex

93 928 171 962 edd.
195 927 404 972 Gryphium
433 931 584 971 utraque
618 931 654 962 et
682 927 872 972 ingolstad.
905 927 1007 961 multi
1033 927 1069 960 in
1093 930 1225 960 textum
1258 926 1397 968 intulit,
1421 927 1478 961 in-

93 991 172 1033 epta
194 988 330 1023 ratione
353 999 455 1030 usus,
486 988 721 1030 „Sallustium
745 988 814 1021 duo
844 987 1008 1032 negantia
1032 988 1185 1021 imbelles
1212 989 1316 1022 inulti
1337 1000 1404 1022 non
1428 988 1479 1022 sic

91 1048 307 1083 coniunctim
332 1059 463 1093 ponere
487 1049 653 1092 potuisse.
663 1051 687 1068 “
718 1068 754 1074 —
784 1049 1011 1092 Obtruncari,
1037 1059 1142 1092 quam
1167 1048 1351 1082 lectionem
1375 1046 1482 1094 longe

91 1109 236 1153 plurimi
267 1109 350 1143 libri
380 1109 533 1151 habent,
569 1109 661 1144 inter
690 1120 808 1144 recens
835 1109 983 1142 collatos
1007 1109 1113 1142 etiam
1139 1109 1249 1146 Paris.
1273 1110 1310 1143 b.
1335 1122 1365 1144 c.
1392 1122 1425 1144 x.
1447 1122 1479 1144 z.

94 1170 240 1204 Gocrlit.
264 1169 384 1203 Berol.
408 1169 443 1206 1.
466 1170 515 1212 2.‚
538 1170 750 1205 Gerlachius
781 1173 875 1204 recte
905 1169 1041 1213 scripsit
1074 1181 1138 1213 pro
1168 1170 1314 1215 vulgato
1337 1172 1481 1205 obtrun-

92 1231 174 1266 cati.
222 1230 312 1265 Nam
345 1241 419 1263 rem
453 1230 550 1274 quasi
583 1235 799 1275 praesentem
829 1234 863 1264 et
893 1230 1009 1264 adhuc
1042 1230 1223 1264 durantem
1258 1242 1279 1265 a
1313 1232 1481 1266 Sallustio

93 1291 241 1336 proponi
261 1291 471 1336 intelligitur
494 1302 561 1325 non
584 1292 698 1326 solum
723 1304 764 1325 ex
786 1290 1000 1336 praegressis
1021 1292 1136 1325 resisti
1156 1302 1265 1334 posse,
1287 1292 1348 1325 sed
1371 1292 1478 1327 etiam

91 1364 133 1387 ex
156 1352 377 1396 sequentibus
407 1354 451 1386 in
481 1364 524 1387 ea
554 1358 660 1389 tanta
691 1353 904 1396 asperitate,
937 1362 1026 1395 quae
1056 1350 1254 1395 significant
1285 1364 1410 1397 quum
1434 1365 1479 1388 ea

92 1424 166 1457 asp.
191 1417 294 1448 tanta
324 1418 470 1454 essm,-
501 1425 534 1449 ν.
560 1414 604 1448 ad
635 1426 665 1448 c.
690 1413 820 1454 xxxi,
843 1412 900 1447 24.
948 1412 1055 1446 Nulla
1079 1411 1190 1456 igitur
1212 1412 1346 1447 ratione
1368 1414 1479 1448 utitur

91 1473 256 1515 Cortius,
288 1473 372 1517 qui,
404 1477 442 1508 ut
473 1475 670 1509 obtruncati
701 1474 885 1514 defendat,
920 1471 964 1505 ad
988 1470 1118 1506 exitum
1141 1476 1176 1506 et
1198 1478 1359 1508 eventum
1384 1474 1480 1510 illius

90 1536 260 1570 tumultus
289 1534 557 1580 significandum
588 1535 697 1569 verbo
719 1533 819 1568 finito
842 1544 928 1577 opus
960 1544 1034 1567 esse
1057 1532 1151 1567 dicit.
1200 1533 1338 1578 Quippe
1359 1535 1479 1580 Sallu-

90 1596 178 1631 stius
201 1608 313 1640 neque
335 1594 486 1639 respexit
509 1596 553 1629 ad
576 1596 706 1629 exitum
721 1620 731 1638 ,
755 1604 866 1638 neque
889 1593 1002 1637 potuit
1022 1593 1216 1638 respicere,
1240 1595 1270 1629 si
1292 1607 1356 1639 pro
1380 1607 1479 1631 more

88 1669 152 1692 suo
175 1657 227 1691 rei
249 1662 372 1703 gestae
395 1655 550 1690 vividam
575 1655 768 1701 imaginem
793 1654 961 1689 exhibere
983 1655 1099 1690 vellet.

182 1720 215 1761 §.
245 1719 279 1752 3.
327 1719 551 1763 praefectus]
593 1719 697 1752 Hanc
737 1727 882 1760 vocem,
921 1726 1026 1759 quam
1067 1727 1188 1750 omnes
1218 1716 1316 1751 codd.
1350 1720 1476 1761 tenent,

90 1776 221 1812 frustra
245 1778 281 1812 in
310 1779 422 1814 Cortii
445 1780 498 1813 ed.
525 1790 691 1823 quaeras,
726 1777 897 1811 incertum
932 1788 1076 1818 casune,
1112 1788 1157 1822 an
1188 1777 1331 1811 consilio
1364 1777 1476 1812 edito-

88 1838 148 1872 ris.
173 1859 218 1865 —
243 1839 327 1873 Mox
356 1839 394 1874 in
416 1839 627 1874 editionibus
658 1839 820 1873 omnibus
852 1837 984 1882 legitur
1017 1849 1070 1871 an
1101 1849 1208 1877 casu‚·
1240 1838 1298 1871 sed
1323 1843 1387 1872 aut
1410 1839 1476 1872 ha-

87 1898 190 1933 betur
211 1899 247 1933 iu
270 1900 351 1934 Bas.
375 1900 408 1935 1.
433 1900 552 1935 Vinar.
575 1900 609 1934 2.
636 1900 716 1935 Sen.
739 1899 774 1933 2.
806 1901 931 1934 Heuss.
955 1899 1058 1931 Rem.
1085 1898 1118 1934 1.
1142 1897 1176 1931 2.
1211 1898 1320 1935 Acad.
1346 1899 1417 1933 Inc.
1442 1899 1476 1934 1.

89 1959 206 1994 Struv.
233 1960 350 1994 Guelf.
376 1961 409 1996 1.
434 1961 489 1996 10.
513 1961 570 1995 11.
596 1960 708 1994 Paris.
733 1971 764 1993 x.
789 1971 821 1993 z.
855 1959 972 1992 Berol.
994 1959 1028 1992 1.
1052 1958 1085 1992 2.
1117 1962 1152 1992 et
1176 1959 1294 2002 Minu„
1319 1960 1479 2003 hancque

90 2021 298 2064 scripturam
319 2021 528 2055 confirmant
549 2020 656 2054 etiam
680 2019 705 2053 ii
729 2019 842 2059 codd.,
864 2019 900 2052 in
922 2018 1050 2062 quibus
1074 2023 1126 2053 est
1149 2024 1211 2053 aut
1232 2020 1392 2064 pactione
1415 2024 1479 2054 aut

90 2091 198 2121 casu,
233 2082 330 2115 velut
359 2081 440 2115 Sen.
472 2082 505 2115 1.
538 2081 658 2115 Guelf.
679 2079 713 2113 3.
747 2079 842 2113 Vrat.
865 2078 900 2113 2.
933 2079 1018 2115 Bas.
1041 2079 1075 2113 4.
1109 2079 1214 2115 Bern.
1251 2079 1285 2114 3.
1333 2079 1478 2115 Scilicet

91 2139 248 2182 librarii,
272 2141 332 2184 qui
361 2146 426 2176 aut
451 2141 556 2176 tertio
581 2142 657 2175 loco
681 2140 835 2185 positum
859 2150 927 2173 uon
949 2144 1224 2184 concoquerent‚
1249 2151 1312 2184 pro
1335 2140 1477 2186 ingenio

90 2204 300 2235 structuram
337 2203 523 2237 emendare
553 2201 669 2237 conati
697 2205 787 2238 sunt.
841 2200 955 2246 Igitur
991 2200 1072 2241 alii,
1103 2201 1164 2244 qui
1187 2200 1316 2235 scirent
1346 2200 1382 2234 in
1405 2201 1476 2235 dis-

90 2259 266 2295 iunctione
297 2267 358 2296 aut
398 2262 591 2309 geminari,
629 2261 737 2297 etiam
773 2264 853 2296 ante
874 2261 1036 2306 pactione
1061 2261 1153 2295 hanc
1176 2261 1387 2305 particulam
1409 2271 1475 2305 po-

89 2325 256 2362 suerunt3
291 2322 377 2366 alii,
408 2323 469 2368 qui
503 2323 789 2364 recordarentur,
822 2321 858 2356 in
882 2320 1094 2356 disiunctiva
1116 2321 1390 2367 interrogatione
1411 2327 1476 2358 aut

89 2383 284 2427 particulae
315 2395 382 2418 non
406 2395 480 2419 esse
502 2385 618 2418 locum
633 2412 642 2428 ,
678 2395 724 2418 an
747 2383 948 2418 intulerunt.
994 2383 1065 2418 Sed
1092 2383 1131 2417 hi
1154 2383 1191 2418 in
1215 2395 1257 2418 eo
1280 2383 1362 2418 falsi
1383 2389 1475 2425 sunt,

89 2444 180 2485 quod
206 2447 276 2478 tres
300 2455 374 2478 esse
396 2448 512 2489 partes
534 2444 819 2491 interrogationis
850 2455 1040 2489 suspensae
1060 2447 1247 2489 putarunt,
1274 2454 1365 2488 quae
1387 2444 1475 2478 dua-

89 2503 156 2538 bus
178 2508 314 2539 tantum
338 2505 498 2549 partibus
524 2509 680 2548 constat,
703 2517 853 2550 quarum
876 2505 1060 2550 posteriori
1083 2515 1174 2540 nova
1196 2516 1271 2546 res,
1304 2514 1375 2549 qua
1396 2516 1474 2539 eor-

89 2563 228 2610 rigatur
258 2566 460 2600 antecedens
476 2591 487 2607 ,
523 2565 762 2610 substituitur;
793 2578 828 2600 v.
858 2576 949 2611 quae
982 2567 1025 2600 de
1063 2567 1132 2600 hoc
1162 2577 1229 2600 usu
1257 2565 1475 2609 disputarunt

92 2625 182 2670 Aug.
207 2626 379 2661 Matthias
402 2627 447 2661 ad
469 2626 541 2661 Cic.
565 2637 597 2670 p.
623 2627 728 2661 Rosc.
755 2628 832 2662 Am.
857 2638 888 2661 c.
907 2626 965 2669 21,
984 2625 1044 2662 59.
1065 2631 1102 2661 et
1124 2626 1311 2671 praecipue
1333 2626 1473 2660 Ferdin.

92 2686 251 2721 llandius
284 2687 327 2721 de
356 2686 504 2722 Particc.
538 2687 629 2722 Latt.
664 2687 740 2723 Vol.
763 2688 792 2721 1.
824 2699 858 2731 p.
888 2686 970 2722 551.
1017 2687 1137 2730 Quare
1167 2699 1274 2732 quum
1299 2692 1363 2722 cut
1384 2687 1421 2721 h.
1446 2687 1473 2720 1.

94 2744 138 2779 sit
161 2751 224 2781 aut
244 2747 375 2790 potius,
409 2747 598 2782 Sallustius
627 2759 671 2783 eo
694 2747 861 2784 indicavit
882 2747 950 2782 sibi
980 2747 1134 2783 maxime
1155 2747 1341 2792 probabile
1364 2745 1474 2781 videri
