1630 3034
131 178 217 218 392
505 171 552 213 G.
582 169 906 213 SALLUSTI
934 169 1157 214 GRISPI

134 290 227 334 fide
260 287 549 348 popularium
582 285 728 331 minus
754 286 985 341 crederet3
1019 286 1104 342 ita,
1141 249 1425 347 quocumque
1459 289 1530 334 in-
1599 327 1601 329 ,

99 384 367 441 2tenderat‚
410 399 483 427 res
528 382 746 428 advorsae
784 390 920 430 erant.
992 383 1087 428 Sed
1123 384 1240 428 inter
1274 400 1349 430 eas
1384 401 1532 432 moras

138 487 327 543 repente
371 495 468 525 sese
503 479 718 525 Metellus
755 495 858 524 cum
895 481 1093 526 exercitu
1119 481 1337 536 ostendit3
1372 483 1536 527 Numi-

142 579 230 623 dae
276 578 335 622 ab
378 577 601 638 Iugurtha
647 592 733 638 pro
778 585 987 638 tempore
1035 579 1180 639 parati
1225 579 1538 639 instructique3

110 675 257 722 3dein
296 675 520 736 proelium
564 675 786 735 incipitur.
857 675 963 730 Qua
996 675 1042 720 in
1075 682 1207 736 parte
1242 691 1322 720 rex
1355 692 1539 739 pugnae

144 815 309 851 tenderat
340 815 724 860 plusquamperfectum
756 827 819 861 pro
854 816 1062 862 imperfecto
1105 817 1260 862 positum
1300 830 1376 853 esse
1415 825 1542 856 censet.

146 877 252 922 Quod
276 877 408 911 falsum
434 888 507 910 esse
529 876 644 921 quivis
667 877 773 912 facile
808 877 962 921 videbit,
995 878 1056 923 qui
1087 880 1321 923 reputaverit,
1362 882 1542 916 consiliam

147 949 287 983 semper
311 938 520 982 praecedere
542 949 617 972 rem
642 938 824 978 effectam,
859 951 973 984 eoque,
992 944 1086 974 recte
1110 940 1196 974 illud
1219 941 1387 983 verbum,
1421 942 1457 976 in
1467 955 1544 987 quo

150 998 288 1032 consilii
313 998 408 1032 notio
431 999 543 1042 inest,
568 1000 912 1044 plusquamperfecto
935 1000 1125 1035 enunciari.
1173 1001 1249 1035 Non
1273 1001 1345 1036 alia
1367 1003 1461 1037 ratio
1482 1009 1546 1049 est,

150 1071 215 1094 cur
239 1059 348 1093 verba
370 1071 492 1104 posse,
525 1061 636 1103 velle,
671 1061 770 1104 licet,
801 1062 918 1105 placet
951 1061 997 1094 ad
1030 1062 1188 1095 futurum
1221 1067 1357 1105 tempus
1379 1064 1492 1098 relata
1512 1069 1548 1099 et

151 1132 235 1154 cum
267 1120 340 1154 alia
373 1120 512 1154 actione
547 1120 748 1156 consociata
779 1123 898 1156 futuro
922 1125 1044 1157 exacto
1069 1125 1264 1166 ponantur,
1293 1123 1377 1157 dum
1399 1125 1549 1161 alterum

152 1182 301 1215 verbum
335 1181 454 1215 futuro
488 1182 602 1225 primo
629 1183 786 1219 effertur.
833 1185 887 1216 De
910 1194 980 1228 qua
1003 1193 1042 1216 re
1069 1193 1239 1226 perquam
1262 1184 1450 1227 prudenter
1472 1187 1550 1221 Au-

153 1247 282 1290 gustus
306 1242 476 1276 Matthias
500 1242 536 1276 in
561 1244 722 1277 Excursu
745 1244 789 1277 ad
817 1243 891 1278 Cic.
916 1255 968 1277 or.
994 1243 1029 1277 in
1054 1243 1156 1277 Catil.
1180 1244 1240 1287 lv,
1265 1245 1300 1287 6,
1326 1246 1384 1280 11.
1409 1259 1445 1291 p.
1469 1248 1549 1284 239.

156 1304 299 1350 „mum
323 1303 455 1348 inquit,
478 1303 513 1337 in
538 1304 595 1338 his
619 1304 773 1339 Romani
798 1304 834 1337 id
857 1308 1034 1348 spectasse
1056 1303 1244 1346 videntur,
1276 1307 1367 1351 quod
1381 1333 1391 1349 ,
1414 1309 1555 1345 etiamsi

157 1367 332 1407 actiones,
367 1376 459 1408 quae
486 1366 600 1401 verbis
629 1376 751 1411 posse,
784 1366 893 1407 velle,
917 1369 981 1399 etc.
1009 1365 1252 1408 declarantur,
1274 1368 1470 1403 continuari
1493 1383 1555 1406 ne-

157 1438 252 1461 cesse
275 1427 342 1468 sit,
366 1426 450 1460 dum
475 1426 568 1461 actio
592 1427 638 1461 ab
663 1426 706 1460 iis
731 1425 890 1470 profecta
913 1426 1114 1470 perficitur,
1150 1431 1268 1460 tamen
1290 1433 1468 1472 potestas,
1492 1443 1555 1466 υο-

159 1490 295 1529 luntas,
318 1491 385 1520 etc.
408 1488 617 1530 praecedere
640 1487 750 1522 etiam
774 1487 901 1521 debent
925 1486 1037 1531 ipsam
1062 1498 1137 1520 rem
1152 1512 1164 1529 ‚
1196 1499 1258 1520 nec
1282 1488 1468 1534 quisquam
1488 1504 1556 1527 un-

159 1559 268 1592 quam
292 1559 366 1581 rem
390 1548 621 1592 aggreditur,
654 1549 721 1582 nisi
747 1553 900 1592 potestas
930 1559 973 1583 ac
997 1549 1159 1584 voluntas
1191 1560 1270 1584 eam
1293 1554 1329 1586 et
1349 1553 1558 1599 suscipiendi

160 1613 196 1644 et
216 1607 419 1653 perficiendi
442 1612 545 1643 antea
569 1609 756 1644 affuerit.“

253 1672 286 1713 §-
311 1669 346 1704 2.
375 1674 409 1704 et
433 1669 466 1704 3.
515 1671 761 1716 instructique]
788 1671 826 1704 ln
850 1669 971 1705 multis
994 1672 1094 1705 codd.
1119 1671 1260 1706 additur
1281 1679 1372 1716 sunt,
1398 1674 1435 1709 in
1466 1678 1558 1712 duo-

161 1733 229 1766 bus
251 1736 370 1772 erant,
403 1731 464 1764 sed
487 1742 554 1764 non
580 1732 701 1765 eodem
727 1731 816 1764 loco.
864 1731 974 1765 Recte
997 1743 1082 1766 vcro
1104 1733 1204 1766 abest
1227 1734 1374 1768 verbum
1399 1737 1559 1773 substan-

163 1792 278 1828 tivum
304 1803 326 1826 a
349 1791 449 1825 codd.
484 1791 666 1834 Putschfi,
699 1790 866 1833 Gruter-i,
899 1791 1019 1826 Leidd.
1052 1797 1196 1836 excepto
1220 1794 1277 1836 K„
1303 1795 1420 1831 Mark.
1446 1801 1490 1833 Γ.
1514 1804 1559 1837 Λ,

163 1853 302 1889 Bodlei.
333 1853 414 1887 Sen.
447 1853 555 1886 Fabr.
590 1853 623 1886 1.
647 1853 680 1886 2.
715 1852 865 1886 Eccard.
900 1853 1020 1888 Gnell'.
1054 1853 1088 1887 2.
1125 1854 1181 1887 10.
1215 1854 1271 1887 12.
1304 1855 1424 1892 Berol.
1461 1861 1494 1897 l.
1523 1862 1557 1898 2.

165 1915 271 1949 Misn.
293 1914 405 1949 Paris.
430 1914 465 1947 b.
491 1924 522 1946 c.
546 1923 578 1948 x,
603 1925 634 1947 z.
663 1933 708 1938 —
750 1914 896 1959 Pugnae
929 1914 1026 1949 deest
1049 1914 1084 1948 in
1117 1914 1198 1949 Sen.
1224 1915 1258 1948 2.
1283 1916 1408 1952 Heuss.
1440 1921 1560 1957 Guelt'.

164 1977 199 2014 4.
217 1977 274 2011 11.
293 1980 327 2011 et
348 1975 441 2010 Med.
464 1973 498 2010 9.
525 1973 656 2008 Omisit
679 1975 831 2016 Cottius,
858 1986 1046 2019 recoquens
1069 1976 1235 2009 cramben
1253 1988 1355 2011 suam
1379 1980 1423 2013 de
1446 1982 1563 2018 brevi-

167 2042 241 2074 tate
260 2036 491 2080 Sallustiana,
517 2047 608 2079 quae
631 2036 738 2070 istam
754 2047 875 2070 vocem
897 2041 1065 2080 tanquam
1088 2048 1384 2080 supervacaneam
1401 2050 1563 2088 respuat;

169 2099 203 2134 ei
228 2098 379 2133 credidit
404 2097 613 2132 Gerlachius
639 2102 735 2140 tum,
767 2110 877 2142 quum
910 2099 948 2133 iu
980 2099 1065 2134 Ven.
1090 2098 1122 2132 l.
1147 2098 1336 2135 invenisset
1361 2113 1421 2136 rer
1446 2106 1566 2149 adsuit

167 2171 324 2206 pugnae.
374 2158 444 2192 Sed
479 2159 665 2204 egregium
701 2171 850 2194 acumen
881 2172 989 2195 suum
1023 2159 1058 2193 in
1090 2159 1301 2194 Commentt.
1331 2172 1363 2204 p.
1398 2161 1479 2197 311.
1510 2163 1566 2201 hle

171 2221 289 2255 verbis
316 2220 512 2265 proditum:
538 2221 657 2262 „unde
678 2227 813 2265 patet
845 2233 990 2267 pugnae
1014 2232 1036 2255 a
1059 2220 1216 2255 librariis
1236 2221 1442 2265 additnm‚“
1465 2225 1567 2260 nihili

171 2293 248 2316 esse
272 2281 307 2315 in
330 2281 382 2314 ed.
409 2281 494 2315 min.
521 2283 691 2325 ostendit,
724 2283 785 2317 ubi
822 2284 867 2317 ad
891 2284 1075 2327 vulgatam
1107 2281 1224 2316 rediit.
1273 2282 1412 2318 Merito.
1459 2286 1570 2323 Nulla

172 2343 266 2378 enim
292 2353 418 2377 caussa
443 2348 515 2383 est,
548 2355 611 2377 cur
634 2344 738 2388 pauci
762 2344 862 2380 codd.
896 2343 1065 2388 protritae
1096 2342 1313 2377 auctoritatis
1333 2345 1440 2391 longe
1466 2359 1570 2392 prae-

173 2403 395 2439 stantissimis
419 2405 674 2448 praeferantur.
699 2425 744 2430 —
778 2406 862 2439 Post
885 2410 1055 2439 certatam
1081 2405 1182 2449 pauci
1207 2405 1289 2439 libri
1313 2405 1483 2441 adiiciunt
1505 2412 1569 2449 est,

175 2476 244 2509 quo
276 2476 343 2498 non
378 2470 431 2498 est
463 2477 563 2509 opus.
595 2484 642 2491 —
675 2467 713 2500 ln
747 2466 857 2500 verba
899 2467 1004 2500 ceteri
1037 2467 1110 2500 eins
1143 2467 1270 2501 milites
1312 2467 1456 2510 plurimi
1487 2467 1569 2502 libri

177 2537 292 2558 omncs
328 2525 508 2569 inserunt3
542 2527 600 2560 scd
635 2539 744 2571 quum
773 2528 842 2561 lioc
866 2528 1077 2562 vocabulum
1111 2527 1146 2561 in
1171 2528 1252 2562 aliis
1276 2533 1352 2572 post
1376 2529 1501 2592 ceter&
1534 2528 1570 2562 in

178 2586 257 2621 aliis
282 2592 358 2629 post
384 2588 456 2620 eius
489 2589 700 2622 collocatum
724 2588 789 2630 sit,
826 2599 848 2622 a
881 2589 987 2623 Bern.
1022 2600 1104 2623 vero
1130 2588 1162 2622 1.
1198 2590 1273 2624 Eri.
1301 2589 1401 2624 Misn.
1428 2590 1509 2623 Ven.
1538 2589 1569 2622 1.

179 2647 268 2681 Min.
294 2647 328 2680 2.
354 2648 448 2681 Mod.
473 2648 507 2682 4.
536 2653 570 2682 ct
594 2649 741 2682 Barber.
765 2648 800 2683 5.
825 2649 937 2691 absit,
972 2650 1039 2683 hoc
1061 2650 1148 2684 satis
1170 2655 1302 2684 certum
1327 2650 1571 2685 documentum

181 2713 252 2750 est,
278 2719 300 2742 a
325 2708 478 2742 librariis
504 2710 703 2753 profectum
728 2721 820 2748 esne.
848 2710 975 2754 quihus
999 2711 1160 2745 Sallustii
1185 2711 1292 2745 verba
1314 2710 1358 2744 ad
1384 2711 1573 2755 perspicui·

180 2774 288 2803 tatem
313 2769 368 2802 vel
393 2769 605 2811 gravitatem
631 2771 820 2805 sententiaa
849 2781 918 2805 non
952 2772 1114 2805 sufficere
1146 2770 1356 2806 viderentur.
1403 2772 1575 2807 Pervorse
