<?xml version="1.0" encoding="UTF-8"?>
<!DOCTYPE html PUBLIC "-//W3C//DTD XHTML 1.0 Transitional//EN"
    "http://www.w3.org/TR/xhtml1/DTD/xhtml1-transitional.dtd">
<html xmlns="http://www.w3.org/1999/xhtml" xml:lang="en" lang="en">
 <head>
  <title>
</title>
<meta http-equiv="Content-Type" content="text/html;charset=utf-8" />
  <meta name='ocr-system' content='tesseract 3.04.00' />
  <meta name='ocr-capabilities' content='ocr_page ocr_carea ocr_par ocr_line ocrx_word'/>
</head>
<body>
  <div class='ocr_page' id='page_1' title='image "./operaquaesupeappx01salluoft_0429.png"; bbox 0 0 1630 3034; ppageno 0'>
   <div class='ocr_carea' id='block_1_1' title="bbox 492 145 1522 193">
    <p class='ocr_par' dir='ltr' id='par_1_1' title="bbox 492 145 1522 193">
     <span class='ocr_line' id='line_1_1' title="bbox 492 145 1522 193; baseline 0.003 -3"><span class='ocrx_word' id='word_1_1' title='bbox 492 145 859 190; x_wconf 85' lang='lat' dir='ltr'>IUGURTHA.</span> <span class='ocrx_word' id='word_1_2' title='bbox 921 145 1049 190; x_wconf 85' lang='lat' dir='ltr'><strong>CAP.</strong></span> <span class='ocrx_word' id='word_1_3' title='bbox 1081 148 1140 189; x_wconf 88' lang='lat' dir='ltr'><strong>X.</strong></span> <span class='ocrx_word' id='word_1_4' title='bbox 1465 155 1522 193; x_wconf 71' lang='lat'><strong>53</strong></span> 
     </span>
    </p>
   </div>
   <div class='ocr_carea' id='block_1_2' title="bbox 126 261 1547 613">
    <p class='ocr_par' dir='ltr' id='par_1_2' title="bbox 126 261 1547 613">
     <span class='ocr_line' id='line_1_2' title="bbox 127 261 1519 325; baseline 0.001 -16"><span class='ocrx_word' id='word_1_5' title='bbox 127 280 212 325; x_wconf 86' lang='lat' dir='ltr'><strong>per</strong></span> <span class='ocrx_word' id='word_1_6' title='bbox 247 264 378 324; x_wconf 83' lang='lat' dir='ltr'><strong>regni</strong></span> <span class='ocrx_word' id='word_1_7' title='bbox 414 262 552 307; x_wconf 85' lang='lat' dir='ltr'><strong>fidem</strong></span> <span class='ocrx_word' id='word_1_8' title='bbox 586 276 750 305; x_wconf 87' lang='lat' dir='ltr'><strong>moneo</strong></span> <span class='ocrx_word' id='word_1_9' title='bbox 784 261 1077 321; x_wconf 83' lang='lat' dir='ltr'><strong>obtestorque</strong></span> <span class='ocrx_word' id='word_1_10' title='bbox 1109 270 1177 319; x_wconf 81' lang='lat' dir='ltr'><strong>te,</strong></span> <span class='ocrx_word' id='word_1_11' title='bbox 1214 264 1273 307; x_wconf 85' lang='lat' dir='ltr'><strong>uti</strong></span> <span class='ocrx_word' id='word_1_12' title='bbox 1310 263 1408 321; x_wconf 85' lang='lat' dir='ltr'><strong>hos,</strong></span> <span class='ocrx_word' id='word_1_13' title='bbox 1443 266 1519 323; x_wconf 91' lang='lat' dir='ltr'><strong>qui</strong></span> 
     </span>
     <span class='ocr_line' id='line_1_3' title="bbox 128 357 1516 420; baseline 0.001 -16"><span class='ocrx_word' id='word_1_14' title='bbox 128 362 208 405; x_wconf 87' lang='lat' dir='ltr'><strong>tibi</strong></span> <span class='ocrx_word' id='word_1_15' title='bbox 247 376 415 420; x_wconf 80' lang='lat' dir='ltr'><strong>genere</strong></span> <span class='ocrx_word' id='word_1_16' title='bbox 460 358 722 418; x_wconf 75' lang='lat' dir='ltr'><strong>propinqui,</strong></span> <span class='ocrx_word' id='word_1_17' title='bbox 777 357 998 409; x_wconf 84' lang='lat' dir='ltr'><strong>beneficio</strong></span> <span class='ocrx_word' id='word_1_18' title='bbox 1056 375 1158 403; x_wconf 86' lang='lat' dir='ltr'><strong>meo</strong></span> <span class='ocrx_word' id='word_1_19' title='bbox 1204 360 1363 405; x_wconf 82' lang='lat' dir='ltr'><strong>fratres</strong></span> <span class='ocrx_word' id='word_1_20' title='bbox 1403 369 1516 420; x_wconf 84' lang='lat' dir='ltr'><strong>sunt,</strong></span> 
     </span>
     <span class='ocr_line' id='line_1_4' title="bbox 130 453 1516 516; baseline 0.001 -16"><span class='ocrx_word' id='word_1_21' title='bbox 130 472 255 500; x_wconf 81' lang='lat' dir='ltr'><strong>caros</strong></span> <span class='ocrx_word' id='word_1_22' title='bbox 309 457 501 510; x_wconf 82' lang='lat' dir='ltr'><strong>habeas,</strong></span> <span class='ocrx_word' id='word_1_23' title='bbox 556 469 643 498; x_wconf 88' lang='lat' dir='ltr'><strong>neu</strong></span> <span class='ocrx_word' id='word_1_24' title='bbox 695 453 820 497; x_wconf 86' lang='lat' dir='ltr'><strong>malis</strong></span> <span class='ocrx_word' id='word_1_25' title='bbox 868 454 1035 498; x_wconf 82' lang='lat' dir='ltr'><strong>alienos</strong></span> <span class='ocrx_word' id='word_1_26' title='bbox 1089 455 1333 516; x_wconf 83' lang='lat' dir='ltr'><strong>adiungere</strong></span> <span class='ocrx_word' id='word_1_27' title='bbox 1380 473 1516 515; x_wconf 86' lang='lat' dir='ltr'><strong>quam</strong></span> 
     </span>
     <span class='ocr_line' id='line_1_5' title="bbox 126 550 1547 613; baseline -0.001 -17"><span class='ocrx_word' id='word_1_28' title='bbox 126 553 340 613; x_wconf 84' lang='lat' dir='ltr'><strong>sanguine</strong></span> <span class='ocrx_word' id='word_1_29' title='bbox 389 552 646 596; x_wconf 83' lang='lat' dir='ltr'><strong>coniunctos</strong></span> <span class='ocrx_word' id='word_1_30' title='bbox 688 550 890 594; x_wconf 86' lang='lat' dir='ltr'><strong>retinere.</strong></span> <span class='ocrx_word' id='word_1_31' title='bbox 964 551 1067 594; x_wconf 87' lang='lat' dir='ltr'><strong>Non</strong></span> <span class='ocrx_word' id='word_1_32' title='bbox 1113 553 1327 596; x_wconf 84' lang='lat' dir='ltr'><strong>exercitus</strong></span> <span class='ocrx_word' id='word_1_33' title='bbox 1364 554 1547 612; x_wconf 83' lang='lat' dir='ltr'><strong>neque4</strong></span> 
     </span>
    </p>
   </div>
   <div class='ocr_carea' id='block_1_3' title="bbox 124 647 1513 708">
    <p class='ocr_par' dir='ltr' id='par_1_3' title="bbox 124 647 1513 708">
     <span class='ocr_line' id='line_1_6' title="bbox 124 647 1513 708; baseline 0.001 -15"><span class='ocrx_word' id='word_1_34' title='bbox 124 649 319 693; x_wconf 76' lang='lat' dir='ltr'><strong>thesauri</strong></span> <span class='ocrx_word' id='word_1_35' title='bbox 355 648 579 707; x_wconf 78' lang='lat' dir='ltr'><strong>praesidia</strong></span> <span class='ocrx_word' id='word_1_36' title='bbox 614 647 743 706; x_wconf 83' lang='lat' dir='ltr'><strong>regni</strong></span> <span class='ocrx_word' id='word_1_37' title='bbox 779 653 891 701; x_wconf 80' lang='lat' dir='ltr'><strong>sunt,</strong></span> <span class='ocrx_word' id='word_1_38' title='bbox 928 662 1082 691; x_wconf 83' lang='lat' dir='ltr'><strong>verum</strong></span> <span class='ocrx_word' id='word_1_39' title='bbox 1118 649 1264 701; x_wconf 85' lang='lat' dir='ltr'><strong>amici,</strong></span> <span class='ocrx_word' id='word_1_40' title='bbox 1299 665 1409 708; x_wconf 85' lang='lat' dir='ltr'><strong>quos</strong></span> <span class='ocrx_word' id='word_1_41' title='bbox 1432 666 1513 694; x_wconf 84' lang='lat' dir='ltr'><strong>ne-</strong></span> 
     </span>
    </p>
   </div>
   <div class='ocr_carea' id='block_1_4' title="bbox 104 789 1513 2769">
    <p class='ocr_par' dir='ltr' id='par_1_4' title="bbox 119 789 1513 1074">
     <span class='ocr_line' id='line_1_7' title="bbox 122 789 1513 836; baseline 0.004 -12"><span class='ocrx_word' id='word_1_42' title='bbox 122 802 289 836; x_wconf 78' lang='lat' dir='ltr'><strong>personae</strong></span> <span class='ocrx_word' id='word_1_43' title='bbox 311 791 469 836; x_wconf 83' lang='lat' dir='ltr'><strong>regentia</strong></span> <span class='ocrx_word' id='word_1_44' title='bbox 492 790 695 834; x_wconf 76' lang='lat' dir='ltr'><strong>saepissime</strong></span> <span class='ocrx_word' id='word_1_45' title='bbox 729 789 803 823; x_wconf 77' lang='lat' dir='ltr'><strong>sine</strong></span> <span class='ocrx_word' id='word_1_46' title='bbox 836 801 921 823; x_wconf 84' lang='lat' dir='ltr'><strong>casu</strong></span> <span class='ocrx_word' id='word_1_47' title='bbox 945 790 1037 833; x_wconf 82' lang='lat' dir='ltr'><strong>poni.</strong></span> <span class='ocrx_word' id='word_1_48' title='bbox 1088 791 1227 825; x_wconf 70' lang='lat' dir='ltr'><strong>Coi-tius</strong></span> <span class='ocrx_word' id='word_1_49' title='bbox 1260 794 1406 827; x_wconf 85' lang='lat' dir='ltr'><strong>contulit</strong></span> <span class='ocrx_word' id='word_1_50' title='bbox 1430 795 1513 829; x_wconf 82' lang='lat' dir='ltr'><strong>Ter.</strong></span> 
     </span>
     <span class='ocr_line' id='line_1_8' title="bbox 120 851 1511 899; baseline 0.003 -14"><span class='ocrx_word' id='word_1_51' title='bbox 120 852 272 896; x_wconf 82' lang='lat' dir='ltr'><strong>Adelph.</strong></span> <span class='ocrx_word' id='word_1_52' title='bbox 295 853 323 893; x_wconf 86' lang='lat'><strong>1,</strong></span> <span class='ocrx_word' id='word_1_53' title='bbox 350 853 382 894; x_wconf 81' lang='lat' dir='ltr'><strong>l,</strong></span> <span class='ocrx_word' id='word_1_54' title='bbox 407 852 464 886; x_wconf 69' lang='lat'><strong>47.</strong></span> <span class='ocrx_word' id='word_1_55' title='bbox 513 853 602 893; x_wconf 80' lang='lat' dir='ltr'><strong>Ille,</strong></span> <span class='ocrx_word' id='word_1_56' title='bbox 635 862 734 896; x_wconf 64' lang='lat' dir='ltr'><strong>quem</strong></span> <span class='ocrx_word' id='word_1_57' title='bbox 766 851 928 894; x_wconf 69' lang='lat' dir='ltr'><strong>beneficio</strong></span> <span class='ocrx_word' id='word_1_58' title='bbox 959 851 1214 895; x_wconf 77' lang='lat' dir='ltr'><strong>adiungas,</strong></span> <span class='ocrx_word' id='word_1_59' title='bbox 1247 865 1287 885; x_wconf 69' lang='lat' dir='ltr'><strong>ea:</strong></span> <span class='ocrx_word' id='word_1_60' title='bbox 1318 855 1430 888; x_wconf 83' lang='lat' dir='ltr'><strong>animo</strong></span> <span class='ocrx_word' id='word_1_61' title='bbox 1448 859 1511 899; x_wconf 84' lang='lat' dir='ltr'><strong>sa-</strong></span> 
     </span>
     <span class='ocr_line' id='line_1_9' title="bbox 121 909 1511 958; baseline 0.002 -11"><span class='ocrx_word' id='word_1_62' title='bbox 121 914 198 948; x_wconf 83' lang='lat' dir='ltr'><strong>ciet.</strong></span> <span class='ocrx_word' id='word_1_63' title='bbox 223 925 257 946; x_wconf 78' lang='lat' dir='ltr'><strong>v.</strong></span> <span class='ocrx_word' id='word_1_64' title='bbox 284 918 405 946; x_wconf 75' lang='lat' dir='ltr'><strong>notata</strong></span> <span class='ocrx_word' id='word_1_65' title='bbox 429 911 470 945; x_wconf 82' lang='lat' dir='ltr'><strong>ad</strong></span> <span class='ocrx_word' id='word_1_66' title='bbox 496 923 526 944; x_wconf 84' lang='lat' dir='ltr'><strong>c.</strong></span> <span class='ocrx_word' id='word_1_67' title='bbox 551 911 577 951; x_wconf 83' lang='grc' dir='ltr'><strong>Ι,</strong></span> <span class='ocrx_word' id='word_1_68' title='bbox 602 909 635 942; x_wconf 83' lang='grc'><strong>3.</strong></span> <span class='ocrx_word' id='word_1_69' title='bbox 684 912 800 944; x_wconf 82' lang='lat' dir='ltr'><strong>Alieni</strong></span> <span class='ocrx_word' id='word_1_70' title='bbox 833 915 950 944; x_wconf 89' lang='lat' dir='ltr'><strong>autem</strong></span> <span class='ocrx_word' id='word_1_71' title='bbox 982 915 1204 954; x_wconf 84' lang='lat' dir='ltr'><strong>opponuntur</strong></span> <span class='ocrx_word' id='word_1_72' title='bbox 1233 915 1434 958; x_wconf 76' lang='lat' dir='ltr'><em>propinquis</em></span> <span class='ocrx_word' id='word_1_73' title='bbox 1475 921 1511 950; x_wconf 74' lang='lat' dir='ltr'><strong>ut</strong></span> 
     </span>
     <span class='ocr_line' id='line_1_10' title="bbox 120 971 1506 1017; baseline -0.001 -11"><span class='ocrx_word' id='word_1_74' title='bbox 120 974 154 1017; x_wconf 81' lang='lat'><strong>§.</strong></span> <span class='ocrx_word' id='word_1_75' title='bbox 179 972 212 1007; x_wconf 86' lang='lat'><strong>5.</strong></span> <span class='ocrx_word' id='word_1_76' title='bbox 237 974 280 1006; x_wconf 83' lang='lat' dir='ltr'><strong>cf.</strong></span> <span class='ocrx_word' id='word_1_77' title='bbox 298 973 483 1007; x_wconf 78' lang='lat' dir='ltr'><strong>Ruhnken.</strong></span> <span class='ocrx_word' id='word_1_78' title='bbox 507 972 548 1006; x_wconf 84' lang='lat' dir='ltr'><strong>ad</strong></span> <span class='ocrx_word' id='word_1_79' title='bbox 575 972 656 1004; x_wconf 77' lang='lat' dir='ltr'><strong>Ter.</strong></span> <span class='ocrx_word' id='word_1_80' title='bbox 682 973 808 1006; x_wconf 82' lang='lat' dir='ltr'><strong>Heaut.</strong></span> <span class='ocrx_word' id='word_1_81' title='bbox 832 972 874 1012; x_wconf 91' lang='lat' dir='ltr'><strong>V,</strong></span> <span class='ocrx_word' id='word_1_82' title='bbox 899 971 934 1013; x_wconf 75' lang='lat'><strong>4,</strong></span> <span class='ocrx_word' id='word_1_83' title='bbox 957 971 990 1004; x_wconf 84' lang='grc'><strong>6.</strong></span> <span class='ocrx_word' id='word_1_84' title='bbox 1016 971 1088 1004; x_wconf 79' lang='lat' dir='ltr'><strong>Cic.</strong></span> <span class='ocrx_word' id='word_1_85' title='bbox 1114 972 1206 1007; x_wconf 81' lang='lat' dir='ltr'><strong>Lael.</strong></span> <span class='ocrx_word' id='word_1_86' title='bbox 1228 985 1256 1007; x_wconf 87' lang='lat' dir='ltr'><strong>c.</strong></span> <span class='ocrx_word' id='word_1_87' title='bbox 1282 974 1321 1015; x_wconf 74' lang='lat' dir='ltr'><strong>V,</strong></span> <span class='ocrx_word' id='word_1_88' title='bbox 1347 974 1401 1008; x_wconf 84' lang='lat'><strong>19.</strong></span> <span class='ocrx_word' id='word_1_89' title='bbox 1429 975 1506 1010; x_wconf 80' lang='lat' dir='ltr'><strong>Liv.</strong></span> 
     </span>
     <span class='ocr_line' id='line_1_11' title="bbox 119 1033 387 1074; baseline 0.007 -8"><span class='ocrx_word' id='word_1_90' title='bbox 119 1034 247 1074; x_wconf 68' lang='lat' dir='ltr'><strong>xxix,</strong></span> <span class='ocrx_word' id='word_1_91' title='bbox 272 1034 329 1074; x_wconf 77' lang='lat'><strong>29,</strong></span> <span class='ocrx_word' id='word_1_92' title='bbox 354 1033 387 1069; x_wconf 85' lang='grc'><strong>8.</strong></span> 
     </span>
    </p>

    <p class='ocr_par' dir='ltr' id='par_1_5' title="bbox 104 1091 1508 2769">
     <span class='ocr_line' id='line_1_12' title="bbox 211 1091 1508 1137; baseline 0.003 -12"><span class='ocrx_word' id='word_1_93' title='bbox 211 1096 244 1136; x_wconf 82' lang='lat'><strong>§.</strong></span> <span class='ocrx_word' id='word_1_94' title='bbox 269 1094 289 1126; x_wconf 79' lang='lat'>4</span> <span class='ocrx_word' id='word_1_95' title='bbox 305 1094 391 1127; x_wconf 86' lang='lat' dir='ltr'><strong>—(i.</strong></span> <span class='ocrx_word' id='word_1_96' title='bbox 439 1106 505 1127; x_wconf 81' lang='lat' dir='ltr'><strong>non</strong></span> <span class='ocrx_word' id='word_1_97' title='bbox 532 1094 697 1127; x_wconf 68' lang='lat' dir='ltr'><strong>exercitus</strong></span> <span class='ocrx_word' id='word_1_98' title='bbox 716 1104 827 1137; x_wconf 74' lang='lat' dir='ltr'><strong>neque</strong></span> <span class='ocrx_word' id='word_1_99' title='bbox 851 1091 954 1136; x_wconf 62' lang='lat' dir='ltr'><strong>thes]</strong></span> <span class='ocrx_word' id='word_1_100' title='bbox 990 1093 1043 1124; x_wconf 84' lang='lat' dir='ltr'><strong>De</strong></span> <span class='ocrx_word' id='word_1_101' title='bbox 1065 1103 1135 1125; x_wconf 68' lang='lat' dir='ltr'><strong>non</strong></span> <span class='ocrx_word' id='word_1_102' title='bbox 1154 1112 1199 1117; x_wconf 79' lang='lat'>—</span> <span class='ocrx_word' id='word_1_103' title='bbox 1218 1104 1328 1137; x_wconf 83' lang='lat' dir='ltr'><strong>neque</strong></span> <span class='ocrx_word' id='word_1_104' title='bbox 1352 1094 1508 1137; x_wconf 83' lang='lat' dir='ltr'><strong>particu-</strong></span> 
     </span>
     <span class='ocr_line' id='line_1_13' title="bbox 118 1152 1506 1196; baseline 0.001 -10"><span class='ocrx_word' id='word_1_105' title='bbox 118 1153 163 1187; x_wconf 79' lang='lat' dir='ltr'><strong>lis</strong></span> <span class='ocrx_word' id='word_1_106' title='bbox 179 1165 210 1186; x_wconf 73' lang='lat' dir='ltr'><strong>v.</strong></span> <span class='ocrx_word' id='word_1_107' title='bbox 235 1153 279 1186; x_wconf 85' lang='lat' dir='ltr'><strong>ad</strong></span> <span class='ocrx_word' id='word_1_108' title='bbox 305 1154 408 1187; x_wconf 82' lang='lat' dir='ltr'><strong>Catil.</strong></span> <span class='ocrx_word' id='word_1_109' title='bbox 446 1155 516 1194; x_wconf 90' lang='lat' dir='ltr'><strong>LII,</strong></span> <span class='ocrx_word' id='word_1_110' title='bbox 541 1153 586 1194; x_wconf 85' lang='grc'><strong>6.,</strong></span> <span class='ocrx_word' id='word_1_111' title='bbox 620 1153 680 1196; x_wconf 81' lang='lat' dir='ltr'><strong>qui</strong></span> <span class='ocrx_word' id='word_1_112' title='bbox 704 1155 801 1187; x_wconf 78' lang='lat' dir='ltr'><strong>locus</strong></span> <span class='ocrx_word' id='word_1_113' title='bbox 825 1152 932 1186; x_wconf 88' lang='lat' dir='ltr'><strong>etiam</strong></span> <span class='ocrx_word' id='word_1_114' title='bbox 958 1157 1115 1195; x_wconf 69' lang='lat' dir='ltr'><strong>respectu</strong></span> <span class='ocrx_word' id='word_1_115' title='bbox 1141 1153 1355 1195; x_wconf 78' lang='lat' dir='ltr'><strong>sequentium</strong></span> <span class='ocrx_word' id='word_1_116' title='bbox 1381 1155 1506 1188; x_wconf 63' lang='lat' dir='ltr'><strong>verbo-</strong></span> 
     </span>
     <span class='ocr_line' id='line_1_14' title="bbox 117 1213 1506 1258; baseline 0 -10"><span class='ocrx_word' id='word_1_117' title='bbox 117 1226 196 1248; x_wconf 87' lang='lat' dir='ltr'><strong>rum</strong></span> <span class='ocrx_word' id='word_1_118' title='bbox 221 1216 277 1258; x_wconf 81' lang='lat' dir='ltr'><strong>off.</strong></span> <span class='ocrx_word' id='word_1_119' title='bbox 308 1217 384 1258; x_wconf 84' lang='lat' dir='ltr'><strong>ets.</strong></span> <span class='ocrx_word' id='word_1_120' title='bbox 410 1226 502 1258; x_wconf 86' lang='lat' dir='ltr'><strong>par.,</strong></span> <span class='ocrx_word' id='word_1_121' title='bbox 527 1215 622 1248; x_wconf 88' lang='lat' dir='ltr'><strong>nulla</strong></span> <span class='ocrx_word' id='word_1_122' title='bbox 657 1213 831 1257; x_wconf 84' lang='lat' dir='ltr'><strong>particula</strong></span> <span class='ocrx_word' id='word_1_123' title='bbox 865 1225 944 1246; x_wconf 91' lang='lat' dir='ltr'><strong>cum</strong></span> <span class='ocrx_word' id='word_1_124' title='bbox 969 1213 1249 1247; x_wconf 78' lang='lat' dir='ltr'><strong>antecedentibus</strong></span> <span class='ocrx_word' id='word_1_125' title='bbox 1281 1214 1506 1257; x_wconf 76' lang='lat' dir='ltr'><strong>sociatorum,</strong></span> 
     </span>
     <span class='ocr_line' id='line_1_15' title="bbox 117 1273 1506 1318; baseline 0.002 -11"><span class='ocrx_word' id='word_1_126' title='bbox 117 1275 341 1308; x_wconf 79' lang='lat' dir='ltr'><strong>conferendus</strong></span> <span class='ocrx_word' id='word_1_127' title='bbox 374 1279 434 1309; x_wconf 74' lang='lat' dir='ltr'><strong>est.</strong></span> <span class='ocrx_word' id='word_1_128' title='bbox 491 1275 588 1308; x_wconf 82' lang='lat' dir='ltr'><strong>Adde</strong></span> <span class='ocrx_word' id='word_1_129' title='bbox 617 1277 737 1308; x_wconf 85' lang='lat' dir='ltr'><strong>notata</strong></span> <span class='ocrx_word' id='word_1_130' title='bbox 771 1275 815 1308; x_wconf 87' lang='lat' dir='ltr'><strong>ad</strong></span> <span class='ocrx_word' id='word_1_131' title='bbox 850 1274 924 1308; x_wconf 89' lang='lat' dir='ltr'><strong>Cat.</strong></span> <span class='ocrx_word' id='word_1_132' title='bbox 956 1274 1078 1313; x_wconf 79' lang='lat' dir='ltr'><strong>Lvm,</strong></span> <span class='ocrx_word' id='word_1_133' title='bbox 1106 1273 1162 1307; x_wconf 78' lang='lat'><strong>14.</strong></span> <span class='ocrx_word' id='word_1_134' title='bbox 1196 1286 1231 1318; x_wconf 86' lang='lat' dir='ltr'><strong>p.</strong></span> <span class='ocrx_word' id='word_1_135' title='bbox 1262 1274 1343 1310; x_wconf 75' lang='lat'><strong>309.</strong></span> <span class='ocrx_word' id='word_1_136' title='bbox 1368 1296 1412 1300; x_wconf 83' lang='lat'><strong>—-</strong></span> <span class='ocrx_word' id='word_1_137' title='bbox 1437 1277 1506 1310; x_wconf 86' lang='lat' dir='ltr'><strong>Pro</strong></span> 
     </span>
     <span class='ocr_line' id='line_1_16' title="bbox 114 1335 1506 1379; baseline 0.001 -11"><span class='ocrx_word' id='word_1_138' title='bbox 114 1336 301 1379; x_wconf 77' lang='lat' dir='ltr'><strong>pariuntur</strong></span> <span class='ocrx_word' id='word_1_139' title='bbox 333 1335 467 1378; x_wconf 80' lang='lat' dir='ltr'>aliquot</span> <span class='ocrx_word' id='word_1_140' title='bbox 498 1335 581 1368; x_wconf 83' lang='lat' dir='ltr'><strong>libri</strong></span> <span class='ocrx_word' id='word_1_141' title='bbox 612 1346 652 1367; x_wconf 85' lang='lat' dir='ltr'><strong>ex</strong></span> <span class='ocrx_word' id='word_1_142' title='bbox 694 1335 978 1378; x_wconf 76' lang='lat' dir='ltr'><strong>interpretatione</strong></span> <span class='ocrx_word' id='word_1_143' title='bbox 1012 1339 1207 1378; x_wconf 78' lang='lat' dir='ltr'><strong>parantur,</strong></span> <span class='ocrx_word' id='word_1_144' title='bbox 1240 1335 1331 1378; x_wconf 83' lang='lat' dir='ltr'><strong>quod</strong></span> <span class='ocrx_word' id='word_1_145' title='bbox 1366 1336 1506 1370; x_wconf 76' lang='lat' dir='ltr'><strong>Cottius</strong></span> 
     </span>
     <span class='ocr_line' id='line_1_17' title="bbox 116 1394 1503 1439; baseline 0 -10"><span class='ocrx_word' id='word_1_146' title='bbox 116 1400 208 1430; x_wconf 80' lang='lat' dir='ltr'><strong>recte</strong></span> <span class='ocrx_word' id='word_1_147' title='bbox 231 1396 363 1439; x_wconf 71' lang='lat' dir='ltr'><strong>respuit</strong></span> <span class='ocrx_word' id='word_1_148' title='bbox 387 1395 467 1428; x_wconf 86' lang='lat' dir='ltr'><strong>coll.</strong></span> <span class='ocrx_word' id='word_1_149' title='bbox 492 1394 569 1428; x_wconf 85' lang='lat' dir='ltr'><strong>Liv.</strong></span> <span class='ocrx_word' id='word_1_150' title='bbox 592 1396 664 1438; x_wconf 66' lang='lat' dir='ltr'><strong>Vll,</strong></span> <span class='ocrx_word' id='word_1_151' title='bbox 687 1396 744 1436; x_wconf 73' lang='grc'><strong>40,</strong></span> <span class='ocrx_word' id='word_1_152' title='bbox 761 1396 793 1430; x_wconf 84' lang='grc'><strong>5.</strong></span> <span class='ocrx_word' id='word_1_153' title='bbox 843 1397 939 1430; x_wconf 79' lang='lat' dir='ltr'><strong>Satis</strong></span> <span class='ocrx_word' id='word_1_154' title='bbox 959 1396 1032 1438; x_wconf 76' lang='lat' dir='ltr'><strong>suit</strong></span> <span class='ocrx_word' id='word_1_155' title='bbox 1054 1395 1204 1439; x_wconf 80' lang='lat' dir='ltr'><strong>eritque,</strong></span> <span class='ocrx_word' id='word_1_156' title='bbox 1228 1396 1319 1428; x_wconf 77' lang='lat' dir='ltr'><strong>unde</strong></span> <span class='ocrx_word' id='word_1_157' title='bbox 1345 1394 1425 1429; x_wconf 77' lang='lat' dir='ltr'><strong>belli</strong></span> <span class='ocrx_word' id='word_1_158' title='bbox 1442 1397 1503 1429; x_wconf 84' lang='lat' dir='ltr'><strong>de-</strong></span> 
     </span>
     <span class='ocr_line' id='line_1_18' title="bbox 116 1455 1503 1501; baseline -0.001 -11"><span class='ocrx_word' id='word_1_159' title='bbox 116 1469 174 1490; x_wconf 86' lang='lat' dir='ltr'><strong>cus</strong></span> <span class='ocrx_word' id='word_1_160' title='bbox 195 1457 434 1501; x_wconf 82' lang='lat' dir='ltr'><strong>pariatur,</strong></span> <span class='ocrx_word' id='word_1_161' title='bbox 463 1459 497 1488; x_wconf 86' lang='lat' dir='ltr'><strong>et</strong></span> <span class='ocrx_word' id='word_1_162' title='bbox 522 1455 592 1488; x_wconf 88' lang='lat' dir='ltr'><strong>Cic.</strong></span> <span class='ocrx_word' id='word_1_163' title='bbox 622 1456 664 1488; x_wconf 90' lang='lat' dir='ltr'><strong>de</strong></span> <span class='ocrx_word' id='word_1_164' title='bbox 694 1456 765 1489; x_wconf 83' lang='lat' dir='ltr'><strong>Off.</strong></span> <span class='ocrx_word' id='word_1_165' title='bbox 793 1457 838 1496; x_wconf 88' lang='lat'><strong>11,</strong></span> <span class='ocrx_word' id='word_1_166' title='bbox 869 1456 904 1498; x_wconf 88' lang='lat'><strong>9,</strong></span> <span class='ocrx_word' id='word_1_167' title='bbox 935 1456 969 1490; x_wconf 82' lang='lat'><strong>3.</strong></span> <span class='ocrx_word' id='word_1_168' title='bbox 1018 1455 1116 1488; x_wconf 83' lang='lat' dir='ltr'><strong>Ilaec</strong></span> <span class='ocrx_word' id='word_1_169' title='bbox 1148 1455 1268 1500; x_wconf 75' lang='lat' dir='ltr'><strong>quibus</strong></span> <span class='ocrx_word' id='word_1_170' title='bbox 1301 1456 1403 1488; x_wconf 79' lang='lat' dir='ltr'><strong>rebus</strong></span> <span class='ocrx_word' id='word_1_171' title='bbox 1423 1467 1503 1500; x_wconf 84' lang='lat' dir='ltr'><strong>pa-</strong></span> 
     </span>
     <span class='ocr_line' id='line_1_19' title="bbox 114 1515 1502 1560; baseline -0.001 -9"><span class='ocrx_word' id='word_1_172' title='bbox 114 1518 242 1552; x_wconf 78' lang='lat' dir='ltr'><strong>riunt</strong></span> <span class='ocrx_word' id='word_1_173' title='bbox 256 1529 306 1551; x_wconf 82' lang='lat' dir='ltr'><strong>ur</strong></span> <span class='ocrx_word' id='word_1_174' title='bbox 328 1529 351 1550; x_wconf 85' lang='lat' dir='ltr'><strong>a</strong></span> <span class='ocrx_word' id='word_1_175' title='bbox 374 1516 541 1560; x_wconf 78' lang='lat' dir='ltr'><strong>singulis,</strong></span> <span class='ocrx_word' id='word_1_176' title='bbox 564 1516 686 1549; x_wconf 80' lang='lat' dir='ltr'><strong>iisdem</strong></span> <span class='ocrx_word' id='word_1_177' title='bbox 700 1519 780 1560; x_wconf 74' lang='lat' dir='ltr'><strong>scre</strong></span> <span class='ocrx_word' id='word_1_178' title='bbox 801 1529 823 1550; x_wconf 85' lang='lat' dir='ltr'><strong>a</strong></span> <span class='ocrx_word' id='word_1_179' title='bbox 838 1516 1080 1556; x_wconf 80' lang='lat' dir='ltr'><strong>multitudiue,</strong></span> <span class='ocrx_word' id='word_1_180' title='bbox 1104 1515 1164 1548; x_wconf 91' lang='lat' dir='ltr'><strong>ubi</strong></span> <span class='ocrx_word' id='word_1_181' title='bbox 1191 1525 1223 1548; x_wconf 87' lang='lat' dir='ltr'><strong>v.</strong></span> <span class='ocrx_word' id='word_1_182' title='bbox 1244 1515 1304 1548; x_wconf 86' lang='lat' dir='ltr'><strong>Fr.</strong></span> <span class='ocrx_word' id='word_1_183' title='bbox 1329 1515 1502 1560; x_wconf 79' lang='lat' dir='ltr'><strong>Heusing.</strong></span> 
     </span>
     <span class='ocr_line' id='line_1_20' title="bbox 114 1575 1503 1617; baseline -0.001 -5"><span class='ocrx_word' id='word_1_184' title='bbox 114 1579 222 1612; x_wconf 85' lang='lat' dir='ltr'><strong>Plura</strong></span> <span class='ocrx_word' id='word_1_185' title='bbox 256 1577 401 1612; x_wconf 86' lang='lat' dir='ltr'><strong>contulit</strong></span> <span class='ocrx_word' id='word_1_186' title='bbox 431 1576 691 1610; x_wconf 83' lang='lat' dir='ltr'><strong>Drakenborch.</strong></span> <span class='ocrx_word' id='word_1_187' title='bbox 725 1578 768 1609; x_wconf 87' lang='lat' dir='ltr'><strong>ad</strong></span> <span class='ocrx_word' id='word_1_188' title='bbox 799 1577 875 1611; x_wconf 83' lang='lat' dir='ltr'><strong>Liv.</strong></span> <span class='ocrx_word' id='word_1_189' title='bbox 907 1577 1012 1615; x_wconf 67' lang='lat' dir='ltr'><strong>an,</strong></span> <span class='ocrx_word' id='word_1_190' title='bbox 1045 1576 1102 1617; x_wconf 89' lang='lat'><strong>11,</strong></span> <span class='ocrx_word' id='word_1_191' title='bbox 1127 1575 1159 1609; x_wconf 85' lang='lat'><strong>9.</strong></span> <span class='ocrx_word' id='word_1_192' title='bbox 1185 1577 1328 1609; x_wconf 80' lang='lat' dir='ltr'><strong>Ruhnk.</strong></span> <span class='ocrx_word' id='word_1_193' title='bbox 1353 1576 1398 1610; x_wconf 73' lang='lat' dir='ltr'><strong>acl</strong></span> <span class='ocrx_word' id='word_1_194' title='bbox 1420 1578 1503 1611; x_wconf 88' lang='lat' dir='ltr'><strong>Ter.</strong></span> 
     </span>
     <span class='ocr_line' id='line_1_21' title="bbox 113 1636 1501 1681; baseline -0.001 -9"><span class='ocrx_word' id='word_1_195' title='bbox 113 1639 203 1672; x_wconf 90' lang='lat' dir='ltr'><strong>Eun.</strong></span> <span class='ocrx_word' id='word_1_196' title='bbox 220 1639 246 1680; x_wconf 88' lang='lat'><strong>1,</strong></span> <span class='ocrx_word' id='word_1_197' title='bbox 263 1638 297 1681; x_wconf 84' lang='lat'><strong>2,</strong></span> <span class='ocrx_word' id='word_1_198' title='bbox 322 1638 379 1671; x_wconf 78' lang='lat'><strong>69.</strong></span> <span class='ocrx_word' id='word_1_199' title='bbox 400 1655 445 1662; x_wconf 89' lang='lat'>—</span> <span class='ocrx_word' id='word_1_200' title='bbox 474 1637 556 1670; x_wconf 83' lang='lat' dir='ltr'><strong>Tuis</strong></span> <span class='ocrx_word' id='word_1_201' title='bbox 580 1638 686 1670; x_wconf 76' lang='lat' dir='ltr'><strong>hostis</strong></span> <span class='ocrx_word' id='word_1_202' title='bbox 709 1637 902 1670; x_wconf 81' lang='lat' dir='ltr'><strong>Muellerus</strong></span> <span class='ocrx_word' id='word_1_203' title='bbox 936 1636 1019 1670; x_wconf 78' lang='lat' dir='ltr'><strong>satis</strong></span> <span class='ocrx_word' id='word_1_204' title='bbox 1053 1636 1169 1670; x_wconf 83' lang='lat' dir='ltr'><strong>ieiune</strong></span> <span class='ocrx_word' id='word_1_205' title='bbox 1193 1636 1242 1670; x_wconf 82' lang='lat' dir='ltr'><strong>ait</strong></span> <span class='ocrx_word' id='word_1_206' title='bbox 1275 1648 1337 1679; x_wconf 87' lang='lat' dir='ltr'><strong>pro</strong></span> <span class='ocrx_word' id='word_1_207' title='bbox 1359 1636 1501 1681; x_wconf 81' lang='lat' dir='ltr'><strong>vulgari</strong></span> 
     </span>
     <span class='ocr_line' id='line_1_22' title="bbox 113 1697 1502 1739; baseline 0 -7"><span class='ocrx_word' id='word_1_208' title='bbox 113 1702 296 1732; x_wconf 82' lang='lat' dir='ltr'><strong>tuorum</strong></span> <span class='ocrx_word' id='word_1_209' title='bbox 321 1697 424 1731; x_wconf 81' lang='lat' dir='ltr'><strong>hostis</strong></span> <span class='ocrx_word' id='word_1_210' title='bbox 449 1697 578 1730; x_wconf 79' lang='lat' dir='ltr'><strong>dictum</strong></span> <span class='ocrx_word' id='word_1_211' title='bbox 603 1709 697 1739; x_wconf 73' lang='lat' dir='ltr'><strong>csse3</strong></span> <span class='ocrx_word' id='word_1_212' title='bbox 722 1698 766 1731; x_wconf 87' lang='lat' dir='ltr'><strong>ad</strong></span> <span class='ocrx_word' id='word_1_213' title='bbox 792 1697 910 1731; x_wconf 87' lang='lat' dir='ltr'><strong>damni</strong></span> <span class='ocrx_word' id='word_1_214' title='bbox 935 1697 1026 1730; x_wconf 91' lang='lat' dir='ltr'><strong>enim</strong></span> <span class='ocrx_word' id='word_1_215' title='bbox 1044 1697 1221 1731; x_wconf 88' lang='lat' dir='ltr'><strong>notionem</strong></span> <span class='ocrx_word' id='word_1_216' title='bbox 1245 1697 1402 1731; x_wconf 82' lang='lat' dir='ltr'><strong>dativum</strong></span> <span class='ocrx_word' id='word_1_217' title='bbox 1427 1709 1502 1732; x_wconf 78' lang='lat' dir='ltr'><strong>esse</strong></span> 
     </span>
     <span class='ocr_line' id='line_1_23' title="bbox 111 1757 1499 1803; baseline 0.001 -11"><span class='ocrx_word' id='word_1_218' title='bbox 111 1759 222 1792; x_wconf 89' lang='lat' dir='ltr'><strong>multo</strong></span> <span class='ocrx_word' id='word_1_219' title='bbox 246 1757 556 1803; x_wconf 77' lang='lat' dir='ltr'><strong>significantiorem</strong></span> <span class='ocrx_word' id='word_1_220' title='bbox 582 1757 658 1800; x_wconf 85' lang='lat' dir='ltr'><strong>quis</strong></span> <span class='ocrx_word' id='word_1_221' title='bbox 673 1768 741 1790; x_wconf 92' lang='lat' dir='ltr'><strong>non</strong></span> <span class='ocrx_word' id='word_1_222' title='bbox 764 1757 886 1790; x_wconf 55' lang='lat' dir='ltr'><strong>videt?</strong></span> <span class='ocrx_word' id='word_1_223' title='bbox 911 1758 1050 1791; x_wconf 80' lang='lat' dir='ltr'><strong>Cortius</strong></span> <span class='ocrx_word' id='word_1_224' title='bbox 1074 1758 1234 1802; x_wconf 77' lang='lat' dir='ltr'><strong>ascripsit</strong></span> <span class='ocrx_word' id='word_1_225' title='bbox 1254 1759 1370 1792; x_wconf 85' lang='lat' dir='ltr'><strong>Plaut.</strong></span> <span class='ocrx_word' id='word_1_226' title='bbox 1393 1759 1499 1794; x_wconf 83' lang='lat' dir='ltr'><strong>Poen.</strong></span> 
     </span>
     <span class='ocr_line' id='line_1_24' title="bbox 113 1815 1498 1862; baseline 0.003 -14"><span class='ocrx_word' id='word_1_227' title='bbox 113 1816 152 1857; x_wconf 86' lang='lat' dir='ltr'><strong>V,</strong></span> <span class='ocrx_word' id='word_1_228' title='bbox 178 1815 214 1857; x_wconf 83' lang='lat'><strong>4,</strong></span> <span class='ocrx_word' id='word_1_229' title='bbox 237 1815 295 1850; x_wconf 77' lang='lat'><strong>43.</strong></span> <span class='ocrx_word' id='word_1_230' title='bbox 346 1817 415 1850; x_wconf 74' lang='lat' dir='ltr'><strong>Sed</strong></span> <span class='ocrx_word' id='word_1_231' title='bbox 435 1818 509 1862; x_wconf 81' lang='lat' dir='ltr'><strong>quis</strong></span> <span class='ocrx_word' id='word_1_232' title='bbox 527 1818 625 1851; x_wconf 82' lang='lat' dir='ltr'><strong>homo</strong></span> <span class='ocrx_word' id='word_1_233' title='bbox 654 1816 733 1851; x_wconf 86' lang='lat' dir='ltr'><strong>est?</strong></span> <span class='ocrx_word' id='word_1_234' title='bbox 762 1837 806 1842; x_wconf 89' lang='lat'><strong>-—</strong></span> <span class='ocrx_word' id='word_1_235' title='bbox 840 1818 1025 1851; x_wconf 85' lang='lat' dir='ltr'><strong><em>Amicus</em></strong></span> <span class='ocrx_word' id='word_1_236' title='bbox 1058 1819 1159 1851; x_wconf 79' lang='lat' dir='ltr'><strong>tibi.</strong></span> <span class='ocrx_word' id='word_1_237' title='bbox 1184 1818 1261 1852; x_wconf 83' lang='lat' dir='ltr'><strong>Liv.</strong></span> <span class='ocrx_word' id='word_1_238' title='bbox 1289 1819 1416 1860; x_wconf 77' lang='lat' dir='ltr'><strong>XXVI,</strong></span> <span class='ocrx_word' id='word_1_239' title='bbox 1439 1818 1498 1862; x_wconf 82' lang='lat'><strong>50,</strong></span> 
     </span>
     <span class='ocr_line' id='line_1_25' title="bbox 110 1864 1495 1922; baseline 0.003 -13"><span class='ocrx_word' id='word_1_240' title='bbox 110 1874 145 1908; x_wconf 78' lang='grc'><strong>7.</strong></span> <span class='ocrx_word' id='word_1_241' title='bbox 164 1874 199 1909; x_wconf 83' lang='grc'><strong>8.</strong></span> <span class='ocrx_word' id='word_1_242' title='bbox 231 1876 418 1909; x_wconf 86' lang='lat' dir='ltr'><strong>Praeterea</strong></span> <span class='ocrx_word' id='word_1_243' title='bbox 442 1876 488 1908; x_wconf 76' lang='lat' dir='ltr'><strong>cf.</strong></span> <span class='ocrx_word' id='word_1_244' title='bbox 520 1876 562 1909; x_wconf 84' lang='lat' dir='ltr'><strong>ad</strong></span> <span class='ocrx_word' id='word_1_245' title='bbox 588 1877 665 1910; x_wconf 86' lang='lat' dir='ltr'><strong>Cat.</strong></span> <span class='ocrx_word' id='word_1_246' title='bbox 690 1878 766 1919; x_wconf 82' lang='lat' dir='ltr'><strong>XL,</strong></span> <span class='ocrx_word' id='word_1_247' title='bbox 790 1864 826 1914; x_wconf 86' lang='lat'><strong>3.</strong></span> <span class='ocrx_word' id='word_1_248' title='bbox 852 1891 884 1922; x_wconf 87' lang='lat' dir='ltr'><strong>p.</strong></span> <span class='ocrx_word' id='word_1_249' title='bbox 914 1877 992 1913; x_wconf 87' lang='lat'>188.</span> <span class='ocrx_word' id='word_1_250' title='bbox 1041 1877 1160 1912; x_wconf 78' lang='lat' dir='ltr'><strong>Hostis</strong></span> <span class='ocrx_word' id='word_1_251' title='bbox 1183 1883 1302 1912; x_wconf 87' lang='lat' dir='ltr'><strong>autem</strong></span> <span class='ocrx_word' id='word_1_252' title='bbox 1324 1890 1410 1913; x_wconf 86' lang='lat' dir='ltr'><strong>cave</strong></span> <span class='ocrx_word' id='word_1_253' title='bbox 1433 1891 1495 1922; x_wconf 93' lang='lat' dir='ltr'><strong>pu-</strong></span> 
     </span>
     <span class='ocr_line' id='line_1_26' title="bbox 109 1936 1497 1983; baseline 0.004 -14"><span class='ocrx_word' id='word_1_254' title='bbox 109 1939 162 1969; x_wconf 78' lang='lat' dir='ltr'><strong>tes</strong></span> <span class='ocrx_word' id='word_1_255' title='bbox 184 1936 221 1969; x_wconf 83' lang='lat' dir='ltr'><strong>h.</strong></span> <span class='ocrx_word' id='word_1_256' title='bbox 251 1936 275 1971; x_wconf 94' lang='grc'><strong>1.</strong></span> <span class='ocrx_word' id='word_1_257' title='bbox 299 1947 362 1979; x_wconf 92' lang='lat' dir='ltr'><strong>pro</strong></span> <span class='ocrx_word' id='word_1_258' title='bbox 387 1936 524 1970; x_wconf 78' lang='lat' dir='ltr'><strong>inimico</strong></span> <span class='ocrx_word' id='word_1_259' title='bbox 557 1936 690 1971; x_wconf 87' lang='lat' dir='ltr'><strong>dictum</strong></span> <span class='ocrx_word' id='word_1_260' title='bbox 724 1949 809 1974; x_wconf 82' lang='lat' dir='ltr'><strong>esse.</strong></span> <span class='ocrx_word' id='word_1_261' title='bbox 858 1939 950 1972; x_wconf 82' lang='lat' dir='ltr'><strong>Inter</strong></span> <span class='ocrx_word' id='word_1_262' title='bbox 973 1949 1063 1981; x_wconf 84' lang='lat' dir='ltr'><strong>quae</strong></span> <span class='ocrx_word' id='word_1_263' title='bbox 1088 1939 1262 1973; x_wconf 75' lang='lat' dir='ltr'><strong>vocabula</strong></span> <span class='ocrx_word' id='word_1_264' title='bbox 1284 1951 1497 1983; x_wconf 85' lang='lat' dir='ltr'><strong>quamquam</strong></span> 
     </span>
     <span class='ocr_line' id='line_1_27' title="bbox 108 1996 1497 2042; baseline 0.004 -13"><span class='ocrx_word' id='word_1_265' title='bbox 108 1999 202 2029; x_wconf 81' lang='lat' dir='ltr'><strong>recte</strong></span> <span class='ocrx_word' id='word_1_266' title='bbox 225 1996 276 2030; x_wconf 85' lang='lat' dir='ltr'><strong>ita</strong></span> <span class='ocrx_word' id='word_1_267' title='bbox 293 1996 531 2041; x_wconf 81' lang='lat' dir='ltr'><strong>distinguitur,</strong></span> <span class='ocrx_word' id='word_1_268' title='bbox 556 2001 595 2030; x_wconf 87' lang='lat' dir='ltr'><strong>ut</strong></span> <span class='ocrx_word' id='word_1_269' title='bbox 617 1998 685 2031; x_wconf 88' lang='lat' dir='ltr'><strong>hoc</strong></span> <span class='ocrx_word' id='word_1_270' title='bbox 709 1999 863 2042; x_wconf 71' lang='lat' dir='ltr'><strong>privatas</strong></span> <span class='ocrx_word' id='word_1_271' title='bbox 880 2010 922 2033; x_wconf 88' lang='lat' dir='ltr'><strong>ac</strong></span> <span class='ocrx_word' id='word_1_272' title='bbox 945 1999 1144 2040; x_wconf 80' lang='lat' dir='ltr'><strong>verborum,</strong></span> <span class='ocrx_word' id='word_1_273' title='bbox 1172 1999 1259 2032; x_wconf 88' lang='lat' dir='ltr'><strong>illud</strong></span> <span class='ocrx_word' id='word_1_274' title='bbox 1285 1999 1441 2042; x_wconf 84' lang='lat' dir='ltr'><strong>publicas</strong></span> <span class='ocrx_word' id='word_1_275' title='bbox 1462 2004 1497 2035; x_wconf 86' lang='lat' dir='ltr'><strong>et</strong></span> 
     </span>
     <span class='ocr_line' id='line_1_28' title="bbox 109 2056 1496 2101; baseline 0.004 -12"><span class='ocrx_word' id='word_1_276' title='bbox 109 2066 288 2090; x_wconf 83' lang='lat' dir='ltr'><strong>armorum</strong></span> <span class='ocrx_word' id='word_1_277' title='bbox 312 2056 544 2090; x_wconf 83' lang='lat' dir='ltr'><strong>contentiones</strong></span> <span class='ocrx_word' id='word_1_278' title='bbox 566 2057 749 2101; x_wconf 82' lang='lat' dir='ltr'><strong>significet,</strong></span> <span class='ocrx_word' id='word_1_279' title='bbox 773 2059 937 2092; x_wconf 88' lang='lat' dir='ltr'><strong>tamenin</strong></span> <span class='ocrx_word' id='word_1_280' title='bbox 961 2057 1064 2101; x_wconf 83' lang='lat' dir='ltr'><strong>gravi</strong></span> <span class='ocrx_word' id='word_1_281' title='bbox 1087 2058 1243 2091; x_wconf 82' lang='lat' dir='ltr'><strong>oratione</strong></span> <span class='ocrx_word' id='word_1_282' title='bbox 1261 2059 1367 2093; x_wconf 81' lang='lat' dir='ltr'><strong>hostis</strong></span> <span class='ocrx_word' id='word_1_283' title='bbox 1389 2060 1496 2094; x_wconf 80' lang='lat' dir='ltr'><strong>etiam</strong></span> 
     </span>
     <span class='ocr_line' id='line_1_29' title="bbox 109 2115 1495 2164; baseline 0.005 -16"><span class='ocrx_word' id='word_1_284' title='bbox 109 2115 140 2149; x_wconf 79' lang='lat' dir='ltr'><strong>is</strong></span> <span class='ocrx_word' id='word_1_285' title='bbox 162 2116 282 2149; x_wconf 73' lang='lat' dir='ltr'><strong>vocari</strong></span> <span class='ocrx_word' id='word_1_286' title='bbox 306 2120 438 2159; x_wconf 84' lang='lat' dir='ltr'><strong>potest,</strong></span> <span class='ocrx_word' id='word_1_287' title='bbox 462 2116 560 2149; x_wconf 86' lang='lat' dir='ltr'><strong>cuius</strong></span> <span class='ocrx_word' id='word_1_288' title='bbox 584 2118 701 2151; x_wconf 89' lang='lat' dir='ltr'><strong>odium</strong></span> <span class='ocrx_word' id='word_1_289' title='bbox 727 2118 762 2151; x_wconf 92' lang='lat' dir='ltr'><strong>in</strong></span> <span class='ocrx_word' id='word_1_290' title='bbox 786 2120 937 2162; x_wconf 82' lang='lat' dir='ltr'><strong>aliquem</strong></span> <span class='ocrx_word' id='word_1_291' title='bbox 954 2122 1051 2151; x_wconf 80' lang='lat' dir='ltr'><strong>tanta</strong></span> <span class='ocrx_word' id='word_1_292' title='bbox 1077 2118 1114 2151; x_wconf 80' lang='lat' dir='ltr'><strong>vi</strong></span> <span class='ocrx_word' id='word_1_293' title='bbox 1137 2119 1310 2164; x_wconf 82' lang='lat' dir='ltr'><strong>erumpit,</strong></span> <span class='ocrx_word' id='word_1_294' title='bbox 1333 2124 1371 2154; x_wconf 86' lang='lat' dir='ltr'><strong>ut</strong></span> <span class='ocrx_word' id='word_1_295' title='bbox 1393 2121 1495 2155; x_wconf 79' lang='lat' dir='ltr'><strong>factis</strong></span> 
     </span>
     <span class='ocr_line' id='line_1_30' title="bbox 108 2174 1494 2225; baseline 0.004 -17"><span class='ocrx_word' id='word_1_296' title='bbox 108 2185 178 2209; x_wconf 86' lang='lat' dir='ltr'><strong>non</strong></span> <span class='ocrx_word' id='word_1_297' title='bbox 205 2174 394 2216; x_wconf 82' lang='lat' dir='ltr'><strong>abstineat,</strong></span> <span class='ocrx_word' id='word_1_298' title='bbox 417 2176 452 2209; x_wconf 88' lang='lat' dir='ltr'><strong>in</strong></span> <span class='ocrx_word' id='word_1_299' title='bbox 476 2177 570 2210; x_wconf 89' lang='lat' dir='ltr'><strong>bello</strong></span> <span class='ocrx_word' id='word_1_300' title='bbox 597 2181 734 2210; x_wconf 86' lang='lat' dir='ltr'><strong>tantum</strong></span> <span class='ocrx_word' id='word_1_301' title='bbox 758 2178 930 2212; x_wconf 84' lang='lat' dir='ltr'><strong>committi</strong></span> <span class='ocrx_word' id='word_1_302' title='bbox 955 2178 1087 2218; x_wconf 71' lang='lat' dir='ltr'><strong>sotitis3</strong></span> <span class='ocrx_word' id='word_1_303' title='bbox 1119 2179 1165 2211; x_wconf 77' lang='lat' dir='ltr'><strong>cf.</strong></span> <span class='ocrx_word' id='word_1_304' title='bbox 1188 2179 1333 2225; x_wconf 81' lang='lat' dir='ltr'><strong>Fragm.</strong></span> <span class='ocrx_word' id='word_1_305' title='bbox 1356 2180 1450 2215; x_wconf 77' lang='lat' dir='ltr'><strong>Hist.</strong></span> <span class='ocrx_word' id='word_1_306' title='bbox 1465 2182 1494 2225; x_wconf 91' lang='lat'><strong>1,</strong></span> 
     </span>
     <span class='ocr_line' id='line_1_31' title="bbox 108 2233 1494 2282; baseline 0.006 -16"><span class='ocrx_word' id='word_1_307' title='bbox 108 2233 167 2276; x_wconf 87' lang='grc'><strong>19,</strong></span> <span class='ocrx_word' id='word_1_308' title='bbox 193 2233 248 2268; x_wconf 87' lang='lat'><strong>15.</strong></span> <span class='ocrx_word' id='word_1_309' title='bbox 273 2235 345 2268; x_wconf 88' lang='lat' dir='ltr'><strong>Cic.</strong></span> <span class='ocrx_word' id='word_1_310' title='bbox 379 2234 422 2267; x_wconf 84' lang='lat' dir='ltr'><strong>de</strong></span> <span class='ocrx_word' id='word_1_311' title='bbox 453 2235 554 2269; x_wconf 88' lang='lat' dir='ltr'><strong>Finn.</strong></span> <span class='ocrx_word' id='word_1_312' title='bbox 580 2236 631 2279; x_wconf 78' lang='lat' dir='ltr'><strong>V,</strong></span> <span class='ocrx_word' id='word_1_313' title='bbox 663 2237 731 2281; x_wconf 88' lang='grc'><strong>10,</strong></span> <span class='ocrx_word' id='word_1_314' title='bbox 755 2238 811 2272; x_wconf 82' lang='grc'><strong>29.</strong></span> <span class='ocrx_word' id='word_1_315' title='bbox 846 2238 881 2272; x_wconf 86' lang='grc' dir='ltr'><strong>ἱη</strong></span> <span class='ocrx_word' id='word_1_316' title='bbox 913 2239 1012 2272; x_wconf 83' lang='lat' dir='ltr'><strong>Verr.</strong></span> <span class='ocrx_word' id='word_1_317' title='bbox 1035 2239 1088 2282; x_wconf 89' lang='lat' dir='ltr'><strong>ll,</strong></span> <span class='ocrx_word' id='word_1_318' title='bbox 1106 2239 1166 2281; x_wconf 77' lang='lat'><strong>24,</strong></span> <span class='ocrx_word' id='word_1_319' title='bbox 1190 2239 1247 2274; x_wconf 82' lang='lat'><strong>58.</strong></span> <span class='ocrx_word' id='word_1_320' title='bbox 1293 2241 1494 2275; x_wconf 85' lang='lat' dir='ltr'><strong>Doederlini</strong></span> 
     </span>
     <span class='ocr_line' id='line_1_32' title="bbox 107 2294 1490 2345; baseline 0.005 -17"><span class='ocrx_word' id='word_1_321' title='bbox 107 2294 239 2339; x_wconf 80' lang='lat' dir='ltr'><strong>synon.</strong></span> <span class='ocrx_word' id='word_1_322' title='bbox 273 2296 350 2332; x_wconf 81' lang='lat' dir='ltr'><strong>Lat.</strong></span> <span class='ocrx_word' id='word_1_323' title='bbox 382 2297 458 2329; x_wconf 70' lang='lat' dir='ltr'><strong>Vol.</strong></span> <span class='ocrx_word' id='word_1_324' title='bbox 492 2298 549 2330; x_wconf 77' lang='lat' dir='ltr'><strong>lv.</strong></span> <span class='ocrx_word' id='word_1_325' title='bbox 579 2309 614 2341; x_wconf 88' lang='lat' dir='ltr'><strong>p.</strong></span> <span class='ocrx_word' id='word_1_326' title='bbox 637 2297 706 2332; x_wconf 76' lang='lat'><strong>394</strong></span> <span class='ocrx_word' id='word_1_327' title='bbox 728 2311 778 2343; x_wconf 82' lang='lat' dir='ltr'><strong>sq.</strong></span> <span class='ocrx_word' id='word_1_328' title='bbox 802 2319 846 2324; x_wconf 94' lang='lat'><strong>—</strong></span> <span class='ocrx_word' id='word_1_329' title='bbox 883 2300 1051 2344; x_wconf 80' lang='lat' dir='ltr'><strong>Equidem</strong></span> <span class='ocrx_word' id='word_1_330' title='bbox 1085 2312 1152 2345; x_wconf 83' lang='lat' dir='ltr'><strong>ego</strong></span> <span class='ocrx_word' id='word_1_331' title='bbox 1184 2312 1228 2333; x_wconf 84' lang='lat' dir='ltr'><strong>ne</strong></span> <span class='ocrx_word' id='word_1_332' title='bbox 1259 2301 1411 2345; x_wconf 79' lang='lat' dir='ltr'><strong>amplius</strong></span> <span class='ocrx_word' id='word_1_333' title='bbox 1448 2314 1490 2336; x_wconf 91' lang='lat' dir='ltr'><strong>eo</strong></span> 
     </span>
     <span class='ocr_line' id='line_1_33' title="bbox 105 2356 1492 2406; baseline 0.006 -17"><span class='ocrx_word' id='word_1_334' title='bbox 105 2356 211 2390; x_wconf 88' lang='lat' dir='ltr'><strong>modo</strong></span> <span class='ocrx_word' id='word_1_335' title='bbox 235 2356 424 2400; x_wconf 83' lang='lat' dir='ltr'><strong>explicem,</strong></span> <span class='ocrx_word' id='word_1_336' title='bbox 461 2369 566 2401; x_wconf 90' lang='lat' dir='ltr'><strong>quem</strong></span> <span class='ocrx_word' id='word_1_337' title='bbox 591 2359 635 2392; x_wconf 86' lang='lat' dir='ltr'><strong>ad</strong></span> <span class='ocrx_word' id='word_1_338' title='bbox 659 2359 734 2393; x_wconf 82' lang='lat' dir='ltr'><strong>cat.</strong></span> <span class='ocrx_word' id='word_1_339' title='bbox 759 2360 815 2401; x_wconf 83' lang='lat' dir='ltr'><strong>LI,</strong></span> <span class='ocrx_word' id='word_1_340' title='bbox 838 2359 895 2394; x_wconf 81' lang='lat'><strong>20.</strong></span> <span class='ocrx_word' id='word_1_341' title='bbox 921 2372 954 2404; x_wconf 89' lang='lat' dir='ltr'><strong>p.</strong></span> <span class='ocrx_word' id='word_1_342' title='bbox 972 2360 1051 2395; x_wconf 75' lang='lat'><strong>248.</strong></span> <span class='ocrx_word' id='word_1_343' title='bbox 1076 2361 1262 2406; x_wconf 70' lang='lat' dir='ltr'><strong>propoeui,</strong></span> <span class='ocrx_word' id='word_1_344' title='bbox 1285 2373 1492 2406; x_wconf 83' lang='lat' dir='ltr'><strong>permoveor</strong></span> 
     </span>
     <span class='ocr_line' id='line_1_34' title="bbox 104 2416 1490 2467; baseline 0.005 -16"><span class='ocrx_word' id='word_1_345' title='bbox 104 2416 239 2451; x_wconf 87' lang='lat' dir='ltr'><strong>Handii</strong></span> <span class='ocrx_word' id='word_1_346' title='bbox 265 2417 446 2461; x_wconf 85' lang='lat' dir='ltr'><strong>acumine,</strong></span> <span class='ocrx_word' id='word_1_347' title='bbox 482 2418 541 2462; x_wconf 87' lang='lat' dir='ltr'><strong>qui</strong></span> <span class='ocrx_word' id='word_1_348' title='bbox 574 2419 616 2452; x_wconf 85' lang='lat' dir='ltr'><strong>de</strong></span> <span class='ocrx_word' id='word_1_349' title='bbox 638 2418 786 2453; x_wconf 82' lang='lat' dir='ltr'><strong>Particc.</strong></span> <span class='ocrx_word' id='word_1_350' title='bbox 811 2420 901 2454; x_wconf 84' lang='lat' dir='ltr'><strong>Latt.</strong></span> <span class='ocrx_word' id='word_1_351' title='bbox 935 2422 1012 2456; x_wconf 70' lang='lat' dir='ltr'><strong>Vol.</strong></span> <span class='ocrx_word' id='word_1_352' title='bbox 1032 2423 1076 2456; x_wconf 87' lang='lat'><strong>11.</strong></span> <span class='ocrx_word' id='word_1_353' title='bbox 1103 2435 1139 2467; x_wconf 92' lang='lat' dir='ltr'><strong>p.</strong></span> <span class='ocrx_word' id='word_1_354' title='bbox 1162 2422 1234 2457; x_wconf 77' lang='lat'><strong>423</strong></span> <span class='ocrx_word' id='word_1_355' title='bbox 1254 2434 1316 2466; x_wconf 83' lang='lat' dir='ltr'><strong>sqq</strong></span> <span class='ocrx_word' id='word_1_356' title='bbox 1332 2448 1343 2464; x_wconf 91' lang='lat'><strong>‚</strong></span> <span class='ocrx_word' id='word_1_357' title='bbox 1367 2434 1490 2467; x_wconf 81' lang='lat' dir='ltr'><strong>quam-</strong></span> 
     </span>
     <span class='ocr_line' id='line_1_35' title="bbox 104 2477 1489 2527; baseline 0.006 -17"><span class='ocrx_word' id='word_1_358' title='bbox 104 2487 211 2521; x_wconf 83' lang='lat' dir='ltr'><strong>quam</strong></span> <span class='ocrx_word' id='word_1_359' title='bbox 236 2477 356 2521; x_wconf 81' lang='lat' dir='ltr'><strong>paullo</strong></span> <span class='ocrx_word' id='word_1_360' title='bbox 379 2477 414 2511; x_wconf 87' lang='lat' dir='ltr'><strong>in</strong></span> <span class='ocrx_word' id='word_1_361' title='bbox 439 2489 517 2520; x_wconf 90' lang='lat' dir='ltr'><strong>me,</strong></span> <span class='ocrx_word' id='word_1_362' title='bbox 553 2478 611 2522; x_wconf 90' lang='lat' dir='ltr'><strong>qui</strong></span> <span class='ocrx_word' id='word_1_363' title='bbox 640 2477 732 2514; x_wconf 79' lang='lat' dir='ltr'><strong>facio</strong></span> <span class='ocrx_word' id='word_1_364' title='bbox 767 2492 847 2514; x_wconf 85' lang='lat' dir='ltr'><strong>eum</strong></span> <span class='ocrx_word' id='word_1_365' title='bbox 878 2481 1043 2526; x_wconf 85' lang='lat' dir='ltr'><strong>plurimi,</strong></span> <span class='ocrx_word' id='word_1_366' title='bbox 1074 2483 1163 2517; x_wconf 71' lang='lat' dir='ltr'><strong>laesi</strong></span> <span class='ocrx_word' id='word_1_367' title='bbox 1195 2495 1392 2527; x_wconf 85' lang='lat' dir='ltr'><strong>uunquam,</strong></span> <span class='ocrx_word' id='word_1_368' title='bbox 1417 2485 1489 2519; x_wconf 85' lang='lat' dir='ltr'><strong>ira-</strong></span> 
     </span>
     <span class='ocr_line' id='line_1_36' title="bbox 104 2536 1490 2589; baseline 0.008 -20"><span class='ocrx_word' id='word_1_369' title='bbox 104 2536 270 2580; x_wconf 81' lang='lat' dir='ltr'><strong>cundior,</strong></span> <span class='ocrx_word' id='word_1_370' title='bbox 297 2538 492 2572; x_wconf 85' lang='lat' dir='ltr'><strong>luculenter</strong></span> <span class='ocrx_word' id='word_1_371' title='bbox 514 2539 632 2573; x_wconf 87' lang='lat' dir='ltr'><strong>docuit</strong></span> <span class='ocrx_word' id='word_1_372' title='bbox 656 2541 812 2585; x_wconf 80' lang='lat' dir='ltr'><strong>equidem</strong></span> <span class='ocrx_word' id='word_1_373' title='bbox 835 2541 1050 2587; x_wconf 79' lang='lat' dir='ltr'><strong>particulae,</strong></span> <span class='ocrx_word' id='word_1_374' title='bbox 1075 2542 1204 2586; x_wconf 87' lang='lat' dir='ltr'><strong>quippe</strong></span> <span class='ocrx_word' id='word_1_375' title='bbox 1228 2555 1269 2578; x_wconf 85' lang='lat' dir='ltr'><strong>ex</strong></span> <span class='ocrx_word' id='word_1_376' title='bbox 1293 2544 1430 2589; x_wconf 80' lang='lat' dir='ltr'><strong>quidem</strong></span> <span class='ocrx_word' id='word_1_377' title='bbox 1454 2549 1490 2581; x_wconf 83' lang='lat' dir='ltr'><strong>ct</strong></span> 
     </span>
     <span class='ocr_line' id='line_1_37' title="bbox 105 2597 1488 2646; baseline 0.006 -15"><span class='ocrx_word' id='word_1_378' title='bbox 105 2609 125 2632; x_wconf 82' lang='lat' dir='ltr'><strong>e</strong></span> <span class='ocrx_word' id='word_1_379' title='bbox 147 2598 275 2632; x_wconf 80' lang='lat' dir='ltr'><strong>vocula</strong></span> <span class='ocrx_word' id='word_1_380' title='bbox 306 2597 503 2633; x_wconf 88' lang='lat' dir='ltr'><strong>intendendi</strong></span> <span class='ocrx_word' id='word_1_381' title='bbox 527 2604 642 2642; x_wconf 82' lang='lat' dir='ltr'><strong>ortae,</strong></span> <span class='ocrx_word' id='word_1_382' title='bbox 665 2612 733 2634; x_wconf 87' lang='lat' dir='ltr'><strong>non</strong></span> <span class='ocrx_word' id='word_1_383' title='bbox 760 2612 834 2635; x_wconf 75' lang='lat' dir='ltr'><strong>esse</strong></span> <span class='ocrx_word' id='word_1_384' title='bbox 857 2602 1031 2646; x_wconf 86' lang='lat' dir='ltr'><strong>duplicem</strong></span> <span class='ocrx_word' id='word_1_385' title='bbox 1055 2613 1179 2644; x_wconf 86' lang='lat' dir='ltr'><strong>usum,</strong></span> <span class='ocrx_word' id='word_1_386' title='bbox 1203 2604 1262 2638; x_wconf 80' lang='lat' dir='ltr'><strong>scd</strong></span> <span class='ocrx_word' id='word_1_387' title='bbox 1285 2615 1390 2639; x_wconf 88' lang='lat' dir='ltr'><strong>unam</strong></span> <span class='ocrx_word' id='word_1_388' title='bbox 1415 2605 1488 2639; x_wconf 74' lang='lat' dir='ltr'><strong>vim</strong></span> 
     </span>
     <span class='ocr_line' id='line_1_38' title="bbox 104 2658 1486 2710; baseline 0.007 -20"><span class='ocrx_word' id='word_1_389' title='bbox 104 2667 254 2701; x_wconf 84' lang='lat' dir='ltr'><strong>eamque</strong></span> <span class='ocrx_word' id='word_1_390' title='bbox 276 2658 405 2700; x_wconf 82' lang='lat' dir='ltr'><strong>talem,</strong></span> <span class='ocrx_word' id='word_1_391' title='bbox 429 2662 469 2693; x_wconf 90' lang='lat' dir='ltr'><strong>ut</strong></span> <span class='ocrx_word' id='word_1_392' title='bbox 491 2670 559 2693; x_wconf 92' lang='lat' dir='ltr'><strong>non</strong></span> <span class='ocrx_word' id='word_1_393' title='bbox 584 2660 645 2694; x_wconf 90' lang='lat' dir='ltr'><strong>uni</strong></span> <span class='ocrx_word' id='word_1_394' title='bbox 671 2661 823 2705; x_wconf 88' lang='lat' dir='ltr'><strong>notioni,</strong></span> <span class='ocrx_word' id='word_1_395' title='bbox 849 2663 907 2696; x_wconf 80' lang='lat' dir='ltr'><strong>sed</strong></span> <span class='ocrx_word' id='word_1_396' title='bbox 931 2662 995 2696; x_wconf 84' lang='lat' dir='ltr'><strong>toti</strong></span> <span class='ocrx_word' id='word_1_397' title='bbox 1017 2663 1206 2709; x_wconf 73' lang='lat' dir='ltr'><strong>sententiae</strong></span> <span class='ocrx_word' id='word_1_398' title='bbox 1222 2675 1375 2710; x_wconf 50' lang='lat' dir='ltr'><strong>,gravem</strong></span> <span class='ocrx_word' id='word_1_399' title='bbox 1400 2677 1486 2700; x_wconf 83' lang='lat' dir='ltr'><strong>eon-</strong></span> 
     </span>
     <span class='ocr_line' id='line_1_39' title="bbox 105 2717 1489 2769; baseline 0.007 -16"><span class='ocrx_word' id='word_1_400' title='bbox 105 2717 340 2754; x_wconf 77' lang='lat' dir='ltr'><strong>firmationem</strong></span> <span class='ocrx_word' id='word_1_401' title='bbox 368 2719 492 2763; x_wconf 74' lang='lat' dir='ltr'><strong>addat,</strong></span> <span class='ocrx_word' id='word_1_402' title='bbox 525 2721 571 2756; x_wconf 85' lang='lat' dir='ltr'><strong>ab</strong></span> <span class='ocrx_word' id='word_1_403' title='bbox 594 2721 691 2763; x_wconf 75' lang='lat' dir='ltr'><strong>eius,</strong></span> <span class='ocrx_word' id='word_1_404' title='bbox 718 2722 781 2766; x_wconf 78' lang='lat' dir='ltr'><strong>qui</strong></span> <span class='ocrx_word' id='word_1_405' title='bbox 803 2722 987 2768; x_wconf 78' lang='lat' dir='ltr'><strong>loquatur,</strong></span> <span class='ocrx_word' id='word_1_406' title='bbox 1011 2722 1142 2759; x_wconf 76' lang='lat' dir='ltr'><strong>iudicio</strong></span> <span class='ocrx_word' id='word_1_407' title='bbox 1162 2726 1364 2769; x_wconf 70' lang='lat' dir='ltr'><strong>profectam.</strong></span> <span class='ocrx_word' id='word_1_408' title='bbox 1388 2727 1489 2764; x_wconf 74' lang='lat' dir='ltr'><strong>Valet</strong></span> 
     </span>
    </p>
   </div>
  </div>
 </body>
</html>
