1630 3034
179 201 272 231 nrt
586 186 1150 239 PRAEFATIO.

177 305 279 365 qui,
315 320 454 366 quum
491 305 665 364 aliquot
699 305 811 352 locis
847 306 1116 365 conspirent,
1150 307 1228 366 ibi,
1265 307 1341 352 ubi
1375 308 1573 356 inaximo

178 390 336 420 eorum
371 385 636 421 consensum
671 376 886 433 requiras,
904 391 1006 419 ,non
1038 375 1180 421 modo
1216 377 1330 421 inter
1364 393 1412 422 se
1445 379 1571 438 ipsos

176 460 460 505 magnopere
495 444 775 503 discrepent,
812 444 891 489 sed
929 446 1062 489 etiam
1097 460 1201 491 cum
1236 445 1332 490 aliis
1369 461 1570 507 congru-

177 520 277 568 ant,
330 529 356 557 a
399 512 558 571 quibus
610 513 882 572 plerumque
939 513 1219 558 diversissimi
1271 516 1568 575 reperiuntur.

176 579 300 625 Mihi
335 582 521 639 quidem
565 581 610 624 in
646 587 769 625 tanta
804 582 1014 628 codicum
1048 583 1330 628 multitudine
1371 584 1442 628 vix
1477 599 1567 643 po-

174 649 308 693 tuisse
354 651 452 694 fieri
499 649 702 706 videtur,
755 656 805 695 ut
839 652 1007 709 antiqui
1047 652 1280 698 cuiusdam
1314 653 1417 697 libri
1457 653 1569 698 scri-

173 724 308 777 ptura
344 719 522 778 integ-ra
556 719 786 778 nullisque
812 720 1093 780 [ότρέγεεέΨ
1109 722 1327 781 temporis
1374 721 1568 766 aliorum

173 788 392 831 librorum
437 787 572 831 illatis
616 787 883 833 lectionibus
928 804 1014 849 per
1058 796 1126 834 tot
1164 791 1344 835 saecula
1391 805 1568 850 propa-

171 862 380 916 garetur3
425 856 503 900 sed
551 871 691 915 quum
735 858 883 902 nullus
926 859 1117 918 scriptor
1151 859 1425 917 frequentius
1461 859 1568 903 Sal-

173 925 308 969 lustio
345 926 574 984 legeretur
612 941 666 970 ac
696 926 1048 983 describeretur,
1083 929 1323 987 multiplici
1350 929 1423 972 via
1454 929 1568 972 alio-

172 1009 273 1038 rum
311 994 524 1038 codicum
564 995 803 1054 scripturas
838 996 882 1039 in
918 997 1029 1040 alios
1065 998 1280 1057 migrasse
1324 989 1568 1056 'probabile

173 1069 253 1118 est,
276 1069 324 1106 ut
345 1063 406 1107 ita
441 1062 647 1107 confusas
685 1070 729 1108 et
763 1064 1163 1126 variefcommixtas
1188 1080 1311 1125 ⁷139st
1373 1081 1398 1110 o
1437 1081 1464 1109 o
1491 1065 1567 1127 ¹¹12·
1627 1110 1630 1118 Ι

169 1131 372 1188 bricum,
408 1132 487 1175 sed
516 1141 662 1190 paene
693 1110 1081 1177 iemetarifimffsit
1100 1125 1168 1178 Ad
1188 1081 1369 1178 ’ἃωέιΐ
1509 1124 1570 1181 u!

171 1199 347 1245 iontem
381 1202 550 1244 referre
574 1202 702 1245 velle.
774 1203 935 1260 Neque
969 1217 1076 1246 vero
1103 1218 1156 1247 ea
1178 1218 1248 1246 res
1283 1205 1425 1257 obest,
1448 1217 1569 1261 quo-

172 1270 317 1313 minus
344 1270 422 1327 qui
457 1269 561 1312 libri
598 1271 754 1314 ceteris
787 1278 1016 1328 praestent
1041 1278 1086 1315 et
1118 1272 1339 1330 imprimis
1374 1287 1569 1330 sequen-

170 1337 220 1381 di
255 1339 340 1382 sint
368 1344 493 1381 certo
529 1337 696 1382 iudicio
731 1337 1021 1398 intelligatur,
1052 1355 1194 1397 quum
1230 1355 1323 1398 quo
1358 1341 1568 1399 pluribus

171 1406 284 1450 locis
321 1406 490 1451 codicis
522 1407 735 1464 cuiusque
768 1407 1008 1463 lectiones,
1044 1415 1255 1454 accurate
1291 1411 1568 1454 examinatae

173 1482 218 1519 et
252 1475 557 1534 ponderatae,
592 1491 726 1519 verae
762 1477 1063 1535 reperiantur,
1108 1492 1163 1520 eo
1198 1477 1394 1521 melioris
1429 1484 1567 1522 notae

170 1543 288 1589 liber
324 1561 419 1588 esse
454 1544 549 1587 iure
584 1544 831 1591 censendus
867 1546 934 1591 sit.
999 1545 1090 1600 Qui
1127 1553 1277 1589 autem
1310 1546 1399 1589 iam
1435 1546 1565 1605 prio-

169 1613 292 1657 ribus
330 1613 574 1657 editoribus
609 1629 721 1673 prae
750 1615 904 1658 ceteris
940 1614 1135 1657 eminere
1172 1615 1253 1657 visi
1285 1621 1399 1669 sunt,
1441 1615 1565 1660 velut

169 1682 456 1734 Nazarianus,
486 1681 835 1735 Commelianus,
866 1682 1106 1727 Vaticanus
1135 1684 1190 1726 A.
1228 1684 1304 1740 qui
1341 1684 1564 1729 orationes

170 1752 383 1806 continet,
411 1751 777 1795 Guelferbitanus
806 1751 861 1805 V,
894 1752 1156 1795 Basileensis
1185 1751 1218 1805 Ι,
1248 1752 1478 1796 Leidensis
1506 1753 1563 1809 L,

171 1820 462 1865 Fabricianus
486 1820 522 1874 I,
544 1826 589 1864 et
612 1820 976 1879 'fege1’nseensis,
998 1820 1134 1864 iidem
1164 1826 1208 1864 et
1236 1821 1348 1864 mihi
1377 1823 1488 1866 tales
1514 1837 1563 1868 se

168 1891 433 1949 probarunt,
455 1903 623 1947 eosque
645 1889 812 1947 ubique
846 1890 1037 1948 intelligi
1060 1889 1182 1943 volo,
1215 1890 1292 1933 ubi
1317 1890 1363 1933 in
1386 1891 1564 1935 univer-

170 1974 268 2004 sum
291 1959 489 2016 aliquam
513 1959 779 2017 scripturam
805 1959 1085 2019 optimorum
1111 1957 1341 2003 librorum
1366 1958 1564 2006 auctori-

159 2013 260 2072 ¹tate
285 2028 540 2072 confirmari
562 2027 664 2073 dixi.

239 2097 370 2142 Haec
391 2096 488 2140 fere
510 2104 609 2141 sunt
627 2112 744 2155 quae
766 2093 958 2141 dicenda
979 2095 1134 2139 habui.
1158 2094 1380 2140 Omnibus
1402 2112 1477 2142 me
1490 2113 1563 2143 sa-

168 2165 383 2211 tisfecisse
399 2180 546 2222 neque
565 2167 661 2225 ipse
680 2171 808 2224 puto,
829 2179 976 2222 neque
1000 2164 1135 2209 facile
1157 2165 1204 2208 id
1226 2165 1269 2208 in
1288 2166 1455 2225 ingenii
1471 2166 1562 2211 hu·-

169 2235 286 2277 mani
315 2235 622 2279 imbecillitate
641 2235 738 2278 fieri
769 2240 930 2292 potest.
976 2234 1092 2278 Satis
1115 2240 1265 2277 tamen
1290 2235 1507 2291 laetabor,
1526 2236 1562 2279 si

168 2304 470 2364 intelligentes
492 2304 645 2348 arbitri
665 2303 892 2360 iidemque
912 2303 1042 2360 aequi
1062 2302 1232 2347 iudices
1247 2305 1459 2347 senserint
1476 2304 1562 2347 ali--

168 2388 261 2429 quo
296 2381 418 2418 certe
449 2374 589 2417 modo
618 2373 665 2417 id
699 2373 825 2430 quod
859 2380 1084 2431 praestare
1112 2371 1332 2415 voluerim
1361 2388 1434 2416 me
1465 2388 1559 2417 esse

170 2449 486 2496 consecutum,
528 2449 575 2486 ut
610 2448 653 2486 et
686 2442 919 2485 Sallustius
958 2441 1235 2498 aliquantum
1279 2441 1561 2485 emendatior

170 2511 398 2568 prodiret,
437 2518 480 2554 et
514 2518 562 2555 ut
589 2509 876 2554 humanitatis
906 2511 1149 2555 litterarum
1180 2509 1363 2553 studiosi
1399 2510 1561 2555 adole-

167 2586 339 2623 scentes
359 2580 521 2624 librum
547 2580 780 2629 haberent,
800 2594 891 2637 quo
917 2593 1021 2624 cum
1046 2579 1193 2623 fructu
1217 2586 1398 2636 possent
1415 2579 1489 2624 uti.

239 2649 409 2708 Scripsi
445 2649 689 2694 Ersordiae
724 2648 791 2694 ld.
829 2648 973 2708 April.
1016 2662 1338 2694 nineccxxvm.
