1630 3034
414 115 776 173 IUGURTHA.
840 114 970 171 CAR.
1001 115 1199 159 XXXV.
1418 120 1504 162 2⁰9

118 242 289 295 erant„
304 235 458 296 paullo
484 231 767 290 inconsultius
792 230 1044 301 Massivam,
1063 231 1342 294 aggreditur,
1378 231 1500 293 illum

118 334 379 386 obtruncat;
425 331 505 376 sed
524 379 526 381 ,
547 330 647 390 ipse
689 327 998 388 deprehensus
1040 330 1187 374 multis
1221 329 1500 376 hortantibus

119 436 164 474 et
190 429 410 488 imprimis
444 426 609 484 Albino
645 425 824 468 consule
868 424 1078 478 indici-um
1122 427 1371 486 profitetur.
1426 428 1532 475 Fit7

118 542 228 572 reus.
250 526 393 585 magis
424 539 480 568 ex
508 536 652 580 aequo
684 521 894 578 bonoque
922 537 1054 579 quam
1091 538 1145 566 ex
1179 523 1274 566 iure
1302 526 1502 583 gentium

117 622 367 676 Bomilcar,
404 634 554 664 comes
591 619 705 671 eius,
741 617 818 675 qui
847 618 1044 661 Romam
1077 619 1169 662 fide
1204 620 1386 679 publica
1420 636 1501 666 ve-

103 724 252 775 nerat.
321 718 383 762 At
435 715 653 776 Iugurtha
706 714 963 758 manifestus
1020 715 1128 758 tanti
1175 717 1354 760 sceleris
1406 734 1536 773 nong

116 815 239 875 prius
285 813 430 858 omisit
472 810 626 856 contra
671 826 828 855 verum
870 811 968 866 niti,
1016 826 1151 869 quam
1185 814 1378 857 animum
1413 815 1498 859 ad-

116 912 250 956 vortit
291 925 429 971 supra
462 908 652 969 gratiam
689 914 822 966 atque
858 909 1094 967 pecuniam
1132 925 1255 953 suam
1290 910 1500 957 insidiam

116 1023 296 1057 Marcium
315 1021 450 1065 Regem
467 1019 585 1053 mittit.
618 1018 732 1060 XLII,
756 1018 790 1052 3.
819 1019 913 1053 Hirt.
934 1019 977 1052 de
1004 1020 1047 1053 B.
1068 1020 1167 1054 Alex.
1193 1033 1224 1054 c.
1243 1021 1299 1063 10,
1325 1022 1358 1057 2.
1387 1023 1501 1066 Quum

117 1082 273 1127 aquandi
304 1093 427 1115 caussa
452 1081 601 1124 remiges
627 1080 665 1113 in
694 1085 825 1112 terram
855 1080 1082 1123 exposuisset,
1106 1082 1260 1115 nonnulli
1281 1094 1321 1116 er
1351 1095 1398 1117 eo
1420 1097 1501 1119 nu-

116 1154 231 1177 mero
250 1143 293 1175 ab
315 1142 484 1186 equitibus
503 1141 651 1174 hostium
671 1144 750 1173 sunt
766 1140 909 1182 excepti.
957 1140 1160 1174 Relativum
1184 1141 1244 1175 ubi
1267 1143 1435 1187 sequitur,
1461 1148 1502 1180 ut

116 1208 235 1238 nostro
261 1204 361 1244 loco,
383 1213 452 1235 non
476 1201 519 1235 ad
542 1200 740 1244 proximum
763 1199 1016 1234 substantivum
1040 1202 1199 1243 refertur,
1224 1203 1284 1236 sed
1307 1215 1349 1238 eo
1372 1216 1501 1249 genere

115 1275 159 1298 ac
181 1274 326 1297 numero
357 1248 515 1306 ponitur,
547 1272 652 1304 quem
679 1260 834 1303 postulat
857 1262 1050 1306 praegressi
1075 1263 1335 1298 demonstrativi
1358 1266 1502 1310 propria

115 1324 219 1360 ratio.
264 1325 342 1369 lug.
366 1323 565 1365 xxxvln,
587 1321 622 1355 6.
658 1321 711 1354 Ex
742 1332 788 1354 eo
816 1333 1016 1362 numero,
1049 1335 1157 1367 quos
1177 1325 1297 1368 paullo
1318 1332 1401 1361 ante
1421 1339 1500 1361 cor-

115 1391 237 1430 ruptos
261 1385 419 1419 diximus.
460 1382 532 1416 Cic.
556 1393 590 1425 p.
613 1380 715 1414 Arch.
740 1386 842 1424 poeta
866 1393 896 1416 c.
920 1382 989 1424 12,
1015 1382 1072 1417 31.
1111 1384 1178 1425 Qui
1205 1390 1255 1419 est
1283 1397 1324 1418 ex
1351 1398 1397 1420 eo
1419 1399 1501 1422 nu-

116 1457 255 1486 mero,
290 1445 362 1489 qui
396 1454 530 1487 semper
557 1441 707 1476 sancti
736 1445 816 1475 sunt
844 1441 958 1476 habiti
988 1447 1092 1487 atque
1118 1444 1211 1478 dicti.
1250 1446 1344 1480 Cael.
1368 1447 1404 1480 in
1428 1447 1501 1482 Cic.

116 1507 201 1550 Epp.
226 1505 269 1539 ad
286 1505 423 1538 Famm.
446 1504 544 1546 vlu,
572 1501 616 1543 8,
641 1501 698 1535 22.
732 1503 771 1536 si
791 1513 831 1536 ex
860 1513 906 1537 eo
938 1515 1099 1548 numero,
1131 1517 1243 1550 quos
1275 1517 1316 1540 ez·
1338 1508 1374 1542 S.
1401 1508 1438 1543 C.
1465 1509 1503 1542 in

112 1566 310 1611 provincias
328 1566 379 1600 irc
396 1568 579 1608 oporteret,
597 1564 644 1597 ad
664 1575 843 1597 numerum
862 1575 927 1598 non
946 1571 1068 1600 essent.
1084 1565 1156 1598 Cic.
1170 1566 1295 1611 Agrar.
1314 1566 1358 1607 11,
1375 1567 1431 1611 14,
1443 1568 1501 1605 37.

118 1629 232 1670 Quum
250 1638 290 1660 ex
309 1637 354 1660 eo
374 1636 536 1667 numera,
561 1624 637 1668 qui
656 1635 721 1668 per
741 1635 796 1657 eos
819 1636 928 1657 annos
945 1627 1095 1659 consules
1107 1628 1269 1668 fuerunt,
1294 1629 1394 1661 multi
1412 1640 1503 1662 mor-

115 1688 170 1723 tui
189 1688 269 1721 sint.
300 1687 344 1720 cf.
371 1687 462 1730 Aug.
485 1684 654 1719 Matthias
677 1685 722 1718 ad
745 1684 816 1718 Cic.
842 1696 892 1719 or.
926 1685 962 1718 in
986 1687 1087 1721 Catil.
1104 1687 1156 1727 Il,
1189 1688 1254 1728 10,
1277 1687 1333 1720 21.
1368 1690 1502 1724 Eadem

114 1747 328 1783 attractionis
352 1746 442 1781 ratio
465 1745 500 1779 in
524 1745 696 1780 vocabulo
719 1756 830 1790 genus
861 1745 1011 1789 obtinet,
1045 1760 1114 1792 quo
1141 1749 1184 1781 de
1207 1759 1240 1781 ν.
1267 1747 1429 1783 ottonem
1456 1751 1502 1784 ad

116 1810 188 1844 Cic.
213 1809 255 1842 de
277 1807 380 1843 Finn.
399 1807 463 1847 111,
485 1805 543 1847 21,
566 1805 625 1840 70.
651 1807 816 1840 Amicitia
837 1810 888 1840 est
905 1817 945 1839 εει
964 1817 1010 1840 eo
1030 1818 1170 1852 genere,
1195 1820 1310 1851 quae
1336 1817 1502 1853 prosunt,-

115 1872 151 1904 et
167 1869 287 1912 paullo
308 1871 389 1905 ante
405 1868 437 1908 ἓ.
452 1864 507 1900 69.
536 1865 721 1900 Commoda
736 1871 770 1901 et
787 1866 1002 1900 incommoda
1018 1866 1054 1900 in
1072 1879 1115 1900 eo
1131 1878 1260 1912 genere
1277 1875 1367 1912 sunt,
1391 1882 1500 1915 quae

111 1930 291 1974 proposita
307 1933 340 1962 et
356 1927 486 1962 reiecta
507 1927 662 1961 dicimus.
681 1947 722 1954 —
741 1928 855 1961 Erant
878 1930 956 1970 post
975 1927 1098 1971 parata·
1120 1927 1257 1962 Curtius
1280 1940 1359 1963 cum
1383 1929 1500 1965 Guelf.

115 1989 176 2023 10.
207 1988 335 2023 omisit.
370 2005 413 2013 -
446 1987 516 2020 Pro
548 1987 647 2020 illum
673 1989 854 2021 obtruncat
881 1986 1044 2019 libentius
1077 1987 1291 2030 scripsissem
1321 1989 1500 2034 illumque

118 2050 321 2090 obtruncat,
354 2051 393 2082 ut
415 2050 468 2080 est
491 2046 526 2079 in
550 2046 619 2082 Ine.
642 2047 678 2082 2.
713 2047 838 2080 Franc.
868 2045 964 2079 Leid.
992 2046 1035 2080 B.
1061 2047 1136 2080 Erl.
1157 2047 1238 2082 Bas.
1263 2049 1298 2084 tl.
1327 2050 1382 2084 Ita
1404 2051 1500 2084 enim

117 2108 229 2144 solent
250 2107 415 2151 coniungi
438 2107 528 2140 duae
551 2107 715 2148 actiones,
741 2117 890 2149 quarum
914 2107 1027 2140 altera
1049 2118 1259 2150 consequens
1280 2114 1331 2143 est
1348 2111 1502 2154 alterius,

118 2170 158 2200 ut
179 2166 281 2200 Catil.
297 2166 429 2207 XLIII,
453 2166 486 2200 2.
521 2167 600 2211 lug.
626 2167 790 2207 xxxin,
816 2167 848 2200 7.
875 2168 1026 2208 xxxu,
1050 2164 1085 2200 5.
1120 2178 1161 2200 ac
1187 2169 1368 2211 probabile
1390 2176 1442 2211 est
1465 2171 1500 2206 in

117 2226 258 2260 relicuis
289 2226 387 2259 codd.
412 2238 477 2270 que
507 2227 712 2270 compendio
745 2227 911 2271 scriptum
947 2238 969 2261 a
998 2232 1162 2270 sequente
1191 2228 1308 2264 littera
1341 2232 1370 2264 O
1392 2231 1500 2266 inter-

118 2290 256 2330 ceptmn
278 2296 371 2326 esse3
397 2287 440 2320 cf.
460 2286 504 2320 ad
523 2289 555 2329 ἓ.
571 2287 605 2320 2.
629 2287 765 2320 Tamen
787 2286 824 2319 in
846 2298 885 2320 re
908 2287 1039 2321 incerta
1062 2288 1266 2332 asyndeton,
1289 2302 1500 2336 quamquam

119 2347 266 2386 durum,
290 2346 375 2380 ferri
399 2357 498 2389 posse
522 2351 615 2390 puto.
639 2366 685 2372 —
711 2348 879 2381 Indicium
895 2350 1077 2392 profitetur
1094 2359 1162 2382 non
1186 2353 1237 2382 est
1260 2352 1441 2392 profitetur
1463 2365 1500 2387 se

118 2406 364 2449 indicaturum,
388 2406 447 2440 sed
472 2417 608 2440 omnem
632 2419 705 2442 rem
733 2408 860 2443 fatetur
883 2412 987 2451 atque
1005 2408 1143 2449 edocet3
1167 2408 1211 2440 cf.
1228 2408 1343 2445 Tacit.
1360 2413 1499 2448 Annali.

119 2467 185 2507 w,
207 2466 250 2508 3,
273 2466 308 2500 3.
335 2467 381 2500 Et
395 2478 563 2500 summum
579 2469 783 2512 supplicium
804 2469 1068 2509 decernebatur,
1091 2468 1129 2501 ni
1146 2471 1318 2511 professus
1335 2472 1501 2506 indicium

112 2530 220 2571 foret.
244 2527 341 2561 Suet.
366 2528 496 2561 Domit.
521 2540 554 2562 c.
580 2529 675 2562 XIII.
710 2529 844 2563 Seneca
870 2530 1024 2572 Excerpt.
1050 2527 1214 2562 controv.
1244 2530 1293 2570 X,
1319 2531 1354 2564 6.
1386 2531 1453 2565 His
1477 2542 1499 2566 a

119 2587 238 2622 Cottio
260 2587 377 2622 allatis
399 2587 516 2620 Faber
540 2588 671 2623 addidit
694 2589 794 2622 Auct.
813 2589 854 2622 Β.
874 2589 968 2622 Alex.
985 2600 1014 2622 c.
1032 2589 1101 2622 LV.
1117 2588 1152 2622 3.
1177 2589 1270 2623 Curt.
1287 2590 1376 2632 vm,
1392 2591 1426 2632 6,
1442 2590 1500 2625 23.

212 2649 245 2690 §.
268 2648 303 2681 7.
327 2651 361 2681 et
383 2647 417 2681 8.
466 2648 524 2681 Fit
543 2659 621 2682 reus
637 2651 754 2694 magis
774 2661 814 2683 es
835 2661 942 2693 aequo
961 2650 1041 2693 etc.]
1065 2650 1202 2683 Horum
1224 2650 1408 2684 verboram
1424 2662 1501 2685 sen-

119 2717 197 2741 sum
220 2707 364 2751 plurimi
388 2708 537 2744 editores
561 2709 845 2744 alumnis-imum
870 2709 936 2743 rati
960 2709 1070 2743 multa
1093 2710 1318 2744 commentati
1340 2715 1431 2753 sunt,
1458 2711 1502 2744 ad

187 2779 241 2823 Il.
1161 2779 1225 2823 14
