1630 3034
365 180 724 224 IUGURTHA.
786 180 917 224 CAP.
951 180 1124 250 XXXI.
1366 183 1450 224 185

72 300 355 343 minationem
390 299 564 343 accensi
603 304 723 355 sunt,
759 298 964 358 profecto
999 313 1146 357 neque
1180 297 1450 357 respublica,

71 397 197 440 sicuti
246 412 386 453 nunc,
433 401 702 451 vastaretur,
763 401 806 439 et
849 395 1070 439 beneficia
1115 401 1263 439 vostra
1309 411 1448 455 penes

73 499 305 552 optumos,
350 509 439 537 non
483 493 810 537 audacissumos
851 492 1010 535 forent.
1081 491 1279 536 Maiores
1314 492 1448 536 vostri
1465 496 1516 534 17

73 589 258 648 parandi
307 591 408 634 iuris
451 597 495 634 et
533 590 765 634 maiestatis
815 589 1149 634 constituendae
1194 591 1338 650 gratia
1381 589 1449 633 bis

73 725 167 766 patet
197 734 238 756 ex
262 723 362 757 Livio
386 725 439 766 ll,
472 724 528 758 32.
554 723 588 758 3.
621 725 666 756 cf.
690 724 819 757 Duker.
844 723 887 756 ad
914 723 1010 758 Flor.
1033 725 1071 766 1,
1096 723 1154 757 23.
1187 742 1232 747 —
1270 723 1350 756 Non
1373 727 1453 756 ante

73 795 207 817 summa
242 786 482 818 tantummodo
518 789 631 819 tenent
663 785 770 818 Fabr.
794 785 826 818 1.
860 787 894 817 et
925 785 959 819 2.
1003 785 1142 818 Relicui
1174 796 1292 818 omnes
1321 785 1453 818 habent

72 856 202 887 nonne,
233 847 325 888 quod
352 846 558 880 Gerlachius
582 847 671 880 falso
697 844 875 888 probavit,
905 857 1013 889 quum
1038 845 1266 890 interrogatio
1290 844 1373 878 talis
1396 844 1454 886 sit,

72 906 213 948 qualem
237 906 281 939 ad
306 909 338 948 ἓ.
368 907 422 940 11.
454 907 713 951 explicavimus.
761 906 897 940 Pariter
929 906 1063 940 erravit
1094 905 1255 947 (lortius,
1290 904 1350 948 qui
1386 917 1455 938 ποπ

72 966 204 1010 recepit
233 966 393 1010 quidem,
435 969 493 1001 sed
527 980 590 1012 pro
622 981 733 1002 nonne
762 968 913 1012 positum
943 971 1079 1007 censet3
1116 968 1208 1010 quod
1241 977 1455 1010 quamquam

73 1029 150 1063 fieri
174 1034 307 1074 potest,
331 1035 447 1063 tamen
471 1040 537 1062 non
563 1030 657 1064 cadit
681 1030 715 1062 in
738 1030 773 1062 h.
794 1030 830 1071 1.,
856 1032 893 1062 ut
916 1031 1010 1061 recte
1034 1027 1202 1061 iudicavit
1224 1028 1455 1061 Frotscherus

74 1091 119 1124 ud
142 1090 368 1134 Quinctilian.
396 1092 449 1132 X,
475 1091 516 1132 1,
541 1090 598 1124 48.
623 1103 659 1134 p.
683 1090 740 1124 47.
776 1091 835 1133 qui
862 1089 968 1122 huius
996 1088 1064 1122 loci
1088 1100 1164 1122 eam
1188 1088 1360 1122 rationem
1383 1099 1457 1121 esse

73 1151 259 1194 perspexit,
284 1156 322 1185 ut
345 1151 576 1196 interrogatio
600 1151 677 1195 ipsa
701 1150 951 1184 enunciationis
975 1149 1256 1184 conformatione
1280 1149 1457 1183 continea-

74 1216 143 1253 tur,
160 1224 227 1246 uon
247 1217 362 1246 autem
377 1212 581 1255 simpliciter
598 1212 750 1257 negandi
766 1212 836 1244 vim
852 1211 1001 1252 habeat3
1023 1222 1056 1243 v.
1070 1211 1281 1244 Ramshorn.
1296 1211 1456 1243 Gramm-

76 1273 152 1307 Lat.
184 1275 216 1316 ἓ.
241 1273 328 1316 174,
358 1275 389 1307 1.
425 1286 458 1318 p.
482 1274 562 1308 490.
601 1274 660 1306 Fr.
686 1273 775 1316 Aug.
801 1272 912 1305 Wolf.
945 1273 988 1305 ad
1013 1272 1133 1306 Taciti
1157 1272 1296 1305 Annall.
1320 1272 1372 1313 ΙΙ,
1395 1270 1455 1309 15.

74 1337 161 1367 extr.
194 1333 265 1367 Cic.
291 1334 397 1368 Tusc.
422 1335 457 1376 Ι,
482 1334 514 1368 8.
542 1334 597 1368 17.
636 1334 753 1376 Quid?
788 1334 818 1367 si
841 1338 874 1367 te
904 1345 1075 1378 rogavero
1106 1333 1259 1378 aliquid,
1292 1345 1374 1367 non
1399 1344 1457 1367 re-

75 1395 284 1439 spondebis?
308 1396 476 1430 Goerenz.
501 1396 545 1429 ad
569 1396 641 1429 Cic.
667 1395 709 1428 de
732 1396 844 1440 Legg.
867 1394 915 1428 ib.
940 1395 1008 1436 111,
1031 1395 1096 1436 20,
1120 1394 1175 1428 ΕΠ.
1203 1394 1320 1437 Quid?
1343 1396 1374 1428 si
1396 1405 1458 1428 nos

75 1461 250 1498 tacemus,
275 1458 367 1491 locus
391 1458 463 1502 ipse
483 1469 563 1490 non
587 1456 776 1490 admonet?
806 1456 856 1489 Id.
879 1467 914 1499 p.
941 1455 1077 1488 Cluent.
1101 1467 1131 1490 c.
1155 1455 1218 1498 14,
1243 1455 1301 1490 40.
1340 1455 1458 1498 Quid?

75 1518 194 1550 aviam
214 1522 312 1551 tuam
331 1537 376 1543 —
397 1519 451 1552 cui
476 1523 515 1551 tu
541 1529 577 1551 es
604 1518 722 1558 heres,
743 1521 848 1560 pater
874 1521 953 1550 tuus
979 1528 1059 1548 ηοη
1083 1517 1272 1559 manifesta
1294 1517 1458 1551 necavit?

75 1579 264 1613 Praeterea
288 1579 403 1612 Faber
427 1579 573 1612 contulit
595 1579 704 1611 haec:
741 1577 812 1611 Cic.
839 1578 967 1611 Tuscc.
994 1578 1045 1621 11,
1074 1578 1136 1620 14,
1160 1579 1216 1612 34.
1256 1578 1329 1611 Hoc
1358 1581 1460 1623 pueri

72 1644 233 1684 possunt,
257 1640 326 1672 viri
347 1651 427 1673 non
447 1638 638 1683 poterunt?
663 1643 696 1672 et
719 1649 791 1671 mos
806 1639 920 1680 valet,
945 1640 1035 1674 ratio
1057 1651 1137 1673 non
1159 1641 1316 1674 valebit?
1342 1641 1411 1677 Off.
1430 1643 1460 1684 1,

74 1701 141 1742 31,
167 1699 246 1734 11-1.
280 1702 374 1746 Ergo
399 1701 520 1734 histrio
542 1701 602 1734 hoc
630 1701 759 1734 videbit
784 1701 820 1733 in
844 1712 968 1740 scena3
998 1712 1078 1733 ποη
1105 1700 1236 1735 videbit
1262 1704 1400 1746 sapiens
1422 1703 1459 1737 in

74 1762 180 1796 vita?
211 1761 259 1795 ib.
276 1761 346 1803 111,
371 1761 437 1802 19,
460 1760 518 1795 77.
553 1762 652 1795 Haec
669 1774 750 1794 non
775 1766 876 1806 turpe
896 1766 946 1795 est
967 1762 1128 1795 dubitare
1149 1762 1394 1808 philosophos?
1413 1784 1459 1790 —

77 1825 187 1868 Atque
207 1823 242 1856 iu
266 1822 501 1866 respondendo
525 1833 605 1854 eam
629 1822 702 1855 vim
729 1822 859 1862 hahet,
883 1826 923 1855 nt
947 1834 1016 1856 non
1041 1826 1176 1856 tantum
1200 1823 1235 1857 id
1251 1850 1261 1866 ‚
1291 1826 1382 1868 quod
1407 1825 1460 1859 in-

76 1887 292 1928 terrogatum
318 1886 386 1924 est,
413 1884 639 1924 concedatur,
664 1883 721 1916 sed
746 1883 851 1916 etiam
877 1883 990 1916 maius
1013 1883 1145 1926 aliquid
1171 1887 1204 1918 et
1227 1884 1373 1929 gravius
1397 1885 1460 1919 ad-

76 1945 180 1978 datur
192 1944 209 1986 ‘,‘
234 1944 334 1978 cuius
362 1944 414 1978 rei
448 1944 540 1978 ratio
565 1945 602 1977 h.
629 1944 653 1978 l.
686 1955 754 1976 non
785 1954 826 1976 eo
858 1947 1036 1986 mutatur,
1072 1944 1164 1987 quod
1188 1955 1389 1987 responsum
1414 1946 1460 1979 ab

76 2005 221 2045 eodemss
235 2005 293 2048 qni
311 2004 546 2048 quaesiverat,
573 2003 774 2044 subiicitur3
799 2014 834 2036 v.
859 2004 976 2037 Hand.
999 2003 1041 2035 de
1064 2004 1212 2037 Particc.
1236 2005 1324 2038 Latt.
1342 2006 1418 2042 Vol.
1432 2006 1460 2040 l.

76 2077 111 2109 p.
127 2065 208 2100 ⁴167.
233 2065 345 2098 Plaut.
363 2066 491 2100 Bacch.
508 2066 573 2106 ΙΙΙ,
597 2065 632 2105 6,
656 2064 689 2098 9.
714 2064 799 2097 Pist.
840 2065 932 2098 Num
948 2075 1037 2108 quae
1056 2064 1256 2098 advenienti
1275 2067 1461 2111 aegritudo

79 2126 212 2159 obiecta
240 2125 318 2159 est?
351 2126 422 2158 Mn.
443 2127 597 2169 *Atque
623 2136 817 2158 acerruma.
848 2143 894 2148 —-
925 2125 995 2158 Pro
1026 2125 1116 2168 quod
1147 2124 1176 2157 si
1211 2136 1330 2160 omnes
1361 2128 1461 2161 codd.

79 2185 281 2219 exhiberent
303 2197 378 2229 quo,
403 2182 484 2219 εἷπε
508 2185 597 2218 nihil
623 2185 717 2219 aliud
742 2184 954 2227 rcquireres3
979 2184 1037 2217 sed
1062 2184 1245 2227 quominus
1266 2187 1463 2222 ablativum

80 2243 225 2290 probes,
265 2245 457 2288 scripturae
490 2245 603 2278 obstat
635 2245 876 2288 discrepantia.
934 2246 1156 2289 Quamquam
1193 2247 1286 2281 enim
1319 2249 1464 2291 plurimi

79 2305 180 2340 codd.
205 2317 269 2349 qno
293 2309 429 2345 tenent,
452 2309 567 2338 tamen
592 2306 626 2338 in
651 2306 730 2339 Seu.
756 2306 789 2340 1.
814 2305 931 2339 Strut.
959 2306 1078 2341 1ne.2.
1106 2307 1209 2340 Rem.
1233 2309 1266 2342 1.
1294 2310 1410 2344 Guelf.
1427 2309 1463 2344 9.

79 2366 190 2400 Paris.
216 2367 260 2399 D.
285 2366 327 2398 Ε.
350 2366 431 2400 ven.
459 2367 492 2400 l.
517 2367 594 2402 Vat.
618 2366 653 2400 4.
677 2371 710 2400 et
734 2365 767 2400 5.
793 2366 922 2410 legitur
947 2368 1055 2410 ‹yn-od,
1090 2367 1126 2402 in
1149 2368 1255 2402 Acad.
1282 2373 1315 2404 et
1338 2371 1463 2405 Franc.

79 2427 241 2471 quoniam
256 2451 266 2467 ‚
299 2426 335 2459 in
360 2427 436 2460 Vnt.
460 2426 493 2460 2.
522 2428 624 2471 quia,
660 2439 750 2472 quae
773 2439 840 2461 non
865 2428 1031 2462 credibile
1060 2433 1113 2463 est
1135 2440 1156 2464 a
1179 2430 1303 2464 scribis
1327 2431 1464 2466 invecta

79 2497 175 2527 esse,
210 2487 240 2520 si
273 2487 435 2529 primitus
468 2487 504 2521 in
536 2492 696 2523 contextu
728 2489 852 2523 fuisset
876 2501 920 2522 eo
945 2489 1192 2531 vehementius,
1227 2503 1307 2534 qno
1339 2492 1464 2531 maius,

79 2558 186 2590 quum
220 2558 262 2580 ne
294 2547 572 2583 indoctissimum
603 2549 743 2593 quidem
774 2550 898 2594 fugere
921 2554 1035 2593 posset
1058 2563 1097 2585 eo
1120 2563 1199 2585 cum
1223 2551 1462 2595 comparativo

60 2617 286 2651 ¹praegresso
310 2609 519 2652 respondere
542 2622 607 2654 qno
631 2611 665 2643 in
691 2611 802 2644 altero
826 2611 996 2645 membro.
1051 2611 1120 2645 Sed
1144 2613 1222 2645 luce
1244 2612 1375 2645 clarius
1397 2616 1459 2652 est,

81 2667 150 2701 hoc
173 2668 285 2711 ipsum
309 2669 528 2704 substituisse
550 2670 683 2705 scribas
706 2670 821 2704 minus
844 2671 1017 2714 frequenti
1041 2676 1236 2706 structurae
1257 2673 1462 2717 ‹eo—quod,

82 2739 185 2770 quam
209 2729 297 2763 bene
319 2730 472 2765 defendit
496 2732 576 2765 Car.
600 2732 715 2766 Beier.
740 2732 783 2766 ad
809 2732 881 2766 Cic.
909 2733 951 2765 de
975 2732 1046 2766 Off.
1071 2733 1139 2774 111,
1162 2733 1229 2774 22,
1252 2731 1307 2767 88.
1332 2745 1367 2777 p.
1383 2732 1463 2766 348.

83 2788 126 2823 cf.
150 2788 243 2824 inl'ra
266 2802 295 2826 c.
319 2790 450 2834 Lxlv,
475 2792 508 2827 6.
533 2793 719 2835 Lxxvln,
747 2792 779 2827 4.
802 2793 877 2828 biv.
903 2793 1028 2837 xxlv,
1053 2793 1111 2835 33,
1135 2793 1191 2836 2.,
1222 2805 1333 2837 neque
1357 2805 1463 2838 quon-
