1630 3034
414 155 780 200 IUGURTHA.
839 155 962 198 GAP.
985 155 1182 198 XXXV.
1399 158 1484 200 2⁰5

101 289 272 335 nepos,
321 273 419 333 qui,
476 273 580 331 quia
630 272 674 316 in
719 271 991 316 dissensione
1033 286 1194 333 regum
1238 271 1482 333 Iugurthae

100 371 313 415 advorsus
347 370 504 426 fuerat,
540 369 691 413 dedita
724 367 846 413 Cirta
877 374 922 412 et
950 368 1214 413 Adherbale
1248 369 1481 413 interfecto

100 468 320 528 profugus
357 482 410 511 ex
445 468 599 512 Africa
633 466 812 512 abierat.
882 464 1001 508 Huic
1036 465 1116 526 Sp.
1153 466 1364 525 Albinus,
1400 466 1515 525 qui2

101 577 320 625 proxumo
357 579 472 608 anno
515 569 620 623 post
653 562 851 606 Bestiam
888 576 989 605 cum
1026 562 1084 617 Q.
1121 561 1320 606 Minucio
1357 562 1482 607 Rufo

103 661 376 706 consulatum
416 660 628 721 gerebat,
676 658 940 719 persuadet,
990 658 1200 717 quoniam
1244 675 1300 703 ex
1345 660 1482 720 stirpe

99 813 198 843 ratus
220 809 415 852 perfectum
439 818 459 842 a
482 807 636 841 librariis
662 809 807 849 propter
838 811 1030 850 augescunt
1061 804 1098 840 in
1122 817 1284 850 praesens
1306 810 1482 842 mutatum

99 881 182 904 esse.
230 869 389 904 Concedo
421 869 511 902 hanc
541 874 740 911 temporum
771 867 1001 901 variationem
1034 867 1118 901 ferri
1147 879 1267 911 posse,
1300 868 1328 901 si
1361 879 1482 901 omnes

103 930 204 964 codd.
229 929 480 970 consentirent,
503 940 537 962 v,
563 929 606 962 ad
631 940 662 961 c.
689 929 774 970 ΧΠ,
797 929 841 970 43
872 929 932 962 sed
955 929 991 962 h.
1015 929 1039 962 l.
1063 929 1257 962 scribarum
1284 940 1363 972 pars
1387 928 1483 972 prius

101 1002 286 1034 praesens,
321 990 378 1023 vel
402 995 440 1023 ut
463 989 704 1032 perspicuitati
727 990 961 1031 consulerent,
992 990 1049 1023 vel
1069 989 1203 1023 incuria
1231 989 1265 1022 in
1292 990 1483 1032 perfectum

100 1055 300 1092 mutarunt3
335 1049 506 1094 posterius
526 1061 570 1083 ne
592 1061 715 1094 parem
738 1051 1024 1094 depravationem
1045 1049 1258 1094 experiretur
1283 1049 1360 1094 ipsa
1381 1048 1484 1083 verbi

100 1117 226 1147 natura
249 1111 439 1155 prohibuit.

194 1173 337 1206 XXXV.
384 1172 418 1217 §.
453 1171 487 1205 1.
521 1175 555 1205 et
585 1171 620 1205 2.
671 1172 761 1205 Erat
795 1182 839 1205 ea
873 1172 1089 1215 tempestate]
1125 1171 1263 1206 Cortius
1295 1174 1483 1215 praeeunte

102 1234 274 1274 Grutem,
309 1244 412 1275 quem
444 1233 550 1266 etiam
585 1233 848 1274 Havercampus
880 1233 1052 1275 sequitur,
1087 1233 1178 1266 nihil
1208 1234 1250 1266 de
1281 1233 1352 1267 suis
1382 1233 1482 1269 codd.

100 1305 243 1328 monens
267 1294 405 1337 scripsit
426 1305 468 1328 ea
488 1299 564 1328 erat
581 1297 812 1337 tempestate‚·
843 1293 902 1327 sed
925 1294 1196 1328 novemLeidd.
1220 1294 1256 1327 in
1280 1292 1406 1337 quibus
1423 1293 1485 1332 L..

101 1366 221 1389 omnes
245 1354 389 1396 Wassii,
413 1355 492 1388 Bas.
512 1354 545 1390 1.
569 1354 658 1398 Teg.
684 1354 788 1387 Bern.
813 1353 846 1388 3.
872 1355 989 1388 Berol.
1010 1356 1043 1389 1.
1062 1354 1095 1388 2.
1123 1354 1268 1388 Goerlit.
1294 1358 1327 1388 et
1351 1366 1484 1399 omnes,

101 1421 140 1451 ut
163 1415 319 1456 videtur,
353 1414 435 1448 Itali
466 1420 543 1449 erat
567 1406 811 1458 praemittunt,
843 1415 936 1458 quod
958 1414 1150 1448 narrationi
1173 1415 1289 1460 magis
1309 1415 1483 1450 convenit.

101 1495 147 1501 -—
178 1475 323 1509 Minucii
350 1475 434 1519 Rufi
456 1486 666 1519 praenomen
689 1475 723 1508 in
748 1475 910 1509 omnibus
935 1477 1036 1511 codd.
1080 1477 1228 1520 Quintus
1259 1480 1331 1521 est,
1363 1481 1485 1511 contra

101 1537 252 1572 aliorum
276 1536 484 1580 scriptorum
509 1536 772 1578 auctoritatem,
797 1537 856 1580 qui
879 1548 959 1570 eum
985 1537 1142 1570 Marcum
1165 1541 1310 1579 vocant3
1345 1546 1377 1573 v,
1402 1537 1482 1571 Liv.

101 1599 195 1642 Epit-
224 1598 327 1632 va.
354 1598 571 1632 Freinshem.
596 1598 640 1632 ad
663 1598 758 1630 Flor.
781 1598 849 1639 111,
872 1597 914 1639 4,
937 1597 973 1632 5.
1008 1597 1130 1642 Pighii
1154 1598 1290 1632 Annali.
1316 1598 1395 1632 vol.
1423 1597 1483 1632 m.

101 1671 134 1704 p.
149 1658 229 1693 120.
250 1679 296 1684 ——
320 1659 610 1703 Iugurthamque
634 1657 756 1701 optimi
782 1662 898 1692 tenent
920 1659 1019 1693 codd.
1044 1663 1081 1692 ut
1097 1659 1182 1693 Naz.
1197 1659 1280 1693 Bas.
1296 1659 1330 1693 1.
1356 1657 1484 1693 Sen.1.

101 1721 207 1755 Fabr.
227 1719 261 1754 1.
292 1719 387 1753 Leid.
412 1720 452 1753 L.
475 1719 569 1764 Teg.
593 1719 668 1753 Erl.
690 1717 821 1751 W'assii
845 1719 936 1763 Reg.
961 1723 995 1753 et
1018 1719 1156 1753 Pembr.
1188 1731 1268 1753 cum
1300 1719 1484 1753 duodecim

100 1781 192 1817 aliis.
239 1779 379 1814 Relicui
410 1780 571 1823 copulam
602 1790 671 1812 non
703 1778 855 1820 habent,
885 1790 1033 1823 eamque
1069 1780 1259 1816 omiserunt
1283 1781 1421 1815 Cottius
1449 1784 1485 1815 et

104 1841 316 1877 Gerlachius
340 1840 375 1874 in
398 1840 451 1874 ed.
483 1840 628 1882 maiore,
661 1850 729 1882 quo
758 1851 827 1874 non
858 1841 974 1874 solum
1003 1844 1176 1875 structura
1200 1842 1301 1876 valde
1323 1842 1412 1876 dura
1433 1842 1485 1884 fit,

100 1903 161 1937 sed
193 1902 299 1936 etiam
333 1900 502 1935 sententia
532 1901 745 1935 obscuritate
775 1902 922 1936 laborat.
971 1902 1121 1936 Sublata
1147 1902 1238 1936 enim
1272 1903 1396 1947 copula
1425 1901 1485 1935 vix

103 1968 199 2008 patet
221 1968 338 1996 utrum
362 1962 468 1995 verba
494 1961 702 2006 Iugurtham
717 1981 762 1986 —
784 1967 913 2007 urgeat
936 1963 981 1997 ad
1004 1963 1158 2007 protasin
1182 1974 1227 1997 an
1250 1962 1295 1996 ad
1318 1961 1486 2004 apodosin

104 2023 308 2067 pertineant,
331 2033 373 2055 ac
395 2022 524 2055 multos
546 2021 694 2055 editores
718 2033 757 2055 re
780 2033 863 2056 vera
886 2022 936 2056 ita
951 2023 1067 2066 lapsos
1090 2034 1165 2056 esse
1188 2021 1321 2056 monuit
1337 2021 1485 2056 Cottius.

104 2084 237 2127 Quodsi
259 2082 475 2125 reputaveris
490 2082 651 2125 copulam
671 2082 847 2125 excidisse,
873 2082 956 2126 quia
972 2082 1007 2116 in
1023 2082 1174 2126 antiquis
1192 2082 1291 2116 codd.
1314 2081 1486 2125 scriptum

104 2149 179 2178 erat
202 2145 506 2185 luem-mmqon,
541 2153 609 2175 non
640 2142 815 2176 dubitabis
846 2142 929 2187 quin
960 2154 1039 2177 eam
1067 2147 1160 2177 recte
1182 2142 1489 2184 remcawrimusg

106 2217 141 2239 v.
166 2204 209 2238 ad
234 2205 266 2246 §.
291 2203 327 2238 6.
352 2206 387 2237 et
408 2203 452 2236 ad
477 2214 507 2235 c.
534 2202 731 2244 xxxvln,
759 2203 793 2237 9.
817 2204 984 2246 LXXIX,
1006 2203 1039 2237 3.
1064 2222 1110 2228 —
1133 2204 1232 2237 Metu
1254 2202 1349 2237 editt.
1369 2203 1486 2247 Bipp„

107 2264 273 2310 bangius,
299 2264 500 2306 Muellerus,
526 2263 736 2298 Gerlachius
759 2268 794 2297 et
816 2264 932 2298 Faber
954 2263 1101 2297 mirifice
1139 2263 1357 2308 praecipiunt
1385 2274 1487 2298 sensu

105 2326 242 2371 passivo
266 2324 528 2369 intelligendum
553 2335 638 2363 esse,
662 2325 769 2358 verba
789 2325 1019 2369 explicantes=
1038 2324 1201 2368 quoniam
1225 2325 1396 2371 Iugurtha
1417 2335 1488 2359 non

107 2387 211 2421 modo
243 2385 376 2418 invisus
410 2386 455 2419 sit
487 2385 680 2427 Romanis,
710 2385 771 2419 sed
799 2386 904 2419 etiam
932 2385 976 2418 ab
1002 2386 1046 2418 iis
1071 2386 1246 2420 timeatur.
1295 2385 1364 2419 Sed
1394 2384 1487 2429 quod

107 2451 297 2491 provocant
319 2445 363 2480 ad
386 2445 474 2479 Non.
499 2446 548 2487 11,
572 2444 653 2481 554.
676 2448 710 2478 et
732 2445 776 2478 ad
802 2445 892 2478 Gen.
913 2444 985 2479 BN.
1010 2445 1081 2478 ΔΑ.
1108 2446 1178 2488 lx,
1198 2445 1243 2480 12
1257 2471 1268 2489 ,
1293 2449 1377 2480 extr.
1411 2444 1485 2490 qui,

107 2512 146 2542 ut
177 2504 324 2541 doceant
355 2510 467 2540 metus
505 2505 643 2549 passive
675 2505 765 2548 dici,
798 2507 886 2540 haec
908 2505 1051 2540 laudant
1073 2505 1231 2540 Sallustii
1255 2516 1297 2540 ex
1320 2504 1488 2540 Historiis

107 2569 307 2612 (Fragmm.
332 2568 365 2609 1,
391 2567 446 2600 11.
471 2566 590 2610 Gerl.)
627 2566 664 2600 id
689 2567 813 2600 bellum
843 2567 1016 2601 excitabat
1045 2572 1188 2602 metus
1215 2566 1392 2610 Pompei
1414 2566 1486 2600 υἰ-

107 2629 269 2669 ctoris,
308 2627 344 2661 id
369 2638 507 2671 prorsus
530 2627 575 2660 ab
600 2627 636 2661 h.
660 2629 684 2661 l.
708 2627 859 2662 alienum
884 2632 956 2668 est,
990 2639 1098 2671 quum
1121 2627 1281 2671 passivus
1304 2637 1407 2670 quem
1430 2625 1485 2660 di-

107 2694 188 2723 cunt
218 2699 336 2722 sensus
367 2689 516 2733 genitivi
549 2687 683 2722 ratione
711 2689 851 2723 nitatur.
900 2689 1120 2731 Quamquam
1150 2687 1259 2731 igitur
1289 2687 1484 2732 Iugurthae

109 2754 218 2784 metas
241 2748 400 2794 legitime
420 2761 487 2785 nou
511 2749 624 2784 solum
657 2753 790 2784 metum
820 2749 1017 2794 significat,
1049 2748 1083 2782 in
1118 2760 1185 2792 quo
1220 2747 1293 2792 ipse
1326 2752 1396 2789 est,
1424 2748 1483 2780 sed
