1630 3034
159 212 243 252 192
524 205 570 245 C.
611 204 944 246 SALLUST1
983 204 1210 246 CRISPI

113 332 140 370 3
165 339 250 384 pro
297 322 466 367 incerta
510 336 592 381 spe
627 326 749 366 certa
766 321 993 380 praemia.
1064 320 1195 366 Haec
1237 320 1324 364 illis'
1358 321 1545 365 volven-

110 423 137 461 4
163 416 278 459 tibus
341 413 524 456 taudem
587 412 696 458 vicit
760 412 939 456 fortuna
1001 412 1294 470 reipublicae.
1387 412 1546 470 Itaque

160 507 218 561 Q.
255 504 400 548 Fabio
435 503 630 563 Sangae,
667 502 790 548 cuius
823 503 1073 562 patrocinio
1111 503 1267 547 civitas
1299 502 1547 561 plurimum

158 597 390 651 utebatur,
437 609 534 638 rem
580 608 787 651 omnem,
844 595 910 639 uti
955 599 1285 654 cognoverant,
1328 594 1547 652 aperiunt.

157 762 316 807 ipsorum
350 759 544 796 commodis
573 764 790 804 comparent,
815 759 1034 802 dubitantes,
1065 762 1182 794 utrum
1216 759 1400 794 universae
1432 758 1549 806 gentis

159 820 391 863 Allobrogum
413 818 520 852 saluti
542 819 798 862 prospicerent,
819 819 953 852 bellum
975 818 1166 859 movendo,
1199 828 1244 851 an
1268 817 1336 851 sibi
1359 817 1444 861 ipsis
1467 821 1546 851 tan-

159 881 256 918 tum,
277 876 516 909 coniuratione
539 877 750 921 detegenda,
778 877 1004 909 consulerent.
1039 876 1142 909 Patet
1163 874 1274 919 igitur
1296 875 1444 908 maiores
1466 884 1547 917 opes

159 947 228 968 non
253 945 335 967 cum
358 933 489 966 Dahlio
513 938 548 967 et
569 933 705 978 Langio
729 933 1005 977 interpretandas
1029 944 1104 967 esse
1125 933 1216 965 vires
1238 932 1468 976 reipublicae,
1497 931 1547 964 ad

158 989 390 1026 obsistendum
414 991 601 1024 coniuratis
625 992 792 1030 maiores,
826 993 886 1025 sed
917 986 1089 1026 maiorem
1119 989 1313 1033 potentiam
1336 994 1370 1024 et
1394 988 1548 1022 auctori-

158 1053 287 1090 tatem,
309 1047 436 1092 legatis
459 1059 500 1081 eo
524 1049 689 1082 futuram.
741 1050 835 1082 Tuta
859 1049 966 1084 etiam
989 1053 1087 1082 erant
1111 1049 1254 1081 consilia
1276 1057 1324 1081 sc.
1350 1058 1425 1087 sua,
1445 1045 1547 1089 quip-

158 1119 201 1151 pe
225 1105 286 1150 qui
318 1106 369 1138 ita
397 1104 487 1138 nihil
519 1106 625 1148 plane
647 1103 948 1149 periclitarentur,
984 1110 1104 1140 contra
1137 1104 1375 1138 coniuratione
1398 1104 1547 1147 probata

156 1164 194 1197 in
217 1174 395 1196 summum
427 1162 582 1195 omnium
614 1174 732 1195 rerum
764 1162 948 1196 discrimen
981 1163 1109 1197 adduci
1142 1166 1290 1207 possent.
1340 1162 1459 1204 Quare
1483 1161 1547 1194 ab·

156 1221 263 1255 surda
286 1219 446 1252 videntur
471 1230 559 1262 quae
583 1220 810 1254 Kunhardtus
833 1220 1033 1254 annotavit:
1068 1232 1182 1262 „narn
1207 1219 1235 1252 si
1262 1218 1338 1261 quis
1361 1217 1548 1252 indicasset

157 1279 201 1312 de
223 1275 482 1318 coniuratione,
519 1287 600 1310 cum
624 1277 789 1311 videbant
821 1289 842 1312 a
865 1279 1019 1313 maxima
1043 1278 1176 1312 civium
1198 1280 1298 1321 parte
1321 1278 1461 1309 strenuo
1483 1275 1548 1309 de·

158 1336 294 1370 sensum
319 1333 364 1367 iri
388 1339 509 1367 contra
531 1334 628 1377 illos,
666 1335 790 1378 quibus
814 1335 930 1369 aliena
953 1348 1050 1370 mens
1073 1340 1160 1371 erat.
1171 1337 1195 1354 “
1227 1354 1273 1360 -
1307 1335 1410 1368 Certa
1439 1342 1547 1377 pruo—

157 1394 230 1426 mia
253 1391 406 1434 intelligi
430 1401 452 1423 a
474 1391 600 1435 legatis
625 1403 687 1432 ea,
722 1404 811 1436 quae
835 1405 864 1428 c.
885 1394 998 1435 XXX,
1018 1393 1052 1426 6.
1086 1403 1109 1427 a
1133 1393 1265 1426 Senatu
1291 1390 1470 1435 proposita
1492 1390 1548 1424 di—

157 1451 347 1490 cebantur,
371 1447 462 1481 mihi
486 1459 609 1491 parum
635 1450 817 1491 probabile
844 1453 916 1493 est,
940 1450 1107 1493 quoniam
1132 1461 1161 1482 c.
1182 1450 1223 1490 L,
1245 1449 1278 1483 1.
1314 1449 1357 1482 de
1379 1447 1547 1493 praemiis

156 1506 410 1550 Allobrogibus
434 1516 456 1538 a
479 1506 607 1539 Senatu
634 1507 778 1539 decretis
803 1507 948 1547 dicitur;
974 1507 1200 1540 Kunhardtus
1223 1511 1339 1539 tamen
1361 1517 1427 1550 pro
1449 1509 1547 1540 certo

158 1567 337 1600 affirmat..
386 1562 509 1596 verior
531 1563 702 1607 llerzogii
726 1565 895 1597 sententia
919 1568 980 1604 e=t‚
1004 1564 1066 1607 qui
1089 1564 1338 1607 interpretatur
1356 1562 1546 1605 commoda,

157 1624 238 1658 coll.
265 1623 363 1656 caes.
387 1621 431 1654 Β.
458 1621 500 1653 G.
526 1621 554 1663 1,
577 1620 632 1653 43.
659 1626 694 1654 et
717 1621 900 1654 Heindorf.
932 1622 977 1654 ad
1000 1621 1089 1654 Hor.
1113 1619 1186 1654 Sat.
1203 1621 1232 1661 1,
1250 1618 1284 1661 5,
1300 1617 1359 1653 35.

250 1682 283 1722 §-
306 1679 340 1712 3.
389 1678 489 1711 Ilaec
514 1679 582 1711 iuis
605 1677 836 1721 volventibus]
874 1679 912 1711 In
936 1677 1174 1721 grammatica
1196 1678 1325 1711 horum
1355 1677 1545 1711 verborum

156 1738 290 1774 ratione
322 1735 526 1779 explicanda
561 1735 692 1768 frustra
724 1747 761 1768 se
801 1735 903 1769 torsit
934 1735 1145 1779 llerzogius.
1206 1735 1323 1780 Negat
1355 1735 1448 1768 enim
1480 1735 1546 1769 hus

157 1793 415 1831 enunciationes
439 1793 488 1826 ita
512 1793 719 1832 cohaerere,
743 1795 782 1824 ut
804 1792 922 1834 priore
946 1803 1069 1825 caussa
1092 1791 1308 1827 contineatur
1330 1791 1545 1836 posterioris,

157 1865 249 1899 quae
273 1851 552 1886 enunciationum
577 1850 667 1884 ratio
698 1849 840 1892 propria
871 1854 920 1883 cst
952 1849 1191 1883 ablativorum
1223 1851 1483 1892 absolutorum,
1506 1854 1546 1886 ut

156 1911 242 1947 scite
276 1906 594 1944 monuit‘Godorr.
629 1907 885 1941 Stullbuumius
921 1908 967 1941 ad
1000 1907 1238 1942 Ruddimauni
1272 1908 1396 1942 Iustitt.
1427 1908 1472 1942 T.
1499 1908 1544 1943 11.

156 1967 285 2014 p.296.
322 1971 392 2000 not.
417 1966 450 2000 1.
484 1969 518 1998 et
554 1965 767 1998 Ramshorn.
794 1966 954 2000 Gramm.
980 1966 1055 1999 Lat.
1089 1968 1120 2007 5.
1143 1965 1222 1998 171.
1247 1966 1291 2000 11.
1323 1966 1366 1999 Β.
1400 1976 1434 2009 p.
1461 1964 1542 1999 462.

155 2025 331 2071 Quocirca
354 2036 396 2058 eo
424 2023 567 2056 inclinat
591 2021 631 2054 V.
657 2023 722 2062 1).,
756 2027 794 2056 ut
818 2024 887 2056 illis
911 2024 998 2056 volu.
1024 2034 1086 2066 pro
1111 2023 1237 2057 dativis
1260 2023 1391 2056 habent
1412 2032 1543 2066 graeco

154 2095 254 2119 more
270 2081 401 2126 positis,
425 2080 551 2123 quibus
576 2079 806 2124 significetur,
833 2085 1002 2122 quatenus
1025 2080 1151 2123 aliquis
1175 2081 1326 2124 reipsa,
1351 2089 1443 2123 quae
1465 2077 1546 2124 agi-

154 2145 231 2183 tur,
259 2140 333 2175 eive
365 2137 496 2179 lenius,
532 2136 605 2170 sive
628 2136 774 2181 gravius
809 2137 996 2171 afficiatur.
1054 2139 1153 2182 Quac-
1177 2143 1215 2172 ut
1245 2148 1386 2182 prorsus
1410 2147 1544 2180 nequeo

153 2199 372 2243 intelligere,
406 2195 456 2229 itu
480 2194 568 2228 mihi
594 2199 728 2228 certum
752 2198 822 2236 est,
860 2195 1034 2229 ablativos
1057 2196 1182 2229 absoll.
1207 2195 1267 2228 hic
1289 2194 1425 2235 haberi,
1451 2193 1542 2239 legi-

153 2256 240 2290 time
274 2253 426 2289 caussali
458 2252 622 2293 vinculo,
657 2263 870 2295 quamquam
903 2253 1022 2297 paullo
1046 2253 1249 2292 obscurius,
1283 2263 1363 2285 cum
1386 2250 1542 2295 sequenti

152 2312 321 2346 sententia
343 2311 580 2344 cohaerentes.
616 2309 792 2352 Quoniam
817 2310 910 2343 enim
935 2310 1047 2344 omnis
1071 2311 1232 2344 vincendi
1255 2309 1414 2344 condicio
1437 2310 1542 2344 rebus

152 2369 290 2410 dubiis,
322 2368 461 2401 incertis
495 2379 536 2400 nc
560 2367 770 2410 ancipitibus
802 2366 941 2408 nititur,
978 2379 1088 2411 neque
1111 2380 1263 2412 unquam
1298 2367 1391 2401 vinci
1415 2370 1542 2411 potest,

152 2426 219 2459 nisi
245 2425 305 2459 ubi
329 2437 384 2458 res
408 2424 442 2457 in
468 2424 575 2457 dubio
601 2424 840 2470 ambiguoque
862 2430 953 2466 suut,
978 2430 1073 2469 putet
1096 2438 1232 2460 sonsum
1258 2426 1348 2459 liunc
1369 2436 1462 2458 essez
1486 2435 1540 2467 oo,

153 2483 244 2526 quod
268 2483 321 2516 illi
346 2483 433 2515 hacc
457 2482 644 2515 volvebant
679 2482 719 2525 (i.
746 2494 775 2514 c.
808 2483 900 2525 quod
925 2483 1006 2525 quid
1037 2488 1262 2526 sequerentur
1292 2481 1390 2516 dubii
1414 2482 1539 2516 haere·

152 2541 254 2583 bunt)
280 2540 419 2573 tandem
444 2539 608 2572 effectum
633 2544 703 2579 est,
729 2544 769 2573 ut
792 2540 933 2573 soi-tuna
956 2541 1106 2584 reipubl.
1135 2541 1298 2583 vinceret,
1323 2540 1359 2573 h.
1378 2550 1408 2573 e.
1431 2549 1539 2583 quum

153 2597 208 2632 illi
230 2599 318 2631 hacc
341 2597 541 2638 volverent,
565 2597 704 2631 taudem
728 2597 809 2631 fort.
832 2597 918 2641 reip.
943 2598 1039 2632 vicit.

249 2658 282 2698 §-
306 2655 340 2689 ⁴.
389 2656 483 2689 cuius
507 2656 699 2699 patrocinio
724 2656 812 2699 κείω]
846 2655 900 2689 Ad
931 2655 1023 2688 hunc
1056 2656 1171 2690 locum
1205 2655 1449 2690 illustrandum
1473 2665 1538 2698 op-

155 2712 268 2757 primo
289 2712 438 2757 pertinet
461 2713 532 2748 Cic.
557 2714 600 2748 do
623 2713 694 2748 off.
719 2713 747 2758 l,
770 2713 825 2755 11,
842 2712 901 2748 35.
925 2718 1102 2759 tantopere
1131 2714 1225 2760 apud
1249 2718 1381 2749 nostros
1402 2714 1537 2748 iustitia
