1630 3034
487 156 847 201 IUGURTHA.
909 156 1047 202 CAP.
1076 157 1210 200 LXV.
1436 166 1523 207 353

133 288 391 329 manorum,
422 279 662 334 utrumque
696 279 966 335 negaverat,
1000 274 1246 335 honorem,
1288 277 1410 336 quod
1438 294 1519 323 eo-

132 386 232 415 rum
266 370 405 416 modo
440 370 580 427 foret,
625 387 738 430 quos
774 372 971 432 populus
1002 372 1230 417 Romanus
1265 389 1397 434 reges
1433 390 1518 435 ap-

131 467 411 527 pellavisset,
466 469 765 527 praesidium,
811 468 934 526 quod
983 470 1350 514 contumeliosum
1387 471 1519 530 foret,

132 565 168 608 si
220 565 389 623 equites
448 565 644 608 Romani
699 565 906 608 satellites
951 565 1174 610 Numidae
1226 567 1518 612 traderentur.

131 675 267 720 Regem
292 675 466 719 appellari
498 685 520 708 a
551 675 682 718 populo
706 679 896 718 senatuque
920 676 1082 709 Romano
1113 687 1272 710 summus
1303 678 1419 711 honor
1447 682 1520 713 erat

129 736 273 781 regibus
308 735 455 777 exteris,
488 747 556 768 non
590 735 657 769 nisi
691 735 733 769 iis
768 736 874 769 tribui
899 737 1044 779 solitus,
1074 737 1134 780 qui
1166 739 1209 771 dc
1241 738 1387 781 imperio
1411 740 1517 776 Rom.

129 798 216 831 bene
240 796 447 830 meruissent
477 807 519 829 ac
552 795 632 829 fidei
666 795 846 839 officiique
878 797 1086 832 documenta
1118 799 1308 839 dedissent3
1339 799 1386 833 cf.
1416 800 1517 833 Caes.

127 858 171 892 Β.
197 858 242 892 G.
265 859 293 901 l,
317 857 373 892 43.
398 856 478 891 Liv.
503 856 633 898 XXXI,
654 857 711 898 11,
733 857 787 891 13.
838 858 1020 892 Verminae
1043 860 1156 903 legati
1178 865 1320 893 senatus
1342 860 1518 901 adierunt,

128 923 331 953 excusantes
363 929 524 952 errorem.
586 918 710 952 Petere
747 920 966 961 Verminam,
1006 924 1044 954 ut
1083 931 1158 953 rex
1195 921 1437 965 sociusque
1472 926 1518 954 et

128 981 304 1013 amicus
337 980 380 1012 ab
415 985 538 1014 senatu
570 981 819 1023 appellaretur.
868 981 1081 1024 Responsum
1116 981 1247 1024 legatis
1270 985 1340 1014 est:
1370 981 1517 1014 nominis

128 1040 202 1074 eius
223 1040 385 1074 honorem
405 1051 470 1084 pro
492 1041 633 1085 magnis
657 1051 745 1085 erga
769 1052 805 1073 se
827 1052 951 1085 regum
975 1041 1108 1074 meritis
1130 1041 1216 1073 dare
1237 1042 1401 1085 populum
1419 1043 1516 1075 Rom.

127 1111 318 1134 consuesse.
349 1100 411 1134 ubi
434 1111 469 1133 v·
493 1101 624 1134 Duker.
645 1101 697 1135 Id.
722 1102 842 1142 XXX,
866 1101 922 1143 15,
955 1101 1012 1134 11.
1045 1101 1160 1135 Tacit.
1191 1101 1278 1135 Anu.
1302 1102 1369 1144 lv,
1398 1102 1456 1146 26,
1478 1101 1514 1136 3.

128 1172 163 1196 v.
184 1172 291 1204 supra
314 1173 343 1196 c.
368 1161 493 1203 xxiv,
517 1161 550 1195 3.

220 1223 310 1267 quod
335 1223 613 1256 contumeliosum
633 1223 749 1266 foret]
776 1223 832 1256 Ita
856 1221 986 1267 legitur
1010 1222 1045 1256 in
1070 1222 1212 1256 Fabric.
1233 1221 1265 1257 l.
1288 1221 1396 1255 Laud.
1421 1220 1455 1255 2.
1480 1220 1514 1255 3.

126 1283 273 1316 Balliot.
300 1283 414 1317 Mark.
441 1285 485 1318 Γ.
509 1287 552 1318 Λ.
587 1289 621 1318 ct
648 1283 732 1317 Edd.
759 1283 874 1316 Venet.
922 1283 961 1316 ln
986 1281 1125 1316 relicuis
1149 1282 1248 1315 codd.
1282 1281 1442 1315 omnibus
1466 1286 1517 1316 est

126 1355 160 1388 q.
184 1348 273 1378 cont.
296 1343 342 1376 in
367 1355 443 1378 eos
460 1347 567 1388 foret,
592 1343 885 1388 quemadmodum
903 1354 1022 1376 ornnes
1045 1343 1207 1383 editores,
1230 1343 1382 1386 exceptis
1401 1343 1517 1386 Bipp.,

125 1404 349 1448 scripserunt.
398 1403 467 1438 Sed
492 1415 706 1449 quamquam
731 1403 898 1446 exemplis
921 1403 1096 1437 nonnullis
1118 1403 1260 1447 probari
1284 1407 1421 1446 potest,
1454 1403 1516 1437 de-

125 1463 396 1498 monstrativum
427 1466 532 1500 etiam
558 1467 603 1500 ad
635 1475 760 1499 nomeu
791 1463 983 1506 pertinere,
1016 1465 1108 1507 quod
1142 1463 1176 1497 in
1207 1463 1431 1506 sequentibus
1454 1463 1515 1497 de-

125 1536 224 1559 mum
247 1524 389 1570 legitur,
414 1525 479 1569 (cf.
503 1527 589 1570 Nep.
614 1525 718 1560 Attio.
743 1536 772 1557 c.
800 1525 878 1567 Xll,
901 1524 936 1559 5.
988 1525 1087 1567 Quod
1111 1525 1147 1558 in
1174 1535 1327 1557 eorum
1350 1524 1515 1568 periculis

125 1597 195 1619 non
226 1596 322 1619 secus
354 1586 531 1627 absentes,
571 1597 674 1630 quam
707 1591 907 1630 praesentes
950 1587 1120 1618 amicos
1162 1585 1274 1618 Attico
1307 1595 1379 1618 esse
1409 1596 1515 1618 curae

124 1647 301 1692 cognitum
326 1651 387 1680 est.
419 1647 539 1680 lustin.
562 1648 589 1688 1,
612 1647 647 1690 3,
671 1646 706 1680 2.
758 1647 813 1678 Ad
837 1646 927 1679 hunc
952 1647 1288 1691 (Sardanapalum)
1313 1646 1512 1689 videndum,

123 1707 215 1753 quod
249 1707 378 1741 nemini
402 1712 485 1741 ante
508 1719 605 1742 eum
634 1708 838 1752 permissum
865 1709 1006 1750 fuerat,
1036 1710 1315 1752 praefectus
1339 1705 1449 1750 ipsius
1474 1725 1512 1732 —-

123 1779 227 1813 quum
250 1767 394 1801 admitti
424 1780 560 1815 magna
589 1769 775 1802 ambitione
799 1779 909 1813 aegre
943 1769 1172 1811 obtinuisset.)
1200 1772 1337 1808 ‚tamen
1362 1767 1431 1800 loci
1454 1778 1514 1801 na-

123 1833 204 1863 tura
227 1829 319 1862 hunc
343 1828 516 1862 rationem
548 1841 617 1863 non
645 1830 831 1864 admittere
854 1829 1003 1863 videtur.
1053 1829 1131 1862 Hoc
1155 1828 1303 1861 sentiens
1325 1827 1512 1861 Freinshe-

122 1888 215 1923 mius
238 1889 282 1922 ad
307 1889 403 1923 Curt.
429 1890 528 1930 vm,
551 1889 587 1932 5,
610 1890 643 1924 3
678 1890 861 1935 ingeniose
892 1889 1114 1924 scribendum
1141 1892 1273 1921 censet:
1305 1900 1338 1933 q.
1363 1892 1513 1922 contum.

123 1949 171 1983 in
193 1952 406 1992 nossoret,
443 1949 468 1983 i.
492 1961 523 1983 e.
546 1950 582 1984 in
606 1952 785 1985 Romanos
809 1951 884 1984 sive
907 1949 943 1983 in
966 1950 1133 1993 populum
1161 1949 1279 1989 Rom„
1305 1953 1343 1982 ut
1367 1948 1514 1982 Tacitus

123 2009 277 2052 loquitur
301 2010 437 2043 Annali.
463 2011 557 2051 xm,
576 2010 634 2051 41,
656 2011 690 2046 2.
743 2011 815 2044 Nec
838 2011 876 2044 id
899 2011 1030 2043 nobis
1054 2010 1178 2042 virium
1202 2013 1291 2042 erat.
1337 2007 1513 2042 Nimirum

124 2073 218 2103 recte
251 2074 430 2104 assecutus
457 2075 519 2112 est,
553 2071 695 2104 Metello
719 2069 822 2104 istam
847 2069 1095 2104 contumeliam
1128 2068 1245 2112 potius
1269 2068 1311 2101 ad
1345 2070 1513 2113 populum

124 2130 240 2172 Rom„
265 2141 370 2173 quam
394 2130 438 2164 sd
461 2129 619 2175 singulos
643 2132 771 2175 equites
793 2135 950 2174 spectare
976 2130 1084 2164 visam
1109 2140 1204 2170 esse,
1236 2139 1384 2172 eamque
1411 2129 1514 2164 inum

124 2201 285 2225 caussam
309 2190 475 2224 habuisse
497 2191 743 2236 gravissimam
767 2191 919 2237 negandi
942 2190 1119 2236 praesidii.
1169 2190 1269 2234 Quae
1290 2189 1382 2223 ratio
1405 2200 1514 2233 quum

124 2251 300 2295 imprimis
328 2252 448 2286 valere
483 2252 609 2286 debent
638 2252 682 2286 ad
713 2252 884 2286 iudicium
917 2252 960 2285 de
984 2252 1020 2285 h.
1044 2252 1068 2285 1.
1101 2251 1313 2294 regendum,
1343 2250 1421 2293 quis
1444 2260 1514 2284 non

124 2313 219 2347 videt
250 2313 395 2347 eandem
425 2313 632 2346 sententiam
667 2312 778 2347 inesse
802 2313 837 2347 in
867 2312 1038 2356 scriptura
1070 2321 1091 2344 a
1114 2310 1214 2343 nobis
1237 2309 1403 2354 recepta?
1435 2310 1513 2345 Non

126 2373 236 2408 aliam
261 2373 354 2407 enim
377 2373 691 2417 interpretationem
713 2373 903 2408 admittunt
927 2372 1035 2406 verba
1057 2370 1216 2405 absolute
1237 2370 1370 2414 positu
1401 2382 1514 2415 neque

126 2434 200 2469 alia
223 2435 338 2469 resin
362 2445 487 2469 caussa
511 2434 598 2476 tuit,
632 2446 694 2468 eur
720 2434 858 2468 librarii
892 2434 929 2467 in
965 2444 1021 2466 eos
1053 2431 1241 2473 adderent,
1278 2442 1386 2475 quam
1419 2431 1513 2476 quod

125 2506 197 2539 quo
222 2495 434 2541 pertinerent
459 2495 566 2530 verba
590 2501 736 2530 centurn.
762 2498 860 2539 soret
883 2505 952 2527 non
975 2492 1059 2526 satis
1087 2496 1206 2536 patere
1228 2491 1297 2526 rati
1321 2496 1419 2532 sunt,
1451 2503 1514 2526 ve-

124 2566 204 2591 mm
228 2567 349 2590 eorum
372 2556 597 2598 relationem,
622 2567 664 2590 ex
687 2556 938 2590 sententiarum
962 2564 1052 2587 nexu
1076 2557 1109 2586 et
1133 2550 1273 2597 ingenio
1297 2551 1430 2585 Metelli
1456 2563 1514 2585 re-

125 2618 328 2660 petendam,
363 2629 431 2651 non
469 2617 628 2652 assecuti.
662 2637 709 2643 —
733 2615 943 2651 Gerlachius
978 2614 1021 2648 ad
1055 2613 1237 2657 vulgatam
1263 2612 1513 2646 defendendam

126 2676 216 2711 haec
239 2678 402 2721 protulitz
434 2682 552 2719 „recte
576 2678 733 2712 Cor-tius:
761 2677 846 2711 illud
871 2677 901 2710 si
924 2676 1103 2720 eleganter
1126 2672 1161 2707 in
1185 2685 1224 2707 re
1248 2672 1379 2707 incerta
1401 2677 1435 2706 et
1459 2673 1516 2706 fa-

127 2735 260 2772 ciendo.
283 2757 330 2764 —
349 2739 494 2774 Poterat
515 2737 609 2772 enim
631 2744 693 2774 aut
715 2737 924 2779 relativum,
955 2739 1018 2771 aut
1045 2733 1264 2769 accusativus
1298 2744 1377 2768 cum
1399 2731 1516 2767 infini-

194 2809 251 2853 Π.
1169 2806 1234 2849 23
