1630 3034
392 207 730 250 CATILINA.
789 207 1139 248 cAP.xxxlx.
1254 197 1262 204 '
1375 209 1458 251 185

74 327 244 371 tilinam
278 325 401 369 initio
446 324 643 382 profecti
677 328 796 374 sunt3
841 322 887 365 in
920 323 992 366 his
1029 332 1123 366 erat
1166 323 1221 368 A.
1259 323 1456 378 Fulvius,

75 417 302 463 Senatoris
347 415 484 469 filius,
538 429 672 471 quem
716 419 955 457 retractum
1003 429 1056 459 ex
1098 414 1254 457 itincre
1297 429 1458 472 parens

75 509 224 552 necari
268 506 400 549 iussit.
481 504 632 548 Isdem
680 505 959 563 temporibus
1005 505 1181 548 Romae
1225 505 1455 559 Lentulus,
1477 515 1505 554 6

75 598 202 642 sicuti
236 596 426 642 Catilina
460 600 780 653 praeceperat,
826 610 1116 652 quoscunque
1151 595 1350 639 moribus
1386 602 1460 639 aut

74 688 254 732 fortuna
299 686 426 731 novis
470 685 602 730 rebus
648 685 835 732 idoneos
884 686 1122 741 credebat,
1166 691 1243 729 aut
1286 701 1369 745 per
1414 701 1461 730 sc

75 831 235 871 veniunt,
259 829 334 875 qui
369 830 412 864 ab
438 829 553 863 Mario
573 831 794 873 petivere.
826 840 861 865 v.
885 830 928 866 F.
951 830 991 863 A.
1015 830 1127 865 Wolf.
1161 829 1205 863 ad
1229 829 1344 863 Tacit.
1371 829 1458 863 Ann.

75 888 106 930 1,
125 886 183 928 53,
201 886 278 926 init,
320 887 415 919 ›Cum
443 885 499 918 his
522 887 732 922 eonferenda
756 891 854 929 sunt,
887 898 978 930 quae
1002 887 1045 921 ad
1068 899 1098 920 c.
1120 887 1216 928 xlx,
1235 887 1268 921 4.
1306 888 1349 920 de
1371 886 1462 919 indi*

76 943 186 978 cativi
218 955 284 977 usu
316 943 486 984 diximus3
517 948 610 986 patet
634 944 727 978 enim
767 956 823 979 res
860 944 909 979 sic
933 945 1132 985 enunciari,
1159 948 1198 979 ut
1220 957 1289 978 non
1313 956 1335 979 a
1359 955 1462 988 prae-

75 1011 198 1045 gressa
220 1000 388 1034 sententia
411 1004 472 1035 aut
495 1001 644 1035 alicuius
667 1002 881 1047 cogitatione
903 1003 1085 1046 pendeant,
1109 1003 1168 1036 sed
1191 1002 1396 1046 simpliciter
1425 1005 1463 1036 ut

75 1058 188 1092 factas
210 1057 379 1101 prop0ni3
414 1069 448 1093 v.
475 1059 547 1092 Cic.
573 1071 606 1103 p.
637 1060 731 1095 Sext,
751 1059 808 1102 45,
826 1060 884 1096 96.
919 1061 986 1093 duo
1009 1071 1144 1104 genera
1178 1071 1310 1104 semper
1332 1060 1370 1093 in
1395 1060 1463 1093 Ιιασ

76 1116 218 1150 civitate
245 1118 392 1158 fuerunt
417 1127 551 1158 eornm,
583 1117 642 1161 qui
663 1119 795 1151 versari
819 1113 861 1150 in.¹
878 1117 1008 1160 republ.
1034 1123 1138 1162 atque
1163 1119 1199 1151 in
1223 1129 1266 1151 ea
1291 1129 1327 1151 se
1351 1118 1462 1150 excel-

77 1173 204 1206 lentius
225 1184 348 1217 gerere
371 1175 584 1207 studuerunt.
609 1193 656 1198 —
690 1175 732 1207 In
756 1175 809 1207 his
833 1178 956 1215 erat,
982 1184 1100 1207 omncs
1123 1179 1238 1209 tenent
1261 1176 1375 1215 codd„
1399 1186 1463 1208 ex-

77 1233 177 1274 cepto
198 1230 335 1271 Acad.‚.
363 1242 467 1273 quem
500 1230 637 1264 Cottius
673 1234 708 1264 et
733 1229 944 1264 Gerlachius
969 1230 1064 1264 male
1086 1231 1197 1265 secuti
1220 1235 1320 1273 sunt3
1345 1231 1463 1277 legiti-

78 1298 177 1321 mum
201 1291 253 1321 ost
277 1287 370 1320 enim
404 1287 440 1320 in
474 1287 538 1321 tali
568 1288 736 1321 sententia
767 1287 1032 1331 imperfectum,
1066 1289 1159 1330 quod
1190 1300 1258 1322 non
1292 1300 1401 1332 acque
1424 1293 1464 1324 ut

79 1356 240 1389 pmesens
264 1344 381 1378 omitti
405 1345 502 1378 solet.
524 1363 568 1369 —
592 1344 832 1387 Antiquiorcm
854 1345 1005 1378 formam
1028 1345 1137 1378 isdem
1160 1349 1215 1379 sat
1237 1346 1340 1379 multi
1362 1347 1462 1381 codd.

79 1407 239 1444 tuentur,
271 1413 418 1445 eamque
446 1402 589 1435 firmant·
619 1401 725 1435 etiam
759 1401 806 1443 ii,
851 1401 888 1434 in
922 1401 1046 1444 quibus
1079 1402 1211 1435 hisdem
1244 1403 1386 1448 legitur.
1418 1424 1463 1431 —-

79 1457 233 1494 Mu'ribus
258 1464 320 1493 aut
336 1462 486 1502 fortuna
495 1471 509 1499 ,⁸
532 1470 566 1494 v.
592 1459 635 1492 ad
660 1472 689 1492 o.
713 1459 845 1500 XXXI,
861 1458 896 1492 3.
921 1476 965 1483 ——
998 1459 1065 1492 Per
1087 1470 1124 1492 se
1147 1471 1209 1502 pro
1233 1461 1304 1504 ipse
1327 1462 1467 1505 opposh

79 1516 185 1551 tionis
208 1526 330 1550 caussa
353 1515 458 1558 dixit,
492 1515 583 1550 sicut
606 1516 702 1551 Suet.
728 1517 826 1551 Caes.
851 1527 879 1548 c.
904 1513 963 1555 56,
991 1515 1081 1549 med.
1123 1521 1157 1550 et
1180 1529 1270 1561 quae
1290 1530 1354 1562 per
1378 1520 1465 1552 alios

80 1579 182 1608 erant
202 1578 328 1618 gesta,
352 1577 387 1607 et
409 1583 499 1617 quae
522 1584 586 1616 per
609 1585 657 1607 se.
697 1572 770 1607 Cic.
796 1572 838 1606 de
862 1576 929 1616 pet.
953 1572 1054 1607 Cous.
1082 1584 1112 1606 c.
1135 1573 1169 1615 8,
1190 1574 1266 1608 init.
1299 1588 1381 1619 quos
1403 1588 1467 1620 per

78 1635 133 1672 te,
157 1642 239 1675 quos
259 1642 323 1674 per
345 1641 537 1666 communes
560 1632 688 1664 amicos
706 1631 838 1674 poteris
860 1641 1005 1663 sumere.
1047 1641 1080 1673 p.
1106 1622 1212 1666 Arch.
1237 1636 1328 1676 poet.
1354 1643 1383 1665 c.
1408 1633 1466 1674 1⁰,

78 1687 136 1722 26.
179 1687 293 1732 quid?
323 1699 347 1721 a
371 1688 411 1729 Q.
437 1688 577 1722 Metello
603 1689 664 1722 Ρίο
688 1699 798 1732 neque
823 1698 886 1731 per
909 1698 965 1728 se,
998 1699 1107 1731 neque
1129 1700 1193 1732 per
1216 1689 1376 1723 Lucullos
1399 1691 1466 1723 im-

76 1745 280 1789 petrasset?
301 1763 346 1772 —
380 1746 551 1789 Gaiusque
582 1745 675 1778 modi
705 1744 809 1778 unico
839 1755 968 1777 vorum
992 1748 1064 1788 est3
1100 1747 1348 1790 cuiuscunque,
1373 1747 1466 1791 qnod

77 1812 160 1846 pars
183 1802 284 1839 codd.
309 1805 420 1845 tenet,
454 1802 540 1836 ferri
562 1802 702 1846 nequit,
737 1803 878 1844 propter
900 1801 1084 1835 relativan
1108 1802 1204 1844 vim,
1244 1814 1333 1847 quae
1356 1804 1468 1837 aliam

80 1859 197 1894 adhuc
228 1860 510 1894 enunciationem
532 1859 668 1903 poscit,
700 1869 734 1891 v.
758 1858 911 1902 Zumptii
936 1859 1093 1894 Gramm.
1128 1861 1204 1895 Lat.
1239 1863 1270 1903 §.
1293 1860 1350 1903 31,
1371 1861 1406 1902 2,
1429 1861 1463 1896 2.

80 1928 117 1960 Ρ.
135 1916 214 1950 110.
237 1935 284 1946 ·«-·
317 1918 399 1951 Non
422 1919 530 1951 solum
553 1936 599 1947 -2
621 1917 702 1957 sed,
730 1917 858 1951 omisso
884 1918 1012 1957 etiam,
1047 1928 1115 1960 quo
1137 1929 1239 1952 sensu
1263 1918 1399 1952 dicatur
1420 1918 1468 1952 il-

80 1973 311 2007 lustravimus
335 1968 377 2007 ad
404 1973 619 2014 c.xv111‚7.
655 1974 711 2006 Cf.
737 1974 825 2007 Tac.
849 1974 936 2012 Ann,
956 1975 985 2017 1,
1005 1974 1062 2016 60,
1081 1974 1127 2008 in.
1154 1976 1276 2008 conciti
1294 1987 1360 2019 per
1378 1976 1466 2008 haec

81 2042 170 2064 non
192 2031 318 2064 modo
347 2032 521 2071 Cherusci,
546 2030 623 2064 sed
646 2032 877 2064 conterminae
900 2036 1033 2075 gentes.
1055 2049 1100 2059 --
1124 2032 1224 2065 Bello
1248 2031 1283 2065 in
1305 2031 1469 2075 plurimis

80 2087 235 2132 positum
258 2092 310 2122 est
333 2092 409 2132 post
431 2090 552 2130 modo,
585 2087 622 2121 in
653 2087 732 2121 aliis
756 2090 833 2130 post
850 2090 966 2131 foret,
997 2088 1034 2121 in
1065 2089 1142 2123 aliis
1175 2092 1253 2123 ante
1276 2089 1396 2129 modo,
1429 2087 1467 2121 in

81 2144 162 2179 aliis
183 2149 263 2180 anto
280 2148 398 2189 foret,
427 2148 517 2180 unde
541 2144 679 2179 eortius
711 2144 877 2186 coniecit,
906 2145 974 2178 hoc
996 2147 1207 2179 vocabulum
1239 2146 1355 2179 malae
1379 2145 1468 2178 scri-

82 2201 209 2236 barum
239 2203 432 2237 industriae
465 2203 604 2245 deberi,
637 2201 700 2245 qui
732 2213 752 2234 c
783 2212 858 2244 cap.
880 2201 1026 2243 XXXII,
1057 2202 1091 2236 1.
1125 2204 1195 2236 huc
1218 2202 1468 2236 transtulerint.

83 2259 188 2303 Quod
216 2262 257 2293 ut
277 2270 440 2303 perverse
474 2260 520 2293 ah
551 2269 592 2292 eo
624 2257 859 2301 excogitatum
882 2261 954 2299 cst,
991 2257 1041 2292 ita
1064 2260 1258 2302 perversius
1286 2259 1392 2293 ctiam
1416 2262 1470 2293 cst

83 2316 370 2350 demonstratum.
417 2315 572 2360 Vulgata
595 2314 790 2363 defenditur
813 2314 989 2358 particula
1013 2316 1132 2358 modo,
1156 2328 1225 2360 qua
1248 2316 1467 2361 significatur

82 2373 121 2408 id
143 2373 236 2417 quod
270 2371 472 2406 enunciatur
504 2384 573 2406 non
607 2372 643 2405 in
676 2371 877 2404 universum
903 2371 1034 2406 dictum
1058 2385 1149 2415 csse,
1185 2374 1244 2407 sed
1267 2375 1311 2408 ad
1335 2378 1468 2408 certam

84 2441 160 2465 rem
191 2429 371 2470 revocari3
408 2440 527 2464 sensus
560 2428 671 2473 igitur
702 2432 773 2462 estz
810 2439 930 2462 omnes
961 2429 1119 2464 homines
1141 2430 1371 2474 sollicitabat,
1396 2431 1470 2475 qni,

84 2488 150 2523 etsi·
172 2488 260 2521 nulli
283 2487 343 2520 alii
362 2486 425 2530 rei,
448 2487 535 2520 bello
554 2491 671 2521 tamen
696 2483 776 2518 usui
791 2487 911 2519 essent.
945 2485 1044 2521 Nihil
1067 2493 1183 2522 antem
1207 2488 1283 2533 agit
1306 2489 1469 2522 'renerus

85 2557 120 2589 p.
141 2544 225 2579 203.
257 2543 328 2585 „ob
365 2544 593 2578 constantiam
617 2541 776 2577 Sallustii
800 2541 836 2575 in
866 2553 908 2575 co
931 2543 1094 2588 loquendi
1117 2547 1249 2580 modo“
1275 2547 1360 2579 bello
1384 2546 1470 2579 reti*

87 2601 239 2637 nendum
266 2611 425 2640 censens;
450 2601 520 2635 alia
544 2601 637 2635 enim
660 2599 770 2634 nostri
792 2599 864 2634 loci
885 2601 976 2637 ratio
997 2604 1068 2645 est,
1099 2606 1202 2650 atque
1224 2613 1255 2639 c.
1275 2602 1467 2646 XXXII&

85 2659 164 2705 lug.
188 2657 331 2700 XXVII,
348 2656 382 2694 5.
405 2658 563 2705 XXXVI,
584 2659 620 2696 1.
643 2660 678 2695 et
699 2657 788 2702 LIV,
803 2656 838 2694 6.
