1630 3034
409 141 774 189 IUGURTHA·
831 143 958 189 GAP.
989 143 1137 187 CVIII.
1377 147 1462 189 583

77 276 204 318 cum,
259 267 436 322 tempus
479 262 579 322 ipse
628 260 887 323 delegeret3
932 262 1135 308 consulta
1175 275 1274 308 sese
1313 262 1459 307 omnia

76 374 178 404 cum
223 358 301 403 illo
354 359 531 419 integra
574 357 758 406 haberess
847 360 920 406 Ne
963 358 1210 422 Iugurthae
1259 359 1459 421 legatum

70 485 158 527 dus,
188 496 258 519 non
289 483 405 529 potuit
438 482 556 526 aliud,
586 495 693 529 quam
722 483 792 519 hoc
823 483 1013 520 subiicere:
1047 495 1190 529 „quum
1212 494 1254 519 eo
1276 487 1461 530 praesente

70 546 304 590 impediantur
333 545 446 580 libere
475 546 518 579 de
551 546 656 580 rebus
686 545 932 580 communibus
959 556 1086 591 agere,
1116 547 1204 580 velle
1234 558 1308 581 sese
1337 551 1459 591 postea

68 608 187 642 clam
217 609 395 651 Aspare
428 606 572 640 consilia
602 607 645 641 de
675 607 746 641 suis
778 607 877 641 rebus
900 607 1010 648 ίηίι-ες
1032 607 1171 651 quando
1194 606 1288 640 enim
1309 606 1458 641 necessi-

68 667 135 703 tati
158 668 228 703 hoe
253 667 406 701 dandum
430 671 540 709 esset,
573 671 612 701 ut
634 667 748 711 Aspar
769 667 806 700 in
829 668 1044 713 colloquium
1067 669 1324 708 admitteretur,
1352 667 1456 702 aliter

66 727 142 763 eius
173 729 321 763 insidias
351 728 377 762 i.
410 739 442 761 e.
468 719 694 762 consiliorum
718 729 920 773 speculandi
943 729 1098 764 studium
1122 728 1238 763 caveri
1274 728 1297 762 i.
1321 739 1353 762 e.
1377 728 1455 763 irri-

10 829 15 832 ,
66 792 143 823 tum
174 788 274 823 reddi
305 792 376 831 „et
406 787 501 822 eludi
532 800 602 823 non
630 789 832 834 potuisse.“
878 790 1006 824 Talem
1030 793 1147 825 autem
1169 788 1376 824 sententiam
1399 801 1456 823 re-

65 861 150 885 vera
181 851 227 885 ab
260 852 403 884 auctore
430 849 604 894 proditam
628 850 737 885 fuisse
759 862 867 895 quum
889 851 1067 895 sequentia
1089 851 1168 884 luce
1190 849 1318 884 clarius
1341 852 1456 884 osten-

64 911 159 953 dant,
181 912 315 945 frustra
338 922 418 945 eam
443 923 595 955 quaeras
622 910 660 944 in
686 911 802 946 verbis
825 923 910 957 quo
934 922 990 946 res
1020 911 1206 946 communis
1229 911 1457 946 licentius

63 977 340 1017 gerentum
372 982 463 1015 quae
485 983 594 1015 quum
619 975 653 1006 et
675 985 738 1017 per
760 984 818 1015 se,
849 976 883 1008 et
905 975 1065 1017 respectu
1089 972 1366 1007 antecedentium
1390 972 1456 1007 ob-

63 1031 262 1066 scurissima
292 1031 378 1075 sint,
412 1037 487 1067 tum
520 1044 639 1067 rursus
669 1034 766 1068 nullo
797 1034 903 1069 modo
938 1033 1127 1067 cohaerent
1159 1044 1240 1067 cnm
1273 1032 1340 1074 iis,
1364 1043 1455 1076 quae

61 1093 293 1128 subiiciuntur
316 1105 413 1126 nam
438 1094 481 1126 ab
508 1094 643 1127 insidiis
668 1094 740 1127 eius
772 1095 878 1130 aliter
910 1094 1026 1128 caveri
1049 1094 1253 1138 nequivisse.
1298 1094 1380 1129 Hae
1402 1097 1453 1128 te—

60 1155 207 1194 nebrae,
241 1166 328 1198 quas
361 1155 467 1199 longe
492 1154 725 1198 plurimorum
758 1167 800 1190 ae
823 1155 1151 1199 probatissimorum
1175 1154 1346 1188 librorum
1371 1165 1452 1189 cou-

61 1214 210 1248 sentiens
234 1214 406 1258 scriptura
429 1215 530 1248 nobis
554 1215 686 1259 obiicit,
712 1228 780 1250 non
802 1217 1042 1261 dispelluntur‚
1066 1216 1127 1250 sed
1150 1219 1322 1261 augentur
1345 1215 1452 1249 etiam

60 1277 307 1310 nonnullorum
339 1275 549 1320 discrepanti
579 1277 750 1319 lectione3
786 1288 869 1311 nam
892 1277 930 1311 in
951 1276 1049 1311 Leid.
1075 1277 1116 1312 D.
1141 1277 1183 1312 F.
1208 1277 1250 1311 G.
1275 1276 1327 1311 M.
1349 1276 1394 1312 N.
1417 1279 1452 1310 et

61 1336 194 1385 Wassii
227 1337 323 1371 Ball.
356 1337 449 1373 Bibl.
485 1337 525 1371 P.
557 1337 660 1371 Bodl.
692 1338 803 1372 Laud.
836 1339 870 1372 1.
902 1337 935 1373 2.
967 1337 1099 1383 legitur
1130 1337 1329 1372 accitum
1351 1348 1450 1371 esse

60 1409 126 1443 quo
160 1409 216 1432 res
248 1401 327 1440 etc.‚
361 1397 397 1432 in
430 1398 545 1434 Palat.
578 1397 614 1432 7.
646 1399 779 1433 illum
813 1400 1017 1433 accitum
1051 1410 1116 1443 quo
1148 1409 1214 1442 res,
1246 1397 1282 1432 in
1305 1397 1448 1432 Martiu.

59 1470 187 1503 quem
211 1470 308 1493 esse
332 1460 534 1494 accitum
558 1471 623 1504 quo
647 1470 722 1501 res,
754 1458 791 1493 in
814 1459 956 1495 Fabric.
980 1459 1014 1493 2.
1040 1459 1311 1494 adhibitum
1336 1470 1447 1500 esse,

59 1531 138 1564 quo,
162 1519 199 1553 iu
216 1520 331 1554 Palat.
357 1519 391 1554 8.
417 1520 540 1565 quod
565 1531 612 1554 eo
636 1520 898 1554 advocatus
923 1524 1062 1562 esset3
1088 1531 1153 1564 quo
1180 1531 1235 1554 res
1257 1522 1337 1562 etc.‚
1360 1530 1450 1564 quae

58 1579 177 1614 omnia
207 1579 341 1624 primns
374 1584 536 1625 aspectus
570 1581 669 1614 docet
702 1580 747 1615 ab
779 1579 1089 1624 interpolatoribus
1121 1584 1240 1615 assuta
1271 1591 1356 1623 esse,
1389 1580 1450 1624 qui

33 1652 168 1692 *neque
203 1641 394 1683 haberent,
431 1641 515 1685 quid
548 1652 635 1675 voce
666 1653 732 1685 quo
764 1641 939 1684 facerent,
964 1652 1076 1685 neque
1099 1641 1257 1676 viderent
1279 1641 1448 1686 ineptissi

57 1713 152 1736 mam
175 1701 225 1735 ita
248 1701 325 1735 fieri
350 1702 556 1736 sententiam
571 1727 580 1745 ,
612 1712 683 1746 qua
715 1702 910 1747 Iugurthae
942 1703 1081 1747 legatus
1115 1701 1242 1736 dicitur
1260 1707 1449 1747 propterea

56 1763 186 1797 accitus
219 1773 306 1803 esse,
341 1767 381 1797 nt
412 1764 570 1798 licentius
595 1763 637 1796 de
660 1762 903 1798 communibus
925 1764 1030 1797 rebus
1057 1763 1118 1807 agi
1141 1766 1275 1806 posset,
1302 1763 1327 1796 i.
1352 1774 1383 1797 e.
1405 1775 1448 1797 ne

56 1823 159 1858 Sulla
183 1822 380 1867 dubitaret,
413 1825 535 1868 palam
569 1824 753 1857 Bocchum
788 1824 830 1857 de
864 1824 1031 1858 tradendo
1053 1817 1225 1868 Iugurffia
1249 1824 1449 1867 appellare!

56 1884 134 1919 Non
158 1884 306 1924 melius,
329 1895 437 1927 quam
460 1884 516 1917 illi
550 1884 835 1927 interpolatores,
864 1883 1074 1917 recentiores
1097 1883 1248 1918 editores
1270 1883 1306 1917 in
1329 1884 1448 1928 despe-

57 1949 134 1979 rato
172 1945 252 1978 loco
286 1943 415 1978 versati
448 1947 549 1986 sunt,
586 1955 736 1987 quorum
767 1943 1013 1988 explicationes
1044 1944 1209 1988 vulgatae
1243 1943 1447 1988 scripturae,

56 2009 95 2039 ut
120 2005 265 2039 lectores
290 2004 357 2048 ipsi
380 2003 536 2037 iudicare
560 2004 700 2047 possint,
732 2005 803 2038 huc
827 2003 1108 2038 transcribemns.
1155 2004 1294 2039 Cottius
1317 2004 1446 2050 igitur:

57 2065 294 2110 ‚‚Sallustius,
318 2064 441 2108 inquit,
466 2075 588 2098 vocem
612 2067 787 2110 legatum,
813 2070 851 2100 ut
874 2064 962 2100 alibi
986 2064 1056 2098 alia
1079 2065 1241 2107 nomina,
1264 2068 1446 2109 tamquam

55 2139 119 2172 pro
153 2131 227 2160 tota
260 2125 416 2160 oratione
447 2124 586 2169 posuit3
621 2126 659 2160 id
690 2127 783 2170 quod
815 2126 926 2161 etiam
958 2125 1118 2170 proxima
1147 2137 1228 2160 narn
1252 2126 1356 2160 aliter
1380 2131 1446 2160 etc.

54 2187 236 2231 perspicue
269 2186 432 2220 indicant.
481 2186 574 2230 Cape
607 2198 692 2232 ergo
723 2186 976 2231 praecedentia,
1011 2185 1112 2230 quasi
1144 2185 1311 2230 scriptum
1335 2188 1443 2220 esset:
1488 2187 1491 2192 '

55 2260 123 2282 neu
147 2249 302 2293 legatum
326 2247 540 2292 Iugurthae,
565 2247 625 2290 qui
652 2248 798 2290 adesset,
826 2251 888 2281 aut
911 2247 1101 2281 advocatus
1116 2273 1125 2290 ‚
1149 2247 1256 2282 etiam
1279 2247 1315 2281 in
1339 2246 1443 2283 fami-

55 2308 180 2342 liarem
212 2319 314 2341 usum
347 2311 543 2350 assumptus
575 2311 684 2348 esset,
716 2308 994 2352 pertimesceret;
1026 2319 1106 2341 cnm
1140 2307 1190 2342 ita
1219 2310 1361 2342 cautum
1385 2307 1442 2349 sit,

55 2380 120 2413 quo
144 2380 198 2402 res
222 2369 410 2402 communis
435 2368 592 2401 licentius
615 2374 823 2412 gereretur,·
856 2379 938 2402 nam
972 2369 1076 2403 aliter
1100 2369 1146 2402 ab
1169 2369 1232 2403 ins.
1258 2369 1301 2403 ei.
1324 2370 1441 2402 caveri

55 2429 292 2473 nequivisse.⁴‘
340 2428 428 2470 ms,
453 2439 542 2471 quae
566 2428 727 2471 equidem
751 2438 820 2462 non
844 2439 1029 2473 assequor,
1053 2429 1209 2474 probatis
1231 2429 1440 2473 Gerlachius

54 2488 91 2522 in
117 2489 310 2523 Comment.
335 2501 369 2533 p.
394 2488 473 2523 332.
506 2489 580 2523 alia
610 2490 782 2533 quaedam
806 2490 919 2525 multo
942 2490 1161 2525 mirabiliora
1184 2489 1329 2531 addidit,
1351 2501 1438 2533 qua-

54 2560 135 2582 rum
158 2560 296 2583 summa
318 2550 407 2583 haec
431 2554 503 2585 est:
540 2575 561 2592 „
575 2551 666 2589 Hoc,
690 2549 825 2593 inquit,
848 2551 940 2594 apud
965 2552 1119 2585 Graecos
1143 2550 1325 2594 scriptores
1348 2549 1438 2584 nihil

56 2610 289 2655 frequentius,
321 2615 359 2645 ut
392 2610 546 2654 primum
577 2610 800 2645 aecusativus
830 2611 948 2645 verbis
975 2611 1118 2646 timendi
1141 2611 1334 2653 adiiciatnr,
1363 2614 1436 2645 tum

54 2682 115 2714 per
149 2671 354 2716 epexegesin
386 2672 581 2706 accuratius
614 2671 816 2716 explicetur,
853 2683 941 2716 quae
975 2672 1010 2706 in
1045 2672 1108 2706 tali
1140 2683 1178 2706 re
1213 2672 1267 2705 vel
1290 2680 1437 2715 persona

56 2732 239 2766 metuenda
263 2732 340 2766 sint.
399 2733 472 2767 lam
497 2733 563 2767 hoc
587 2732 692 2767 etiam
715 2733 798 2768 satis
821 2736 968 2775 certum,
991 2733 1098 2768 verba
1125 2731 1269 2768 timendi
1291 2742 1358 2766 non
1381 2741 1437 2764 so⁴
