1630 3034
505 120 860 164 IUGURTHA.
896 121 1022 163 CAP.
1057 121 1215 162 XLIX.
1446 126 1530 166 27¹.)

146 239 317 283 honore
366 238 611 294 extulerat,
671 236 1057 281 commonefacere
1104 236 1292 280 benefici
1338 238 1428 294 sui,
1484 244 1528 281 et

146 350 247 379 eum
294 335 440 394 ipsum
485 334 578 377 aliis
624 340 867 385 ostentare3
911 340 1141 393 postremo
1188 347 1274 394 pro
1311 333 1524 392 cuiusque

143 430 323 491 ingenio
349 429 633 490 pollicendo,
668 409 936 488 minitando,
972 428 1239 472 obtestando
1269 430 1401 472 alium
1438 431 1524 474 alio

142 527 279 572 modo
315 526 533 583 excitare,
570 540 706 584 quum
742 500 914 569 interim
949 523 1187 578 Metellus,
1224 525 1400 585 ignarus
1438 524 1522 569 ho-

142 624 271 668 stium
317 628 468 667 monte
516 620 809 682 degrediens,
859 636 959 666 cum
997 622 1190 665 exercitu
1226 621 1523 682 conspicatur,

137 720 284 780 primo
299 717 482 776 dubius,
517 718 734 777 quidnam
759 718 932 762 insolita
949 717 1086 762 facies
1117 716 1372 762 ostenderet
1392 721 1513 773 (nam
1526 724 1551 765 5

136 831 270 876 gurtha
292 833 489 874 conspectus
509 838 579 863 non
601 827 752 872 potuerit
772 827 856 872 quin
880 831 1002 862 contra
1023 827 1131 862 etiam
1155 826 1365 872 Iugurtham
1387 828 1521 871 conspi-

136 895 240 925 ceret.
288 890 399 934 Quasi
422 901 505 924 vero
529 890 677 934 conspici
699 893 734 923 ct
756 888 949 932 conspicere
979 887 1029 922 ita
1053 891 1290 930 comparatum
1314 887 1378 928 sit,
1401 891 1439 921 ut
1462 888 1516 922 al-

135 954 251 986 terum
281 962 352 985 non
381 949 490 995 possit
519 950 594 984 sine
622 950 733 985 altero
764 948 858 982 fieri!
897 949 1051 983 caussae
1079 950 1217 991 autem,
1252 948 1377 992 quibus
1400 948 1523 982 nititur

135 1011 265 1045 veritas
287 1010 480 1055 scripturae
503 1022 526 1045 a
547 1010 647 1044 uobis
668 1013 850 1053 receptae,
874 1013 955 1043 sunt
976 1009 1050 1042 fere
1072 1008 1152 1042 hae.
1199 1008 1330 1044 Auctor
1351 1020 1460 1053 quum
1484 1009 1520 1043 in

134 1071 345 1116 antegressis
375 1073 549 1104 narrasset
583 1081 673 1113 quae
701 1070 874 1114 Iugurtha
906 1068 1111 1103 instituisset
1144 1068 1189 1102 ad
1220 1070 1401 1104 Romanos
1423 1068 1518 1103 deci-

135 1131 295 1174 piendos,
318 1129 391 1164 iam
407 1130 531 1164 transit
554 1131 596 1164 ad
623 1131 806 1165 Metellum
822 1134 857 1164 et
876 1141 966 1174 quae
989 1130 1049 1163 hic
1072 1130 1197 1176 egerit,
1222 1129 1374 1172 exponit.
1421 1129 1520 1163 Unde

133 1193 278 1234 apparet
300 1201 407 1233 quum
431 1193 534 1225 antea
557 1189 600 1224 de
621 1190 795 1234 Iugurtha
816 1190 960 1233 loquens
983 1190 1095 1224 activo
1120 1190 1228 1224 verbo
1252 1201 1334 1223 usus
1357 1188 1424 1233 sit,
1457 1200 1518 1223 eo-

133 1252 213 1285 dem
236 1250 343 1285 etiam
368 1261 454 1294 opus
477 1262 572 1294 esse,
596 1249 659 1284 ubi
682 1249 725 1283 de
748 1250 891 1285 Metello
915 1261 1029 1284 sermo
1053 1251 1135 1292 fiat,
1166 1262 1278 1294 neque
1300 1249 1440 1295 passivo
1463 1250 1517 1284 lo·

132 1323 213 1346 cum
237 1322 331 1353 esse,
355 1311 417 1345 ubi
440 1309 477 1344 in
502 1310 625 1344 eadem
648 1319 686 1343 re
709 1310 865 1345 activum
889 1311 1014 1347 fuerat.
1061 1311 1203 1346 Revera
1226 1314 1343 1346 autem
1367 1311 1411 1345 ad
1439 1311 1517 1344 Mc-

130 1374 253 1406 tellum
284 1370 433 1406 transire
460 1369 652 1405 orationem
683 1370 835 1414 primum
876 1371 1024 1406 ostendit
1056 1372 1192 1407 interim
1226 1370 1417 1414 particula,
1449 1381 1519 1414 qua

129 1437 274 1467 utuntur
300 1424 436 1473 Latini,
470 1430 531 1465 ubi
563 1430 764 1476 significare
791 1432 932 1476 volunt,
969 1433 1050 1465 dum
1073 1430 1206 1476 aliquid
1230 1432 1275 1465 ab
1298 1431 1418 1475 aliquo
1441 1431 1516 1473 fiat,

129 1494 239 1527 alium
262 1491 396 1525 aliud
427 1502 567 1537 agere
590 1491 760 1535 incipere,
790 1492 838 1528 cf.
862 1504 894 1527 c.
917 1492 1078 1533 xxxvl,
1101 1492 1133 1526 1.
1162 1492 1218 1533 Cl,
1242 1491 1276 1526 4.
1302 1491 1358 1525 10.
1384 1491 1453 1533 CV,
1477 1490 1511 1525 5.

128 1554 226 1587 Tum
255 1553 453 1596 sequentia,
493 1563 583 1596 quae
614 1551 788 1586 artissime
819 1553 1006 1588 cohaerent
1036 1564 1117 1586 cum
1154 1552 1198 1586 iis
1229 1563 1320 1596 quae
1353 1550 1514 1595 proxime

125 1616 399 1654 antecesserant,
425 1611 476 1646 ita
508 1615 712 1656 comparata
744 1616 841 1655 sunt,
873 1616 912 1647 ut
943 1624 1013 1647 non
1044 1612 1177 1658 possint
1208 1612 1253 1647 ad
1286 1610 1402 1653 alius,
1446 1611 1514 1645 nisi

124 1673 231 1709 activi
253 1672 351 1706 verbi
373 1667 549 1707 notionem
570 1672 713 1715 κεῖθι-τίς
738 1673 901 1708 Metellus
921 1674 1014 1708 enim
1034 1675 1156 1708 dubius
1178 1673 1369 1718 paullisper
1383 1683 1512 1718 agmen

123 1734 319 1775 constituit,
342 1744 411 1767 non
434 1732 518 1776 quia
539 1738 736 1777 conspectus
758 1739 835 1769 erat
858 1735 903 1769 ab
926 1734 1121 1779 Iugurtha,
1147 1733 1206 1767 sed
1228 1732 1312 1777 quia
1334 1733 1433 1776 ipse
1456 1732 1512 1766 in-

123 1795 262 1829 solitam
283 1804 398 1827 rerum
415 1793 548 1837 faciem
583 1804 721 1837 consp
733 1799 905 1829 exerat.
952 1794 1072 1838 Neque
1095 1792 1302 1837 quicquam*
1318 1793 1355 1827 in
1386 1804 1510 1827 narra-

121 1854 215 1890 tione
237 1853 344 1895 inest,
380 1864 422 1886 ex
445 1864 515 1897 quo
538 1852 703 1886 coniicias
727 1854 908 1888 Metellum
931 1866 953 1889 a
975 1855 1148 1899 Iugurtha
1169 1865 1245 1888 esse
1268 1857 1509 1897 conspectum

120 1914 213 1960 quod
243 1914 274 1948 si
305 1914 420 1948 dicere
450 1913 616 1947 voluisset
644 1913 852 1956 Sallustius,
888 1926 1101 1958 quamquam
1131 1926 1199 1948 non
1229 1912 1342 1957 potuit
1369 1911 1509 1954 dicere,

119 1975 218 2009 haud
245 1973 350 2008 dubie
373 1973 582 2017 scripsisset:
620 1984 723 2017 quum
748 1974 886 2007 interim
912 1975 1155 2009 Metellum
1191 1974 1413 2018 ignarum
1445 1971 1507 2006 ho-

121 2035 224 2069 stium
247 2033 487 2077 conspicit.
539 2033 624 2065 Ille
647 2043 753 2066 vero
775 2034 886 2077 primo
909 2035 1034 2068 dubius
1056 2038 1123 2068 etc.
1170 2033 1270 2067 Nihil
1293 2033 1366 2066 iam
1389 2032 1434 2066 ad
1455 2044 1507 2066 re-

122 2099 259 2138 ceptam
277 2093 488 2138 scripturam
512 2091 719 2126 firmandam
741 2099 917 2137 superest,
951 2094 1018 2128 nisi
1045 2097 1084 2128 ut
1105 2104 1330 2135 moneamus,
1362 2092 1507 2134 scribas,

120 2156 165 2189 de
187 2158 360 2189 structura
392 2153 509 2198 magis
542 2163 649 2196 quam
678 2151 721 2184 de
751 2163 852 2186 sensu
882 2154 1067 2195 sollicitos,
1098 2165 1206 2198 quum
1237 2153 1416 2187 obiectum
1438 2163 1506 2187 non

122 2216 244 2250 adesse
275 2213 452 2254 viderent,
483 2212 582 2247 facili
613 2212 807 2256 eademque
840 2213 961 2260 pingui
994 2214 1192 2249 coniectura
1223 2201 1441 2258 conspicatur
1473 2212 1509 2247 in

120 2275 326 2320 conspicitur
353 2277 517 2309 mutasse.
564 2272 851 2307 commodissime
882 2280 999 2309 autem
1027 2274 1203 2319 supplebis
1233 2284 1289 2308 eos
1318 2272 1372 2317 (V.
1404 2273 1447 2307 ad
1472 2285 1504 2308 c.

120 2335 251 2378 XLVI,
273 2335 355 2379 8.),
396 2333 489 2377 quod
522 2343 712 2377 pronomen
743 2332 862 2368 elicias
894 2346 936 2368 ex
963 2335 1079 2372 verbis
1112 2336 1259 2380 ignarus
1294 2333 1504 2370 hostium.

119 2397 260 2441 Quippe
291 2396 405 2429 hostes
435 2397 635 2438 conspectos
665 2405 740 2427 esse
772 2404 793 2428 a
823 2395 966 2429 Metello
997 2394 1121 2430 docent
1152 2394 1348 2439 sequentia:
1380 2394 1505 2430 dubins

118 2459 284 2503 quidnam
307 2455 500 2490 insolita
519 2454 672 2498 facies
695 2455 898 2490 ostenderet.
948 2455 1089 2489 lnsolita
1111 2454 1204 2490 euim
1229 2454 1335 2489 facies
1357 2454 1505 2490 hostium

118 2523 207 2554 erat.
234 2537 275 2542 —
302 2517 374 2551 Pro
408 2515 618 2560 degrediens
649 2514 751 2549 multi
784 2516 885 2549 codd.
915 2516 1010 2549 male
1040 2515 1174 2550 habent
1204 2515 1427 2561 digredien85
1459 2516 1505 2550 οῖ.

120 2581 152 2621 §-
177 2579 199 2613 6
215 2582 300 2613 extr.
327 2589 356 2611 c.
382 2576 423 2619 11,
449 2576 484 2610 2.
532 2576 691 2610 Ceterum
712 2577 818 2611 verba
833 2582 949 2612 monte
972 2575 1192 2622 degrediens,
1214 2586 1306 2620 quae
1328 2575 1365 2610 in
1389 2576 1504 2611 omni-

120 2639 184 2672 bus
215 2638 292 2671 edd.
327 2649 349 2672 a
381 2638 666 2682 praecedentibus
704 2642 882 2672 commate
922 2636 1188 2682 disiunguntur,
1229 2636 1506 2680 interpunctione

120 2698 258 2734 sublata
282 2709 363 2745 cum
388 2698 444 2733 his
468 2698 707 2744 coniungenda
729 2701 819 2733 sunt.
851 2699 963 2742 Atque
986 2697 1080 2733 haud
1104 2697 1176 2733 scio
1199 2708 1242 2732 ou
1267 2697 1374 2732 etiam
1397 2697 1507 2732 verbu
