1630 3034
416 214 750 257 CATILINA.
807 214 942 257 cAP.
973 213 1103 257 XLII.
1363 221 1448 262 195

63 358 225 398 cuncta
273 352 404 397 simul
438 353 652 413 agebant3
696 354 919 399 nocturnis
964 353 1183 410 consiliis,
1219 368 1444 400 armorum

61 472 197 523 atque
253 467 446 512 telorum
495 467 844 526 portationibus‚
897 467 1170 525 festinando,
1227 469 1442 529 agitando

62 580 212 622 omnia
257 580 361 639 plus
405 581 575 626 timoris
627 594 762 639 quam
806 580 995 640 periculi
1048 580 1304 630 effecerant.
1373 585 1442 628 Ex

60 706 116 735 eo
168 707 353 737 numero
406 694 661 754 complures
717 694 774 749 Q.
816 692 1033 737 Metellus
1080 693 1214 738 Celer
1256 696 1443 740 Praetor

55 1005 265 1041 vocabulum
295 1006 434 1042 delevit.
490 1010 590 1054 Quae
626 1007 813 1045 temeraria
843 1006 933 1042 ratio
964 1017 1178 1051 quamquam
1210 1005 1342 1040 nemini
1373 1016 1442 1041 non

54 1062 329 1107 improbabitur,
365 1076 432 1099 non
463 1067 581 1112 magis
612 1073 728 1102 tamen
758 1066 845 1100 ferri
879 1069 990 1109 potest
1021 1063 1221 1099 Kunliardti
1255 1064 1440 1109 vulgatam

53 1121 267 1155 defendentis
298 1123 487 1157 sententia:
528 1136 628 1166 „non
661 1125 833 1169 quaedam
867 1122 1011 1167 negotia
1049 1123 1224 1162 consulto,
1266 1123 1438 1165 quaedam

54 1189 138 1212 vero
171 1184 321 1220 temere,
353 1181 412 1213 sed
445 1187 567 1214 cuncta
599 1183 701 1216 simul
734 1182 921 1215 inconsulte
954 1181 1140 1224 egerunt.“
1188 1179 1332 1214 Rectius
1365 1181 1438 1221 alii,

52 1247 141 1279 quos
164 1235 302 1269 curtius
330 1237 480 1280 sprevit,
515 1239 632 1273 locum
666 1239 716 1273 sic
747 1237 949 1282 expediunt:
975 1241 1122 1280 „cuncta
1151 1238 1253 1271 simul
1276 1239 1438 1283 agebant.

51 1295 92 1326 ut
135 1293 335 1334 dementes3
374 1306 456 1328 nam
496 1296 723 1338 prudentibus
763 1295 880 1327 onmia
914 1299 993 1328 sunt
1033 1293 1145 1328 divisa
1184 1295 1437 1338 temporibusf·

50 1350 170 1385 Nimia
200 1350 311 1395 igitur
339 1353 562 1396 properantia
605 1365 675 1387 non
713 1352 973 1395 exspectabant,
1004 1353 1115 1386 donec
1145 1351 1306 1395 singula,
1345 1361 1435 1394 quae

50 1408 118 1442 sit-i
142 1408 244 1441 utilia
266 1413 446 1452 putarent,
478 1410 637 1454 deinceps
660 1409 900 1453 perfecissent,
933 1411 992 1443 sed
1017 1408 1232 1450 festinando,
1256 1409 1438 1450 turbando,

50 1465 170 1499 omnia
193 1465 387 1508 miscendo,
411 1467 626 1502 dementium
650 1467 801 1509 similes,
825 1465 993 1499 facinoris
1016 1466 1142 1511 agitati
1164 1471 1343 1509 suspectos
1366 1477 1439 1500 sesc

50 1523 236 1556 faciebant.
284 1523 400 1558 Simul
421 1524 653 1569 intelligitur,
683 1529 813 1557 motum
844 1534 912 1555 non
937 1534 1031 1566 esse,
1067 1527 1105 1557 ut
1131 1534 1251 1557 omncs
1274 1524 1436 1568 iuterpp.,

49 1580 156 1614 etiam
180 1581 389 1615 Gerlachius
412 1586 445 1615 et
470 1581 679 1626 Herzogius‚
702 1581 843 1621 volunt,
867 1585 996 1614 motum
1021 1580 1197 1622 bellicum,
1222 1582 1436 1622 seditionem,

49 1640 253 1680 tumultum,
287 1639 346 1673 sed
369 1650 537 1683 pavorem
559 1644 662 1682 atque
686 1642 854 1672 terrorem
878 1637 952 1671 sive
975 1638 1152 1671 turbatam
1183 1638 1314 1672 civium
1338 1637 1433 1682 quie-

51 1699 136 1739 tem,
159 1696 300 1740 qualem
323 1701 445 1730 auctor
467 1708 496 1730 c.
526 1695 656 1737 XXXI,
675 1695 708 1729 2.
743 1695 881 1728 Romae
915 1695 1023 1729 fuisse
1055 1695 1200 1730 dixerat.
1262 1697 1315 1730 De
1347 1696 1435 1730 sedi-

47 1752 142 1788 tione
163 1752 223 1786 hic
246 1764 317 1786 non
339 1752 410 1786 dici
440 1753 618 1797 sequentia
651 1754 792 1795 docent,
825 1752 950 1796 quibus
973 1754 1051 1796 plus
1074 1752 1210 1788 timoris
1242 1765 1346 1797 quam
1374 1765 1436 1798 pe-

46 1810 172 1852 riculi,
203 1821 253 1844 sc.
285 1810 322 1844 in
357 1821 444 1854 agro
483 1810 634 1852 Piceno,
669 1810 810 1844 Bruttio
842 1815 877 1844 et
916 1810 1069 1854 Apulia,
1104 1810 1291 1845 excitatum
1327 1810 1436 1844 fuisse

46 1872 220 1902 narratur.
268 1867 388 1910 Neque
431 1866 540 1909 illud,
573 1869 665 1911 quod
705 1867 819 1902 motui
852 1868 1003 1902 sedando
1033 1868 1231 1912 complures
1263 1867 1435 1902 Catilinae

46 1925 135 1960 socii
157 1925 194 1959 in
216 1925 358 1959 vincula
381 1925 530 1958 coniecti
552 1930 652 1968 sunt,
687 1926 731 1959 ad
764 1923 1043 1969 comprimendas
1077 1930 1198 1970 gentes
1229 1925 1435 1959 rebellantes

46 1985 200 2027 spectat,
222 1983 283 2017 sed
305 1993 348 2017 eo
370 1982 484 2027 potius
505 1983 641 2018 factum
664 1982 823 2025 videtur,
855 1986 894 2016 ut
923 1993 1053 2027 pavore
1082 1983 1333 2024 liberarentur,
1364 1994 1433 2026 quo

47 2040 266 2075 dementibus
289 2039 550 2074 coniuratorum
573 2039 726 2074 consiliis
750 2039 868 2074 omnia
889 2040 1066 2083 completa
1088 2043 1197 2074 erant.
1245 2040 1434 2074 Praeterea

46 2108 174 2143 agere,
209 2097 303 2141 quod
326 2097 465 2131 Cottius
488 2097 608 2140 edidit,
631 2097 668 2131 in
691 2097 789 2132 nullo
813 2097 891 2133 cod.
914 2101 987 2140 est,
1022 2097 1082 2130 sed
1105 2097 1141 2130 in
1164 2095 1338 2130 nonnullis
1372 2097 1433 2129 de-

45 2167 146 2190 mum
167 2155 243 2189 edd.
268 2155 486 2199 comparuit;
511 2155 695 2189 accedente
717 2158 837 2188 autem
860 2154 1118 2199 quodammodo
1143 2153 1219 2186 cod.
1246 2152 1362 2186 Guelf.
1374 2152 1431 2189 12.

45 2212 106 2257 qui
137 2211 245 2248 habet
274 2213 489 2258 egerebant,
525 2212 670 2247 fidenter
700 2211 763 2246 ille
791 2223 855 2256 pro
889 2211 1097 2256 imperfecto
1131 2209 1342 2244 infinitivum
1376 2220 1432 2244 re-

47 2268 150 2314 cepit.

138 2326 312 2360 nocturnis
351 2324 520 2368 consiliis]
561 2325 746 2368 Exspectes
789 2325 936 2359 fortasse
979 2325 1147 2365 conciliis,
1190 2336 1232 2359 ex
1264 2324 1433 2359 Gronovii

47 2389 252 2428 praecepto,
295 2382 354 2425 qui
387 2383 432 2416 ad
465 2381 541 2416 Liv.
570 2383 690 2424 XLIV,
719 2382 755 2424 2,
789 2382 823 2415 5.
866 2382 985 2423 docet,
1025 2383 1201 2415 concilium
1234 2383 1434 2428 significare

47 2451 272 2487 congressum
306 2445 502 2484 secretum,
534 2439 719 2474 coitionem
753 2438 826 2472 sive
860 2443 996 2472 coetum
1031 2439 1303 2482 conspirantium
1338 2440 1432 2473 clun-

48 2500 184 2541 culum3
207 2499 267 2532 sed
290 2498 477 2539 consilium,
495 2508 564 2541 quo
587 2496 760 2530 indicatur
781 2495 1048 2530 consultantium
1071 2496 1145 2530 sive
1168 2496 1431 2530 deliberantium

49 2561 249 2597 conventus,
272 2561 365 2588 reete
388 2555 506 2588 habet.
556 2554 609 2588 cf.
643 2553 822 2587 Ernestius
846 2554 943 2587 Clav.
979 2554 1049 2586 Cic.
1082 2555 1119 2587 11.
1142 2565 1176 2587 v,
1212 2559 1245 2587 et
1269 2553 1430 2586 Bromius

47 2615 94 2648 ad
116 2613 205 2657 Nep.
240 2611 403 2657 Epainin.
430 2612 491 2653 111,
515 2609 549 2645 5.
586 2611 728 2645 Cottius
762 2612 806 2644 ad
828 2611 906 2656 lug.
933 2611 1045 2653 LXII,
1069 2610 1105 2645 5.
1137 2616 1172 2645 et
1196 2611 1351 2655 Herzog.
1385 2612 1428 2645 ad

49 2670 146 2707 caes.
170 2670 215 2703 B.
241 2670 284 2704 G.
304 2670 332 2711 1,
350 2668 406 2702 18.
431 2668 509 2702 coll.
533 2668 561 2710 1,
577 2668 634 2704 40.
656 2669 719 2710 111,
740 2668 776 2703 ὃ.

1023 2785 1152 2829 13*

1459 601 1483 638 20
