1630 3034
145 124 150 141 l

111 201 194 240 116
483 192 528 234 C.
560 190 889 235 SALLUSTI
919 190 1138 234 CRISPI

48 317 98 356 12
111 310 432 370 Carthaginem
474 308 686 352 Numidia
730 308 995 368 appellatur.
1076 307 1252 351 Deinde
1300 307 1498 366 utrique,

111 408 257 451 alteris
291 405 416 463 freti,
451 406 673 450 finitumos
710 405 841 449 armis
879 410 954 447 aut
989 410 1112 447 metu
1148 403 1229 447 sub
1260 403 1498 462 imperium

110 519 238 548 suum
290 517 510 563 coegere,
566 517 729 546 nomen
777 502 1057 562 gloriamque
1114 500 1197 543 sibi
1257 499 1500 554 addidere,

110 601 255 661 magis
290 599 361 655 hi,
410 599 486 656 qui
523 597 581 641 ad
616 604 814 643 nostrum
850 612 974 641 mare
1007 603 1344 656 processerant,
1397 596 1502 654 quia

109 716 247 750 nomine
262 714 477 754 Numidiae,·
501 714 629 758 quippe
655 713 692 747 in
716 717 880 758 promptu
904 716 974 751 est,
1001 712 1136 745 nullam
1157 712 1288 745 harum
1311 710 1503 754 interpola-

109 777 245 811 tionum
269 774 416 819 procudi
439 774 614 818 potuisse,
637 774 704 808 nisi
726 774 866 808 librarii
889 773 925 807 in
949 772 1132 817 primitiva
1165 771 1338 816 scriptura
1365 772 1502 806 nomine

110 836 341 871 offendissent.
357 855 403 860 —
421 836 609 869 Possedere
632 835 845 879 explicatum
870 835 914 869 ad
940 846 970 869 c.
995 835 1087 876 XVI,
1113 832 1146 867 5.
1171 834 1266 867 Male
1290 831 1502 866 Gerlachiue

110 896 146 930 in
173 897 226 930 ed.
253 895 335 929 mai.
363 895 520 930 Curtium
545 899 682 930 secutus
706 895 847 939 scripsit
868 896 1064 939 possidere,
1098 894 1190 938 quod
1223 893 1261 928 in
1294 892 1433 927 Fabric.
1465 892 1501 927 1.

110 957 144 991 2.
170 956 276 990 Acad.
295 955 414 990 Struv.
440 957 565 990 Franc.
591 957 688 992 Vrat.
716 956 751 989 2.
777 957 857 989 Ecc.
884 955 1003 989 Guelf.
1028 955 1062 988 2.
1087 953 1121 987 3.
1147 953 1181 987 9.
1205 952 1263 987 ll.
1287 953 1344 987 12.
1369 953 1450 986 Bas.
1467 951 1502 988 1.

109 1017 143 1051 4.
167 1017 272 1050 Bern.
297 1016 333 1050 1.
356 1015 390 1050 3.
416 1017 528 1051 Paris.
562 1017 606 1051 B.
631 1018 673 1050 D.
707 1017 799 1061 Teg.
833 1016 938 1050 Misn.
965 1019 999 1049 et
1023 1013 1174 1048 Goerlit.
1197 1013 1381 1057 reperitur.
1428 1013 1516 1046 Rem

107 1077 194 1111 licui
223 1077 408 1122 vulgatam
447 1079 639 1122 praebent,
673 1087 762 1120 quae
794 1077 869 1111 sola
901 1076 986 1110 huic
1016 1076 1095 1110 loco
1129 1073 1311 1114 convenit3
1333 1084 1416 1108 nam
1438 1072 1502 1108 inf.

107 1137 298 1172 historicus
331 1149 439 1180 quum
471 1149 533 1181 per
562 1149 600 1171 se
634 1149 656 1171 a
688 1137 782 1171 nuda
812 1137 864 1171 rei
895 1138 1011 1171 factae
1045 1135 1217 1170 relatione
1260 1135 1394 1169 alienus
1436 1136 1500 1175 est,

107 1203 184 1233 tum
208 1210 230 1233 a
253 1202 325 1233 tota
347 1197 454 1232 huius
477 1196 547 1231 loci
571 1197 707 1231 ratione
730 1198 916 1239 abhorret,
942 1197 1003 1231 ubi
1027 1200 1150 1231 auctor
1175 1195 1293 1230 omnia
1316 1207 1379 1239 per
1402 1205 1504 1239 prae-

107 1259 251 1294 teritum
286 1258 420 1293 extulit.
468 1258 560 1292 Nam
596 1257 674 1302 quis
708 1259 828 1293 credat
862 1257 1072 1292 Sallustium
1105 1261 1179 1290 tam
1210 1267 1335 1300 parum
1367 1255 1435 1290 sibi
1467 1254 1504 1289 in

109 1321 282 1355 narrando
306 1324 489 1361 constare,
513 1322 574 1361 ut,
599 1330 708 1362 quum
732 1319 812 1353 inde
836 1330 858 1354 a
881 1322 914 1363 §-
939 1320 972 1354 4.
1006 1318 1148 1352 dixisset
1180 1327 1407 1362 occupavere,
1435 1316 1505 1350 ha-

109 1382 235 1424 buere,
265 1381 454 1420 miscuere,
490 1379 733 1422 appellavere,
766 1391 959 1422 accessere,
987 1380 1161 1419 habuere,
1187 1388 1389 1422 corrupere,
1414 1376 1504 1410 ado·

109 1443 215 1484 levit,
239 1452 403 1487 coegere,
426 1439 613 1481 addidere,
631 1450 792 1483 possessa
816 1445 886 1482 est,
911 1451 1124 1482 concessere,
1152 1442 1190 1472 ut
1214 1438 1270 1471 his
1302 1448 1417 1481 praes.
1450 1435 1504 1469 in-

108 1502 283 1536 finitivum
317 1501 485 1540 inferret,
515 1500 620 1533 rebus
650 1512 719 1535 non
752 1501 922 1535 mutatis?
957 1501 1027 1534 Sed
1059 1498 1214 1533 maxime
1237 1498 1435 1542 perrectum
1461 1507 1504 1531 eo

107 1563 354 1605 confirmatur,
386 1561 478 1604 quod
510 1560 666 1595 narratio
694 1561 880 1605 particulis
901 1573 943 1596 ac
965 1565 1130 1605 postea
1153 1558 1387 1593 continuatur.
1433 1556 1504 1592 Ne-

108 1635 176 1668 que
205 1622 273 1657 sibi
298 1621 452 1656 constitit
475 1621 573 1654 Gerl.
598 1620 635 1654 in
658 1621 712 1655 ed.
737 1621 938 1655 novissima.
972 1640 1017 1646 —-
1042 1620 1145 1664 Quod
1168 1631 1337 1663 proxuma
1361 1617 1503 1662 scripsi-

109 1696 207 1726 mu8‚
229 1682 397 1719 audacius
420 1681 532 1714 videri
556 1685 687 1724 potest3
709 1685 744 1716 et
768 1693 850 1715 sane
876 1682 1043 1726 profiteor
1065 1681 1116 1714 ita
1138 1681 1310 1713 fluctuare
1329 1680 1371 1712 de
1395 1678 1500 1712 huius

108 1745 178 1778 loci
204 1742 445 1778 constituenda
469 1742 640 1785 scriptura
671 1741 839 1776 iudicium
856 1768 866 1783 ,
900 1747 940 1776 ut
959 1753 1080 1776 veram
1105 1741 1254 1774 auctoris
1278 1751 1421 1774 manum
1446 1749 1504 1772 me

108 1805 244 1838 dedisse
266 1814 334 1837 non
359 1814 422 1847 pro
446 1806 540 1836 certo
563 1803 828 1838 affirmaverim.
863 1804 1007 1837 Codices
1031 1803 1123 1836 enim
1148 1802 1221 1835 fere
1245 1812 1364 1834 omnes
1387 1802 1504 1834 tenent

106 1875 272 1910 proxume
295 1863 546 1908 Carthaginem
560 1889 569 1905 ,
593 1863 685 1907 quod
710 1875 772 1907 per
793 1875 829 1897 se
852 1875 895 1897 ne
919 1864 1104 1897 minimam
1127 1862 1267 1906 quidem
1284 1860 1504 1904 corruptelae

108 1922 342 1966 suspicionem
374 1924 530 1968 praebet.
579 1924 646 1958 Sed
680 1924 780 1958 Arus.
809 1926 940 1958 Messus
964 1936 996 1958 v.
1027 1934 1215 1969 proxumus
1240 1924 1298 1957 illo
1322 1922 1505 1967 (Gramms

110 1984 186 2018 Lat.
213 1983 291 2016 Vol.
316 1985 341 2017 1.
369 1996 403 2028 p.
427 1983 509 2018 2522.
535 1984 654 2029 Lind.)
680 1985 773 2019 hunc
797 1987 912 2019 locum
939 1987 988 2021 ita
1014 1986 1139 2019 refert:
1161 1995 1330 2028 proxuma
1351 1982 1503 2016 Cartha-

107 2044 211 2088 gine,
235 2044 328 2086 quod
352 2043 500 2078 mirifice
525 2055 546 2079 a
570 2046 721 2090 vulgata
743 2046 928 2090 discrepat.
986 2047 1105 2090 Quum
1140 2048 1258 2078 autem
1287 2041 1386 2075 nullo
1415 2038 1503 2074 scri-

107 2108 246 2148 ptorum
270 2107 428 2149 exemplo
462 2110 594 2141 constet
626 2106 768 2141 Latinos
798 2108 973 2151 proximus
998 2119 1080 2141 cnm
1105 2106 1260 2141 ablativo
1286 2099 1503 2137 coniunxisse

108 2167 342 2209 (quamquam
367 2167 515 2202 fortas=e
540 2169 603 2203 iste
626 2180 725 2203 casus
751 2168 888 2202 defendi
913 2168 1039 2212 possit,
1074 2168 1104 2202 si
1136 2171 1267 2201 statuas
1299 2160 1502 2208 propinqui-

108 2226 189 2260 tatis
207 2226 383 2260 notionem
409 2228 542 2272 concipi
567 2241 635 2263 non
659 2233 828 2273 quatenus
855 2230 1032 2263 acceditur
1056 2229 1099 2263 ad
1125 2229 1260 2267 locum,
1293 2225 1355 2259 sed
1378 2225 1500 2267 quate-

108 2298 174 2321 nus
199 2287 386 2321 disceditur
402 2290 445 2322 ab
465 2290 558 2332 loco,
585 2294 623 2324 ut
646 2290 681 2324 in
716 2291 903 2324 vernacula
934 2290 1003 2323 dici
1036 2293 1149 2334 potest
1180 2287 1272 2322 nahe
1297 2297 1363 2319 von
1396 2289 1504 2318 etwas

109 2348 189 2391 ab),
224 2348 435 2382 Arusiauum
470 2361 536 2383 non
567 2351 652 2384 satis
686 2351 869 2385 emendato
900 2351 1058 2395 exemplo
1083 2351 1267 2393 deceptum
1290 2350 1397 2390 put⁰3
1418 2355 1502 2379 'mm

116 2408 156 2440 M
188 2407 304 2442 littera
339 2410 443 2443 facile
475 2411 656 2445 absorberi
690 2410 813 2455 potuit.
870 2411 967 2445 Idem
1002 2411 1095 2444 valet
1126 2410 1170 2442 dc
1204 2410 1314 2443 altero
1339 2407 1435 2447 loco,
1459 2416 1502 2440 ex

109 2468 185 2512 lug.
204 2480 233 2502 c.
252 2471 352 2510 xlx,
379 2471 413 2504 5.
438 2471 482 2504 ab
507 2473 630 2505 eodem
654 2472 703 2506 sic
728 2473 860 2506 allato:
886 2472 1098 2516 proxumi
1123 2469 1356 2513 Hispania
1384 2465 1502 2501 Mauri

108 2533 210 2568 sunt,
247 2541 310 2571 1)ῐο
346 2542 414 2572 ([ηο
448 2533 547 2566 codd.
578 2545 743 2577 proxume
770 2533 982 2577 Hispaniam
1015 2532 1158 2565 hubent.
1207 2532 1244 2564 ln
1269 2530 1326 2564 his
1350 2533 1389 2563 ut
1412 2526 1501 2562 nihi!

107 2589 328 2623 tribuendum
353 2596 436 2633 puto
461 2592 657 2626 testimonio
681 2593 722 2626 de
747 2594 903 2627 ablativo
928 2605 1031 2632 casu,
1066 2593 1117 2627 itu
1141 2603 1210 2626 non
1234 2596 1286 2625 est
1313 2601 1377 2623 cnr
1400 2588 1500 2622 adio-

107 2650 233 2682 ctivum
260 2661 322 2693 pro
347 2652 509 2685 adverbio
532 2653 725 2687 oxhibionn
751 2666 814 2696 pro
840 2655 929 2687 salso
963 2654 1135 2694 habeam,
1162 2651 1367 2697 praesertim
1390 2660 1498 2693 quum

106 2709 204 2742 codd.
230 2709 298 2742 hoc
324 2710 464 2753 quidem
490 2713 565 2746 loco
590 2725 657 2746 non
693 2715 796 2757 plone
820 2726 1018 2759 repugnare
1044 2715 1236 2747 xidcantur.
1276 2713 1364 2746 Nam
1388 2722 1496 2755 quum

106 2769 266 2805 lVamiufl
289 2772 391 2806 tacito
415 2772 576 2808 edidisset
598 2786 767 2818 proxuma
792 2776 1062 2820 Carthaginem,
1089 2773 1380 2818 quemadmodum
1406 2772 1498 2816 Bl‘u‘l
