1630 3034
145 148 230 191 144
514 144 560 187 C.
590 143 912 188 SALLUSTI
941 143 1164 188 CRISPI

113 264 139 306 5
150 265 303 321 pertus
339 273 438 303 snm
472 275 636 320 parum
669 259 776 305 fidei
812 260 980 305 miseris
1015 277 1135 315 esse3
1170 261 1254 306 nisi
1281 266 1431 306 tamen
1465 262 1534 306 in-

147 357 317 416 tellego
355 357 480 401 illum
527 373 663 418 supra
707 372 843 416 quam
888 372 977 417 ego
1022 373 1121 401 sum
1162 364 1344 418 petere,
1391 373 1537 417 neque

148 497 241 527 ctum
264 503 339 526 esse
362 490 399 525 in
427 491 580 526 miseriis
604 492 697 535 suis,
723 495 764 527 ut
786 492 889 537 plura
911 491 1063 526 scribere
1087 496 1122 526 et
1137 491 1243 533 nolit,
1268 504 1380 537 neque
1409 492 1445 526 id
1470 491 1540 526 sibi

148 554 372 597 profuturum
398 556 525 595 speret,
543 552 641 586 cuius
665 553 716 587 rei
739 565 895 588 caussam
918 553 1140 596 sequentibus
1163 553 1270 590 addit.
1296 555 1417 598 Quare
1440 565 1540 587 sensu

147 614 348 657 postulante
372 614 496 654 etiam,
523 613 615 656 quod
643 617 694 647 est
718 613 753 647 in
778 614 940 648 omnibus
964 615 1065 648 codd.
1090 619 1125 648 et
1148 615 1245 656 edd.,
1268 615 1481 648 mutavimus
1504 614 1540 648 in

149 679 183 707 et
215 675 299 707 iam.
347 673 572 717 Explicativa
605 679 638 709 et
671 674 863 718 particulae
893 675 947 709 vis
982 675 1121 709 abunde
1158 676 1320 710 firmatur
1352 677 1431 710 loco
1463 676 1539 710 Cat.

149 735 254 777 xlx,
281 735 314 768 2.
339 734 470 778 iisque,
495 746 584 777 quae
607 734 656 768 ibi
680 736 891 770 notavimus.

241 798 274 838 §.
298 794 332 830 5.
379 796 447 828 nisi
478 796 613 839 tamen]
649 797 729 830 Hac
762 797 955 841 particulae
987 807 1056 840 qua
1078 796 1214 830 ratione
1237 800 1391 841 spectent
1413 797 1457 830 ad
1479 808 1541 831 an-

149 855 342 889 tecedentia
373 866 588 898 quamquam
624 858 759 900 prolixe
793 859 838 891 ab
860 858 987 901 intppr.
1012 857 1226 901 disputatum
1251 866 1322 901 est,
1349 864 1467 893 tamen
1489 869 1543 892 res

149 927 218 949 non
243 915 293 949 ita
317 919 368 949 est
392 916 572 958 expedita,
601 920 641 950 ut
664 929 755 952 nova
779 919 981 962 quaestione
1004 919 1229 960 supersedere
1253 918 1434 960 poscimus.
1465 918 1542 951 Am.

150 977 243 1010 enim
278 976 459 1009 Manutius
493 978 561 1010 nisi
585 977 606 1010 i.
630 989 661 1021 q.
687 979 746 1012 sed
770 990 845 1012 esse
873 978 1067 1018 contendit3
1094 978 1305 1012 Gerlachius
1328 990 1456 1023 magna
1480 989 1543 1012 va·

151 1037 285 1071 riorum
322 1037 561 1080 exemplorum
597 1038 697 1081 copia
728 1043 892 1083 congesta
930 1038 1090 1072 omnibus
1121 1038 1204 1071 locis
1239 1039 1311 1071 vim
1352 1038 1545 1082 particulae

150 1099 411 1134 adversativam
437 1110 510 1131 esse
534 1103 568 1132 et
592 1100 830 1143 exceptionem
856 1101 984 1133 addere
1008 1099 1110 1140 dicit,
1136 1110 1225 1142 quae
1254 1100 1327 1132 fere
1349 1101 1546 1144 congruunt

151 1171 230 1193 cum
269 1159 379 1193 Cortii
412 1159 659 1202 explicatione,
694 1160 761 1194 nisi
787 1161 879 1204 quod
904 1161 963 1193 hic
991 1160 1204 1204 significavit
1228 1160 1464 1204 exceptionem
1488 1171 1545 1193 re-

151 1221 239 1254 ferri
269 1223 314 1255 ad
346 1221 455 1253 verba
484 1231 610 1264 parum
634 1221 726 1264 fidei
759 1234 829 1256 esse
853 1222 1006 1263 miseris,
1047 1221 1256 1254 Gerlachius
1281 1233 1349 1264 quo
1370 1221 1445 1264 ipse
1467 1231 1546 1264 par-

151 1282 296 1316 ticulam
331 1282 459 1315 referat
490 1293 558 1313 non
593 1281 739 1317 monuit.
795 1282 862 1314 Sed
899 1282 948 1315 ita
981 1293 1105 1325 parum
1129 1282 1330 1325 proficimus
1355 1281 1398 1314 ad
1423 1291 1546 1314 verum

151 1354 289 1376 sensum
323 1342 587 1384 assequendum.
636 1342 820 1387 Singulari
855 1342 948 1375 enim
982 1342 1117 1376 ratione
1142 1344 1208 1376 nisi
1232 1342 1282 1376 ita
1309 1341 1472 1385 ponitur,
1507 1344 1548 1374 ut

151 1414 361 1447 praegresso
392 1403 552 1447 negandi
587 1404 689 1436 verbo
723 1414 791 1437 non
826 1415 906 1436 cum
931 1404 1071 1445 aiente,
1098 1403 1190 1446 quod
1219 1403 1302 1436 huic
1326 1402 1545 1446 respondeat,

151 1463 405 1508 coniungatur,
437 1463 496 1496 sed
529 1475 569 1496 eo
603 1465 707 1508 plane
738 1463 866 1503 omisso
891 1476 953 1508 per
976 1465 1220 1498 attractionem
1245 1464 1408 1497 continuo
1431 1463 1464 1496 ei
1488 1474 1547 1496 so-

151 1523 275 1565 cietur,
300 1523 391 1566 quod
409 1524 465 1557 vel
491 1536 531 1557 ex
555 1524 618 1557 illo
643 1529 763 1568 aptum
789 1537 862 1558 esse
886 1526 999 1567 debet,
1025 1526 1082 1558 vel
1101 1525 1349 1567 „secundarium
1374 1524 1409 1557 in
1434 1524 1548 1557 altera

151 1584 321 1618 sententia
342 1585 460 1617 locum
485 1584 626 1619 obtinet.
653 1586 699 1620 cf.
723 1586 800 1630 lug.
828 1586 972 1627 vau,
998 1585 1031 1619 3.
1063 1587 1238 1630 Turpilius
1265 1596 1353 1618 unus
1376 1584 1547 1628 profugit.

152 1645 194 1678 ld
213 1645 492 1679 misericordiane
518 1646 662 1689 hospitis
691 1658 736 1679 au
753 1648 914 1690 pactione
932 1652 992 1680 aut
1015 1658 1095 1679 casu
1116 1649 1166 1680 ita
1187 1647 1358 1686 evenerit,
1385 1655 1549 1689 parum

151 1717 272 1749 comp
285 1718 301 1739 e
315 1706 396 1738 rim
410 1717 480 1746 us,
506 1707 619 1747 nisi,
654 1708 736 1750 quia
754 1709 806 1740 ila·
823 1709 859 1740 in
879 1713 976 1741 tanto
998 1709 1089 1740 malo
1113 1709 1222 1751 turpis
1238 1707 1312 1739 vita
1330 1706 1470 1748 integra
1482 1705 1548 1746 sa-

152 1778 186 1800 m
198 1779 220 1800 a
242 1768 355 1810 potior
372 1767 459 1810 fuit,
476 1767 648 1810 improbus
664 1767 936 1812 intestabilisque
954 1769 1030 1801 vid
1042 1781 1058 1801 e
1070 1774 1081 1802 t
1093 1781 1112 1801 n
1125 1780 1162 1807 r,·
1196 1767 1287 1811 quod
1306 1766 1404 1808 plene
1421 1764 1470 1797 sic
1488 1764 1550 1796 dc-

150 1829 259 1862 bebat
278 1827 475 1861 enunciari:
499 1828 566 1860 nisi
582 1828 633 1861 ho
646 1841 662 1861 c
680 1840 756 1862 con
770 1834 884 1869 stat,
910 1841 990 1862 eum
1008 1829 1210 1872 improbum
1230 1827 1350 1860 videri.
1368 1825 1439 1859 Cic.
1456 1825 1547 1868 Epp.

151 1889 196 1922 ad
215 1889 353 1922 Famm.
378 1888 472 1929 Xlll,
490 1888 522 1930 l,
551 1887 604 1922 10.
632 1889 802 1933 Equidem
825 1902 875 1923 ne
890 1902 906 1923 c
928 1902 988 1923 cur
1008 1890 1066 1923 ille
1084 1895 1264 1934 tantopere
1282 1886 1468 1920 contendat
1487 1885 1550 1917 υἰ-

153 1950 258 1991 deo,
296 1962 318 1982 π
335 1961 380 1983 ec
415 1960 475 1982 cur
502 1954 542 1983 tu
570 1961 763 1994 repugnes,
786 1951 880 1983 nisi
907 1955 1023 1984 tamen
1054 1951 1160 1984 multo
1188 1950 1300 1983 minus
1328 1945 1390 1979 tibi
1411 1942 1550 1977 concedi

150 2015 286 2054 potes
301 2015 333 2051 t,
358 2022 460 2054 quam
483 2012 555 2053 illi,
580 2012 740 2045 laborare
757 2012 831 2044 sine
849 2022 993 2052 caussa,
1019 2011 1043 2045 i.
1066 2022 1095 2044 e.
1119 2012 1187 2044 nisi
1212 2011 1292 2043 hoc
1316 2005 1474 2043 video,
1500 2014 1549 2037 m·

153 2081 203 2104 m.
227 2075 251 2106 t.
273 2072 412 2105 concedi
429 2083 527 2115 posse
555 2078 620 2106 etc.
647 2073 730 2106 Ter.
756 2071 904 2113 Adelph.
929 2071 997 2112 IV,
1023 2070 1067 2112 5,
1093 2071 1150 2104 53.
1175 2071 1240 2104 An.
1268 2069 1435 2107 Obsecro,
1467 2075 1550 2098 num

154 2133 245 2165 ludis
263 2137 301 2165 tu
318 2144 407 2165 nunc
426 2133 510 2166 me?
535 2133 581 2166 M.
604 2145 670 2177 ego
689 2132 751 2167 te?
775 2133 994 2177 quamobrem
1008 2131 1027 2164 ?
1050 2133 1117 2165 Au.
1134 2131 1309 2169 nescim·
1329 2127 1453 2167 Nisi,
1476 2131 1551 2159 tam

154 2192 280 2226 misere
299 2192 362 2225 hoc
382 2203 453 2226 esse
474 2194 572 2236 cupio
592 2204 710 2226 verum
725 2218 735 2234 ,
759 2206 797 2227 eo
820 2205 899 2226 ver
913 2205 987 2226 cor
1003 2194 1130 2237 magis,
1156 2192 1180 2225 i.
1197 2203 1226 2224 e.
1244 2191 1311 2223 nisa·
1334 2189 1413 2222 hoc
1436 2187 1550 2227 scio,

155 2264 210 2286 me
227 2254 340 2286 vereri
356 2264 398 2285 eo
416 2253 541 2299 magis.
565 2254 655 2288 Ante
672 2254 869 2288 Bentleium
888 2254 1070 2298 legebatur
1096 2254 1163 2286 nisi
1187 2252 1291 2297 quia
1318 2255 1388 2283 tam
1405 2252 1491 2288 etc.;
1508 2246 1552 2280 ad

155 2313 438 2356 perspicuitatem
454 2327 573 2348 sensus
591 2326 728 2348 comma
745 2319 823 2357 post
838 2315 906 2348 nisi
923 2314 1115 2357 posuimus,
1137 2319 1175 2346 ut
1190 2311 1319 2346 clarius
1335 2307 1552 2352 intelligere-

156 2379 213 2407 tur
236 2376 303 2407 nisi
321 2376 364 2407 ad
384 2387 503 2408 vercor
519 2376 691 2418 pertinere
718 2375 768 2408 ld.
788 2375 877 2408 Eun.
895 2375 954 2411 lll,
972 2373 1005 2414 ⁴,
1021 2375 1054 2410 9.
1083 2375 1146 2408 Ne
1159 2387 1178 2417 q
1192 2385 1240 2406 uc
1254 2383 1272 2404 o
1297 2371 1382 2404 satis
1407 2380 1438 2402 m
1454 2369 1551 2401 ira-

155 2435 199 2468 ri
221 2446 360 2479 neque
384 2438 637 2475 coniicerm
667 2437 791 2475 Nisi,
816 2434 976 2479 quicquid
994 2439 1055 2470 cst.
1078 2434 1197 2475 procul
1217 2432 1296 2464 hinc
1314 2431 1438 2463 lubet
1456 2429 1552 2472 priua

155 2495 239 2538 quid
257 2497 299 2528 sit
321 2497 497 2537 sciscitari,
516 2498 538 2532 i.
557 2509 585 2530 e..
604 2509 743 2541 prorsus
770 2496 875 2529 dubi
889 2501 899 2527 t
913 2508 931 2527 ο
955 2494 1037 2537 qnid
1063 2492 1223 2533 sentiam,
1248 2493 1313 2525 nisi
1337 2491 1389 2523 Ιιο
1403 2501 1419 2523 c
1443 2487 1553 2522 mihi

157 2568 174 2589 c
187 2567 232 2589 er
246 2562 257 2589 t
270 2567 329 2587 um
357 2568 374 2588 c
387 2562 445 2594 st,
470 2559 555 2590 mihi
577 2559 713 2598 lubere,
742 2555 909 2599 quicquid
926 2560 988 2595 οη,
1006 2553 1173 2587 sciscitari
1191 2552 1284 2596 prius
1311 2550 1394 2595 quid
1420 2549 1474 2582 sit.
1502 2548 1551 2580 ld.

156 2617 301 2650 l‘liorm.
332 2617 390 2650 ΙΙΙ,
418 2618 449 2657 1,
479 2618 531 2650 10.
569 2620 610 2650 A.
645 2617 777 2661 Ecquid
809 2616 882 2659 spei
907 2615 1067 2660 porro'st.
1093 2615 1135 2646 G.
1162 2614 1322 2646 nescio.
1349 2613 1388 2645 A.
1413 2609 1481 2643 ah!
1505 2610 1550 2644 G.

161 2678 265 2711 Nisa·
294 2678 470 2710 Phaedria
488 2677 583 2709 haud
602 2679 747 2710 cessavit
760 2688 824 2721 pro
847 2682 880 2710 te
898 2676 994 2717 eniti,
1014 2675 1036 2707 i.
1062 2686 1092 2707 e.
1118 2674 1185 2706 nisi
1209 2674 1229 2707 h
1242 2684 1288 2705 oc
1308 2671 1405 2705 ecio
1433 2669 1551 2703 Phne-

157 2739 272 2774 drium
293 2738 389 2773 haud
405 2738 590 2772 cessavisse
606 2743 669 2772 etc.
686 2736 755 2771 Scd
773 2736 946 2772 interdum
963 2735 1069 2770 ctiam
1086 2734 1160 2768 sine
1175 2734 1241 2767 ista
1257 2730 1373 2775 clupei
1391 2736 1424 2765 ct
1440 2734 1547 2764 anm-
