1630 3034
422 160 784 205 IUGURTHA.
843 161 971 205 CAP.
1000 160 1122 205 XIII.
1170 173 1177 177 ·
1422 169 1479 209 67

88 277 278 322 vinciam
314 293 366 322 ac
401 277 567 322 deinde
599 278 796 322 Romam
824 278 1062 323 contendit.
1108 278 1231 323 Tum
1260 278 1512 340 Iugurtha5

88 376 272 435 patratis
294 375 482 419 consiliis
503 381 746 436 postquam
777 375 920 419 omnis
944 375 1183 420 Numidiae
1203 377 1480 436 potiebatur,

88 472 134 515 in
183 472 274 515 otio
324 471 494 515 facinus
539 486 667 515 suum
712 486 815 515 cum
860 472 1009 516 animo
1060 478 1275 532 reputans
1319 474 1478 518 timere

88 568 310 627 populum
350 568 611 611 Romanum
653 583 801 626 neque
849 567 1063 612 advorsus
1110 569 1221 612 iram
1264 570 1358 613 eius
1400 585 1476 613 us—

88 679 225 722 quam
260 665 340 709 nisi
369 665 414 709 in
450 664 632 709 avaritia
660 664 900 709 nobilitatis
941 671 985 710 et
1011 666 1205 726 pecunia
1233 681 1312 710 sua
1347 681 1478 726 spem

87 856 289 901 provinciae
311 858 455 893 redacta
477 859 570 893 nudo
590 859 789 903 provinciae
810 859 950 893 nomine
970 860 1225 903 appellabatur.
1249 860 1293 893 cf.
1312 860 1422 902 XXV,
1441 859 1477 895 5.

86 930 191 962 quam
222 920 385 952 ocissume
420 920 468 953 ad
496 920 791 964 provinciam
825 921 982 954 accedat.
1018 921 1181 963 XXXIX,
1206 919 1240 953 4.
1263 932 1346 953 παπι
1370 922 1479 954 omnis

88 980 257 1014 exercitus
290 980 458 1014 Numidia
483 982 649 1015 deductus
669 981 706 1014 in
732 982 981 1025 provincia
1006 981 1195 1015 hiemabat.
1221 981 1331 1024 LXII,
1356 980 1390 1015 1.
1426 982 1479 1014 De

86 1051 125 1073 re
150 1051 185 1074 v,
216 1039 322 1074 etiam
347 1041 436 1075 vell.
460 1043 596 1076 Patere.
622 1042 665 1083 11,
694 1039 752 1081 38,
778 1040 813 1074 3.
838 1040 950 1074 Conr.
980 1059 1018 1065 —
1052 1040 1123 1075 Pro
1148 1043 1323 1076 contendit
1345 1041 1481 1076 Nonius

87 1100 142 1142 lv,
162 1100 219 1134 68.
244 1101 353 1134 habet
378 1103 600 1145 contendere,
626 1100 720 1145 quod
742 1112 806 1143 per
828 1112 866 1134 se
889 1100 1027 1144 quidem
1052 1100 1136 1134 ferri
1160 1102 1290 1145 possit,
1314 1103 1372 1136 sed
1395 1102 1479 1135 infi-

85 1161 197 1194 nitivo
222 1162 344 1195 eodem
367 1162 427 1196 vix
452 1172 656 1207 praegresso
689 1161 875 1194 molestum
899 1161 959 1202 fit;
991 1161 1034 1194 cf.
1058 1161 1102 1195 ad
1128 1161 1203 1195 Cat.
1229 1162 1293 1203 lx,
1312 1161 1343 1194 4.
1368 1173 1402 1206 p.
1422 1161 1479 1195 49.

87 1221 240 1255 Omnino
263 1226 379 1255 autem
404 1222 535 1256 Nonius
565 1223 634 1255 hoc
666 1220 862 1266 Iugurthae
895 1224 1002 1265 caput
1031 1221 1264 1266 negligentius
1293 1221 1482 1265 inspexisse

86 1282 244 1323 videtur,
269 1294 376 1326 quum
399 1281 531 1316 ibidem
555 1282 664 1315 verba
688 1282 860 1315 secundae
883 1284 916 1324 §-
942 1282 992 1316 sic
1014 1282 1148 1317 laudet:
1173 1282 1267 1316 omni
1291 1283 1481 1316 Numidiae

85 1343 259 1388 imperare
282 1347 466 1388 sperat,
490 1353 553 1385 pro
573 1346 694 1386 parat.

180 1405 222 1446 §.v
240 1403 273 1437 5.
320 1408 502 1448 postquam
522 1404 629 1436 omnis
648 1402 840 1436 Numidiae
860 1402 1076 1447 potiebatur]
1101 1402 1202 1440 Haec
1225 1402 1344 1444 verba,
1369 1401 1482 1436 omni·

85 1465 150 1498 bus
163 1465 262 1500 codd.
285 1464 430 1509 egregie
446 1464 598 1505 firmata,
623 1464 761 1498 Cottius
785 1469 951 1507 tanquam
967 1462 1204 1506 turpissimam
1227 1463 1383 1507 glossam
1407 1462 1483 1496 eie-

85 1525 154 1566 cit,
180 1524 262 1568 quia
285 1535 387 1558 sensu
420 1524 526 1567 plane
558 1535 627 1557 non
651 1524 816 1558 differant
848 1535 868 1558 a
899 1522 1113 1568 praegressis
1143 1524 1298 1567 patratis
1321 1525 1482 1557 consiliis.

86 1585 296 1619 Gerlachius
315 1584 457 1618 retinuit
481 1585 640 1628 quidem,
666 1585 726 1618 sed
752 1585 921 1618 sententia
942 1596 1010 1617 non
1035 1588 1215 1628 perspecta
1237 1595 1408 1628 perquam
1432 1585 1484 1618 le-

85 1645 175 1679 viter
197 1646 233 1679 in
257 1646 294 1679 h.
315 1646 339 1678 I.
365 1646 567 1689 explicando
591 1649 748 1679 versatus
772 1649 836 1679 est.
882 1645 950 1679 His
975 1645 1067 1679 enim
1091 1644 1218 1688 verbis,
1244 1656 1334 1688 quae
1357 1656 1484 1689 paren-

84 1706 193 1740 thesis
218 1706 320 1750 signo
345 1705 510 1748 inclusit,
539 1706 746 1740 Sallustium
781 1706 1017 1740 antecedentia
1041 1705 1218 1749 explicare
1240 1703 1394 1739 voluisse
1414 1709 1485 1739 sta-

84 1767 170 1810 tuit,
204 1778 247 1800 ne
280 1766 356 1810 quis
391 1772 487 1811 patr.
515 1779 605 1802 cons.
630 1767 673 1801 de
700 1767 813 1815 ‘caede
836 1766 1053 1811 Hiempsalis
1080 1770 1115 1800 et
1138 1766 1180 1799 de
1203 1765 1303 1798 clade
1327 1776 1370 1799 ac
1394 1765 1485 1810 fuga

84 1826 294 1862 Adherbalis
319 1826 542 1873 intelligeret.
590 1829 691 1873 Quae
714 1827 848 1872 periodi
871 1828 1055 1862 struendae
1073 1826 1166 1861 ratio
1190 1831 1262 1860 uta
1276 1825 1484 1859 Latinorum

83 1899 151 1922 usu
175 1889 281 1932 plane
307 1889 496 1932 abhorret,
530 1889 582 1923 ita
605 1900 647 1923 eo
672 1888 871 1933 perversior
903 1891 977 1929 est,
1008 1887 1102 1931 quod
1128 1886 1340 1920 Gerlachius
1363 1897 1484 1920 veram

82 1947 153 1982 loci
180 1947 473 1991 explicationem,
506 1961 528 1983 a
559 1951 599 1983 V.
624 1951 671 1984 D.
702 1949 738 1983 in
771 1949 921 1985 Miscell.
955 1947 1056 1981 obss.
1080 1946 1227 1980 Amstel.
1252 1946 1328 1979 Vol.
1352 1946 1411 1978 vl.
1435 1946 1483 1979 T.

83 2008 118 2050 2,
139 2009 174 2042 2.
198 2021 231 2053 p.
249 2008 319 2042 318
340 2021 389 2052 sq.
412 2008 609 2052 proditam,
633 2014 803 2054 tanquam
825 2021 894 2043 non
917 2008 1004 2042 satia
1027 2007 1227 2040 concinnam
1250 2006 1393 2050 respuit,
1419 2017 1483 2041 sua

83 2067 175 2101 nihil
207 2068 445 2102 inconcinnius
477 2080 552 2103 esse
582 2081 652 2103 non
685 2070 979 2103 animadvertens.
1029 2067 1181 2100 Consilt‘a
1212 2067 1307 2100 enim
1330 2066 1482 2112 intelligi

84 2127 127 2161 de
158 2128 234 2161 irae
264 2128 405 2171 odiique
427 2129 463 2162 in
495 2130 624 2163 fratres
647 2129 809 2173 explendi
840 2129 956 2163 studio
989 2127 1066 2171 quis
1099 2137 1167 2160 non
1198 2127 1315 2171 videt,
1347 2128 1484 2162 collatis

82 2187 339 2231 superioribus,
364 2199 394 2221 c.
422 2188 483 2229 XI,
507 2188 540 2222 8.
561 2189 595 2222 9.
621 2194 655 2223 et
681 2190 778 2231 XIII,
803 2189 868 2223 L?
903 2190 1059 2223 Tantum
1080 2187 1193 2232 igitur
1215 2188 1325 2229 abest,
1348 2192 1387 2222 ut
1403 2199 1483 2221 ver-

84 2248 140 2282 bis
171 2253 284 2293 postq.
318 2260 384 2282 om.
425 2248 526 2282 Num.
560 2254 634 2294 pot.
666 2250 760 2284 idem
794 2261 913 2284 sensus
945 2248 1008 2288 sit,
1051 2251 1091 2281 ut
1124 2246 1289 2281 ablativis
1321 2259 1362 2282 ea
1391 2259 1480 2292 quae

82 2309 238 2354 proxime
268 2314 350 2343 ante
375 2308 596 2353 agitaverat,
628 2321 788 2354 quaeque
819 2311 939 2355 paullo
963 2311 1041 2352 post
1064 2307 1100 2340 in
1124 2306 1388 2352 flagrantiorem
1413 2308 1481 2342 im-

83 2369 173 2413 perii
198 2369 395 2412 cupidinem
419 2375 624 2414 eruperant,
646 2370 939 2416 significarentur.
988 2369 1027 2403 ld
1050 2368 1156 2402 sensit
1179 2369 1285 2403 etiam
1311 2357 1489 2414 bangius,¹

83 2440 268 2474 perperam
293 2435 412 2464 tamen
445 2433 648 2476 potiebatur
671 2432 918 2475 interpretatus
951 2430 1084 2473 potitus
1114 2433 1208 2471 crat,
1241 2430 1334 2474 quod
1368 2440 1481 2473 aeque

84 2490 220 2525 dicendi
246 2491 385 2536 legibus
417 2496 523 2535 atque
557 2492 662 2526 huius
685 2491 758 2526 Ioci
781 2491 895 2525 sensui
919 2495 1104 2536 repugnat.
1150 2491 1360 2534 Imperfecto
1385 2490 1478 2523 enim

84 2562 106 2585 a
130 2557 315 2595 postquam
340 2556 422 2595 apto
446 2564 553 2595 quum
588 2553 728 2596 incepta
761 2552 865 2586 modo
890 2563 945 2586 res
969 2556 1003 2586 et
1026 2552 1071 2585 ab
1097 2550 1206 2584 initiis
1238 2550 1309 2584 suis
1333 2551 1479 2584 ulterius

82 2612 308 2656 progrediens
332 2613 553 2657 designetur,
577 2616 736 2657 apertum
760 2616 813 2646 est
834 2624 973 2646 sensum
997 2623 1091 2646 esse.-
1115 2623 1219 2656 quum
1244 2612 1324 2656 lug.
1346 2611 1478 2653 fratri-

85 2672 145 2705 bus
169 2673 339 2716 oppressis
363 2673 473 2707 omnis
503 2673 690 2707 Numidiae
718 2673 941 2717 occupandae
970 2673 1106 2706 initium
1127 2672 1274 2715 fecisset
1303 2671 1338 2703 in
1372 2680 1476 2714 eoque

84 2737 210 2766 conatu
226 2737 403 2777 pergeret.
448 2733 519 2776 Qui
543 2734 740 2777 imperfecti
766 2745 848 2769 usus
872 2745 979 2777 quum
1003 2744 1070 2766 uon
1095 2731 1182 2765 satis
1204 2729 1330 2773 respici
1352 2730 1476 2768 soleat,

1117 2801 1199 2845 5*
