<?xml version="1.0" encoding="UTF-8"?>
<!DOCTYPE html PUBLIC "-//W3C//DTD XHTML 1.0 Transitional//EN"
    "http://www.w3.org/TR/xhtml1/DTD/xhtml1-transitional.dtd">
<html xmlns="http://www.w3.org/1999/xhtml" xml:lang="en" lang="en">
 <head>
  <title>
</title>
<meta http-equiv="Content-Type" content="text/html;charset=utf-8" />
  <meta name='ocr-system' content='tesseract 3.04.00' />
  <meta name='ocr-capabilities' content='ocr_page ocr_carea ocr_par ocr_line ocrx_word'/>
</head>
<body>
  <div class='ocr_page' id='page_1' title='image "./operaquaesupeappx01salluoft_0731.png"; bbox 0 0 1630 3034; ppageno 0'>
   <div class='ocr_carea' id='block_1_1' title="bbox 509 134 1508 198">
    <p class='ocr_par' dir='ltr' id='par_1_1' title="bbox 509 134 1508 198">
     <span class='ocr_line' id='line_1_1' title="bbox 509 134 1508 198; baseline -0.001 0"><span class='ocrx_word' id='word_1_1' title='bbox 509 134 868 198; x_wconf 69' lang='lat' dir='ltr'><strong>IUGURTIJA.</strong></span> <span class='ocrx_word' id='word_1_2' title='bbox 905 155 1032 198; x_wconf 73' lang='lat' dir='ltr'><strong>CAP.</strong></span> <span class='ocrx_word' id='word_1_3' title='bbox 1067 154 1200 196; x_wconf 82' lang='lat' dir='ltr'><strong>LXV.</strong></span> <span class='ocrx_word' id='word_1_4' title='bbox 1432 158 1508 197; x_wconf 75' lang='lat'>351</span> 
     </span>
    </p>
   </div>
   <div class='ocr_carea' id='block_1_2' title="bbox 126 271 1513 429">
    <p class='ocr_par' dir='ltr' id='par_1_2' title="bbox 126 271 1513 429">
     <span class='ocr_line' id='line_1_2' title="bbox 265 271 1513 332; baseline -0.002 -14"><span class='ocrx_word' id='word_1_5' title='bbox 265 272 406 319; x_wconf 88' lang='lat' dir='ltr'>LXV.</span> <span class='ocrx_word' id='word_1_6' title='bbox 476 272 588 316; x_wconf 85' lang='lat' dir='ltr'><strong>Erat</strong></span> <span class='ocrx_word' id='word_1_7' title='bbox 633 278 866 332; x_wconf 86' lang='lat' dir='ltr'>praeterea</span> <span class='ocrx_word' id='word_1_8' title='bbox 914 272 957 314; x_wconf 85' lang='lat' dir='ltr'>iu</span> <span class='ocrx_word' id='word_1_9' title='bbox 1001 271 1196 314; x_wconf 85' lang='lat' dir='ltr'>exercitu</span> <span class='ocrx_word' id='word_1_10' title='bbox 1226 277 1378 314; x_wconf 86' lang='lat' dir='ltr'>nostro</span> <span class='ocrx_word' id='word_1_11' title='bbox 1414 271 1513 315; x_wconf 88' lang='lat' dir='ltr'>Nu-</span> 
     </span>
     <span class='ocr_line' id='line_1_3' title="bbox 126 354 1513 429; baseline -0.004 -14"><span class='ocrx_word' id='word_1_12' title='bbox 126 370 255 415; x_wconf 79' lang='lat' dir='ltr'>mida·</span> <span class='ocrx_word' id='word_1_13' title='bbox 297 354 503 429; x_wconf 85' lang='lat' dir='ltr'>quidam,</span> <span class='ocrx_word' id='word_1_14' title='bbox 546 368 726 413; x_wconf 80' lang='lat' dir='ltr'>nomine</span> <span class='ocrx_word' id='word_1_15' title='bbox 772 368 960 423; x_wconf 82' lang='lat' dir='ltr'>Gauda,</span> <span class='ocrx_word' id='word_1_16' title='bbox 1015 367 1335 412; x_wconf 85' lang='lat' dir='ltr'>Mastanabalis</span> <span class='ocrx_word' id='word_1_17' title='bbox 1382 367 1513 419; x_wconf 74' lang='lat' dir='ltr'>filius,</span> 
     </span>
    </p>
   </div>
   <div class='ocr_carea' id='block_1_3' title="bbox 126 464 1510 526">
    <p class='ocr_par' dir='ltr' id='par_1_3' title="bbox 126 464 1510 526">
     <span class='ocr_line' id='line_1_4' title="bbox 126 464 1510 526; baseline -0.003 -15"><span class='ocrx_word' id='word_1_18' title='bbox 126 468 389 513; x_wconf 82' lang='lat' dir='ltr'>Masinissae</span> <span class='ocrx_word' id='word_1_19' title='bbox 425 481 591 526; x_wconf 82' lang='lat' dir='ltr'>nepos,</span> <span class='ocrx_word' id='word_1_20' title='bbox 640 480 776 523; x_wconf 86' lang='lat' dir='ltr'>quem</span> <span class='ocrx_word' id='word_1_21' title='bbox 823 464 1015 525; x_wconf 83' lang='lat' dir='ltr'>Micipsa</span> <span class='ocrx_word' id='word_1_22' title='bbox 1050 471 1316 509; x_wconf 84' lang='lat' dir='ltr'>testamento</span> <span class='ocrx_word' id='word_1_23' title='bbox 1352 479 1510 508; x_wconf 84' lang='lat' dir='ltr'>secun-</span> 
     </span>
    </p>
   </div>
   <div class='ocr_carea' id='block_1_4' title="bbox 112 622 1514 2794">
    <p class='ocr_par' dir='ltr' id='par_1_4' title="bbox 115 622 1514 2003">
     <span class='ocr_line' id='line_1_5' title="bbox 124 622 1514 669; baseline 0.001 -11"><span class='ocrx_word' id='word_1_24' title='bbox 124 625 208 669; x_wconf 76' lang='lat' dir='ltr'>ipsis</span> <span class='ocrx_word' id='word_1_25' title='bbox 234 627 415 667; x_wconf 84' lang='lat' dir='ltr'>corruptae</span> <span class='ocrx_word' id='word_1_26' title='bbox 441 627 560 664; x_wconf 86' lang='lat' dir='ltr'>erant,</span> <span class='ocrx_word' id='word_1_27' title='bbox 596 623 631 655; x_wconf 87' lang='lat' dir='ltr'>in</span> <span class='ocrx_word' id='word_1_28' title='bbox 656 633 724 665; x_wconf 90' lang='lat' dir='ltr'>qua</span> <span class='ocrx_word' id='word_1_29' title='bbox 748 622 919 656; x_wconf 81' lang='lat' dir='ltr'>sententia</span> <span class='ocrx_word' id='word_1_30' title='bbox 942 625 1100 666; x_wconf 83' lang='lat' dir='ltr'>apertum</span> <span class='ocrx_word' id='word_1_31' title='bbox 1124 627 1175 657; x_wconf 79' lang='lat' dir='ltr'>est</span> <span class='ocrx_word' id='word_1_32' title='bbox 1198 623 1405 658; x_wconf 80' lang='lat' dir='ltr'>Sallustium</span> <span class='ocrx_word' id='word_1_33' title='bbox 1430 636 1514 659; x_wconf 85' lang='lat' dir='ltr'>ana·-</span> 
     </span>
     <span class='ocr_line' id='line_1_6' title="bbox 126 683 1512 729; baseline 0.001 -11"><span class='ocrx_word' id='word_1_34' title='bbox 126 686 261 729; x_wconf 83' lang='lat' dir='ltr'>Iogiam</span> <span class='ocrx_word' id='word_1_35' title='bbox 283 685 429 728; x_wconf 81' lang='lat' dir='ltr'><strong><em>perdere</em></strong></span> <span class='ocrx_word' id='word_1_36' title='bbox 453 683 553 716; x_wconf 80' lang='lat' dir='ltr'>verbi</span> <span class='ocrx_word' id='word_1_37' title='bbox 585 687 741 716; x_wconf 82' lang='lat' dir='ltr'>secutum</span> <span class='ocrx_word' id='word_1_38' title='bbox 765 693 859 723; x_wconf 77' lang='lat' dir='ltr'>esse,</span> <span class='ocrx_word' id='word_1_39' title='bbox 894 684 986 727; x_wconf 83' lang='lat' dir='ltr'>quod</span> <span class='ocrx_word' id='word_1_40' title='bbox 1011 695 1077 717; x_wconf 89' lang='lat' dir='ltr'>nou</span> <span class='ocrx_word' id='word_1_41' title='bbox 1102 685 1216 717; x_wconf 80' lang='lat' dir='ltr'>solum</span> <span class='ocrx_word' id='word_1_42' title='bbox 1241 686 1283 719; x_wconf 84' lang='lat' dir='ltr'>de</span> <span class='ocrx_word' id='word_1_43' title='bbox 1309 686 1455 720; x_wconf 76' lang='lat' dir='ltr'>consilio</span> <span class='ocrx_word' id='word_1_44' title='bbox 1479 692 1512 720; x_wconf 80' lang='lat' dir='ltr'>et</span> 
     </span>
     <span class='ocr_line' id='line_1_7' title="bbox 123 743 1512 792; baseline 0.002 -14"><span class='ocrx_word' id='word_1_45' title='bbox 123 746 268 784; x_wconf 78' lang='lat' dir='ltr'>effectu,</span> <span class='ocrx_word' id='word_1_46' title='bbox 297 744 356 778; x_wconf 87' lang='lat' dir='ltr'>sed</span> <span class='ocrx_word' id='word_1_47' title='bbox 386 744 494 777; x_wconf 83' lang='lat' dir='ltr'>etiam</span> <span class='ocrx_word' id='word_1_48' title='bbox 530 745 572 778; x_wconf 89' lang='lat' dir='ltr'>de</span> <span class='ocrx_word' id='word_1_49' title='bbox 606 747 698 778; x_wconf 75' lang='lat' dir='ltr'>statu</span> <span class='ocrx_word' id='word_1_50' title='bbox 731 743 867 779; x_wconf 83' lang='lat' dir='ltr'>dieitur.</span> <span class='ocrx_word' id='word_1_51' title='bbox 901 745 946 778; x_wconf 78' lang='lat' dir='ltr'>cf.</span> <span class='ocrx_word' id='word_1_52' title='bbox 980 747 1056 780; x_wconf 81' lang='lat' dir='ltr'>Cat.</span> <span class='ocrx_word' id='word_1_53' title='bbox 1090 747 1222 788; x_wconf 80' lang='lat' dir='ltr'>XLIII,</span> <span class='ocrx_word' id='word_1_54' title='bbox 1254 747 1288 783; x_wconf 82' lang='lat'>3.</span> <span class='ocrx_word' id='word_1_55' title='bbox 1339 748 1512 792; x_wconf 70' lang='lat' dir='ltr'>Cethegus</span> 
     </span>
     <span class='ocr_line' id='line_1_8' title="bbox 122 806 1510 853; baseline 0.002 -14"><span class='ocrx_word' id='word_1_56' title='bbox 122 807 329 851; x_wconf 82' lang='lat' dir='ltr'>querebatur</span> <span class='ocrx_word' id='word_1_57' title='bbox 350 830 361 845; x_wconf 92' lang='lat'>‚</span> <span class='ocrx_word' id='word_1_58' title='bbox 400 806 476 838; x_wconf 73' lang='lat' dir='ltr'>iIIos</span> <span class='ocrx_word' id='word_1_59' title='bbox 512 817 664 849; x_wconf 82' lang='lat' dir='ltr'>magnas</span> <span class='ocrx_word' id='word_1_60' title='bbox 694 806 969 853; x_wconf 64' lang='lat' dir='ltr'>opportunitates</span> <span class='ocrx_word' id='word_1_61' title='bbox 1001 819 1047 840; x_wconf 86' lang='lat' dir='ltr'>co</span> <span class='ocrx_word' id='word_1_62' title='bbox 1060 819 1318 851; x_wconf 82' lang='lat' dir='ltr'>rrumpere,</span> <span class='ocrx_word' id='word_1_63' title='bbox 1352 809 1374 842; x_wconf 88' lang='lat' dir='ltr'>i.</span> <span class='ocrx_word' id='word_1_64' title='bbox 1408 820 1439 842; x_wconf 89' lang='lat' dir='ltr'>e.</span> <span class='ocrx_word' id='word_1_65' title='bbox 1466 809 1510 841; x_wconf 91' lang='lat' dir='ltr'>il-</span> 
     </span>
     <span class='ocr_line' id='line_1_9' title="bbox 122 866 1510 914; baseline 0.002 -14"><span class='ocrx_word' id='word_1_66' title='bbox 122 868 173 900; x_wconf 86' lang='lat' dir='ltr'>Ios</span> <span class='ocrx_word' id='word_1_67' title='bbox 195 886 236 892; x_wconf 90' lang='lat'>—</span> <span class='ocrx_word' id='word_1_68' title='bbox 261 867 427 910; x_wconf 77' lang='lat' dir='ltr'>perdere,</span> <span class='ocrx_word' id='word_1_69' title='bbox 451 866 508 898; x_wconf 87' lang='lat' dir='ltr'>vel</span> <span class='ocrx_word' id='word_1_70' title='bbox 532 867 602 899; x_wconf 77' lang='lat' dir='ltr'>iuis</span> <span class='ocrx_word' id='word_1_71' title='bbox 626 876 743 909; x_wconf 84' lang='lat' dir='ltr'>magu.</span> <span class='ocrx_word' id='word_1_72' title='bbox 769 877 849 909; x_wconf 82' lang='lat' dir='ltr'>opp.</span> <span class='ocrx_word' id='word_1_73' title='bbox 874 867 1014 900; x_wconf 75' lang='lat' dir='ltr'>inutiles</span> <span class='ocrx_word' id='word_1_74' title='bbox 1040 869 1147 902; x_wconf 75' lang='lat' dir='ltr'>abire.</span> <span class='ocrx_word' id='word_1_75' title='bbox 1197 869 1317 903; x_wconf 83' lang='lat' dir='ltr'>Inania</span> <span class='ocrx_word' id='word_1_76' title='bbox 1339 874 1417 903; x_wconf 79' lang='lat' dir='ltr'>suut</span> <span class='ocrx_word' id='word_1_77' title='bbox 1441 870 1510 914; x_wconf 77' lang='lat' dir='ltr'>igi-</span> 
     </span>
     <span class='ocr_line' id='line_1_10' title="bbox 121 926 1509 974; baseline 0 -13"><span class='ocrx_word' id='word_1_78' title='bbox 121 932 194 969; x_wconf 87' lang='lat' dir='ltr'>tur,</span> <span class='ocrx_word' id='word_1_79' title='bbox 219 938 310 970; x_wconf 78' lang='lat' dir='ltr'>quae</span> <span class='ocrx_word' id='word_1_80' title='bbox 335 926 546 961; x_wconf 76' lang='lat' dir='ltr'>Gerlachius</span> <span class='ocrx_word' id='word_1_81' title='bbox 570 927 612 960; x_wconf 83' lang='lat' dir='ltr'>ad</span> <span class='ocrx_word' id='word_1_82' title='bbox 638 927 879 970; x_wconf 81' lang='lat' dir='ltr'>explicandum</span> <span class='ocrx_word' id='word_1_83' title='bbox 904 929 1049 962; x_wconf 84' lang='lat' dir='ltr'>verbum</span> <span class='ocrx_word' id='word_1_84' title='bbox 1074 930 1209 970; x_wconf 84' lang='lat' dir='ltr'>attulit,</span> <span class='ocrx_word' id='word_1_85' title='bbox 1236 931 1408 974; x_wconf 77' lang='lat' dir='ltr'>corrumpi</span> <span class='ocrx_word' id='word_1_86' title='bbox 1432 942 1509 962; x_wconf 83' lang='lat' dir='ltr'>mo-</span> 
     </span>
     <span class='ocr_line' id='line_1_11' title="bbox 121 988 1508 1033; baseline 0 -10"><span class='ocrx_word' id='word_1_87' title='bbox 121 1001 204 1023; x_wconf 77' lang='lat' dir='ltr'>nens</span> <span class='ocrx_word' id='word_1_88' title='bbox 227 989 295 1022; x_wconf 85' lang='lat' dir='ltr'>dici</span> <span class='ocrx_word' id='word_1_89' title='bbox 319 999 388 1020; x_wconf 89' lang='grc'><strong>11011</strong></span> <span class='ocrx_word' id='word_1_90' title='bbox 413 988 529 1020; x_wconf 78' lang='lat' dir='ltr'>solum</span> <span class='ocrx_word' id='word_1_91' title='bbox 552 998 641 1030; x_wconf 80' lang='lat' dir='ltr'>quae</span> <span class='ocrx_word' id='word_1_92' title='bbox 664 989 826 1030; x_wconf 73' lang='lat' dir='ltr'>perdita,</span> <span class='ocrx_word' id='word_1_93' title='bbox 850 989 909 1021; x_wconf 80' lang='lat' dir='ltr'>sed</span> <span class='ocrx_word' id='word_1_94' title='bbox 934 990 1039 1023; x_wconf 82' lang='lat' dir='ltr'>etiam</span> <span class='ocrx_word' id='word_1_95' title='bbox 1065 1001 1155 1033; x_wconf 85' lang='lat' dir='ltr'>quae</span> <span class='ocrx_word' id='word_1_96' title='bbox 1179 992 1295 1033; x_wconf 77' lang='lat' dir='ltr'>aliquo</span> <span class='ocrx_word' id='word_1_97' title='bbox 1324 991 1424 1023; x_wconf 86' lang='lat' dir='ltr'>modo</span> <span class='ocrx_word' id='word_1_98' title='bbox 1448 991 1508 1023; x_wconf 86' lang='lat' dir='ltr'>de-</span> 
     </span>
     <span class='ocr_line' id='line_1_12' title="bbox 118 1046 1507 1094; baseline -0.001 -10"><span class='ocrx_word' id='word_1_99' title='bbox 118 1056 268 1094; x_wconf 75' lang='lat' dir='ltr'>pravam</span> <span class='ocrx_word' id='word_1_100' title='bbox 288 1050 366 1089; x_wconf 80' lang='lat' dir='ltr'>sint,</span> <span class='ocrx_word' id='word_1_101' title='bbox 391 1046 474 1080; x_wconf 80' lang='lat' dir='ltr'>locis</span> <span class='ocrx_word' id='word_1_102' title='bbox 497 1058 638 1090; x_wconf 81' lang='lat' dir='ltr'>prorsus</span> <span class='ocrx_word' id='word_1_103' title='bbox 658 1047 781 1081; x_wconf 77' lang='lat' dir='ltr'>alienis</span> <span class='ocrx_word' id='word_1_104' title='bbox 800 1048 946 1090; x_wconf 79' lang='lat' dir='ltr'>conatis,</span> <span class='ocrx_word' id='word_1_105' title='bbox 969 1050 1043 1094; x_wconf 83' lang='lat' dir='ltr'>lug.</span> <span class='ocrx_word' id='word_1_106' title='bbox 1064 1051 1226 1091; x_wconf 58' lang='lat' dir='ltr'>xxxin,</span> <span class='ocrx_word' id='word_1_107' title='bbox 1247 1050 1280 1083; x_wconf 70' lang='lat'>4.</span> <span class='ocrx_word' id='word_1_108' title='bbox 1301 1054 1335 1083; x_wconf 85' lang='lat' dir='ltr'>et</span> <span class='ocrx_word' id='word_1_109' title='bbox 1354 1051 1507 1090; x_wconf 67' lang='lat' dir='ltr'>LXXVI,</span> 
     </span>
     <span class='ocr_line' id='line_1_13' title="bbox 120 1107 1508 1153; baseline 0 -9"><span class='ocrx_word' id='word_1_110' title='bbox 120 1110 155 1144; x_wconf 82' lang='lat'>5.</span> <span class='ocrx_word' id='word_1_111' title='bbox 183 1110 242 1142; x_wconf 90' lang='lat' dir='ltr'>ubi</span> <span class='ocrx_word' id='word_1_112' title='bbox 265 1107 448 1142; x_wconf 72' lang='lat' dir='ltr'>transitiva</span> <span class='ocrx_word' id='word_1_113' title='bbox 478 1107 622 1141; x_wconf 81' lang='lat' dir='ltr'>effectus</span> <span class='ocrx_word' id='word_1_114' title='bbox 658 1113 806 1152; x_wconf 72' lang='lat' dir='ltr'>potestas</span> <span class='ocrx_word' id='word_1_115' title='bbox 838 1110 979 1144; x_wconf 80' lang='lat' dir='ltr'>obtinet.</span> <span class='ocrx_word' id='word_1_116' title='bbox 1027 1111 1117 1144; x_wconf 88' lang='lat' dir='ltr'>Illud</span> <span class='ocrx_word' id='word_1_117' title='bbox 1141 1116 1258 1144; x_wconf 85' lang='lat' dir='ltr'>autem</span> <span class='ocrx_word' id='word_1_118' title='bbox 1291 1121 1431 1153; x_wconf 72' lang='lat' dir='ltr'>prorsus</span> <span class='ocrx_word' id='word_1_119' title='bbox 1455 1111 1508 1144; x_wconf 87' lang='lat' dir='ltr'>in-</span> 
     </span>
     <span class='ocr_line' id='line_1_14' title="bbox 122 1168 1506 1214; baseline 0.001 -10"><span class='ocrx_word' id='word_1_120' title='bbox 122 1175 239 1214; x_wconf 84' lang='lat' dir='ltr'>eptum</span> <span class='ocrx_word' id='word_1_121' title='bbox 262 1175 332 1210; x_wconf 82' lang='lat' dir='ltr'>est,</span> <span class='ocrx_word' id='word_1_122' title='bbox 357 1168 448 1212; x_wconf 89' lang='lat' dir='ltr'>quod</span> <span class='ocrx_word' id='word_1_123' title='bbox 472 1175 699 1213; x_wconf 81' lang='lat' dir='ltr'>corruperant</span> <span class='ocrx_word' id='word_1_124' title='bbox 717 1171 754 1203; x_wconf 92' lang='lat' dir='ltr'>h.</span> <span class='ocrx_word' id='word_1_125' title='bbox 783 1171 808 1204; x_wconf 93' lang='lat' dir='ltr'>I.</span> <span class='ocrx_word' id='word_1_126' title='bbox 833 1171 884 1204; x_wconf 89' lang='lat' dir='ltr'>ita</span> <span class='ocrx_word' id='word_1_127' title='bbox 908 1171 1038 1204; x_wconf 89' lang='lat' dir='ltr'>dictum</span> <span class='ocrx_word' id='word_1_128' title='bbox 1064 1177 1187 1209; x_wconf 76' lang='lat' dir='ltr'>censet,</span> <span class='ocrx_word' id='word_1_129' title='bbox 1214 1176 1252 1204; x_wconf 85' lang='lat' dir='ltr'>nt</span> <span class='ocrx_word' id='word_1_130' title='bbox 1275 1183 1304 1204; x_wconf 86' lang='lat' dir='ltr'>c.</span> <span class='ocrx_word' id='word_1_131' title='bbox 1333 1172 1458 1214; x_wconf 80' lang='lat' dir='ltr'>LXIII,</span> <span class='ocrx_word' id='word_1_132' title='bbox 1474 1172 1506 1205; x_wconf 80' lang='lat'>2.</span> 
     </span>
     <span class='ocr_line' id='line_1_15' title="bbox 125 1230 1507 1276; baseline 0.001 -11"><span class='ocrx_word' id='word_1_133' title='bbox 125 1232 225 1265; x_wconf 74' lang='lat' dir='ltr'>illurn</span> <span class='ocrx_word' id='word_1_134' title='bbox 263 1230 459 1264; x_wconf 71' lang='lat' dir='ltr'>consulatus</span> <span class='ocrx_word' id='word_1_135' title='bbox 493 1231 618 1273; x_wconf 71' lang='lat' dir='ltr'>ingens</span> <span class='ocrx_word' id='word_1_136' title='bbox 650 1232 776 1274; x_wconf 79' lang='lat' dir='ltr'>cupido</span> <span class='ocrx_word' id='word_1_137' title='bbox 806 1232 1104 1276; x_wconf 70' lang='lat' dir='ltr'>exagitabat.</span> <span class='ocrx_word' id='word_1_138' title='bbox 1154 1232 1299 1272; x_wconf 81' lang='lat' dir='ltr'>Carrio,</span> <span class='ocrx_word' id='word_1_139' title='bbox 1332 1238 1369 1265; x_wconf 92' lang='lat' dir='ltr'>ut</span> <span class='ocrx_word' id='word_1_140' title='bbox 1393 1234 1507 1267; x_wconf 81' lang='lat' dir='ltr'>sensui</span> 
     </span>
     <span class='ocr_line' id='line_1_16' title="bbox 119 1290 1507 1337; baseline 0.001 -12"><span class='ocrx_word' id='word_1_141' title='bbox 119 1296 356 1331; x_wconf 77' lang='lat' dir='ltr'>succurreret,</span> <span class='ocrx_word' id='word_1_142' title='bbox 389 1290 537 1324; x_wconf 77' lang='lat' dir='ltr'>coniecit</span> <span class='ocrx_word' id='word_1_143' title='bbox 565 1298 783 1335; x_wconf 73' lang='lat' dir='ltr'>corruperat,</span> <span class='ocrx_word' id='word_1_144' title='bbox 819 1291 842 1324; x_wconf 90' lang='lat' dir='ltr'>i.</span> <span class='ocrx_word' id='word_1_145' title='bbox 871 1303 901 1326; x_wconf 86' lang='lat' dir='ltr'>e.</span> <span class='ocrx_word' id='word_1_146' title='bbox 926 1297 1087 1334; x_wconf 79' lang='lat' dir='ltr'>corrupta</span> <span class='ocrx_word' id='word_1_147' title='bbox 1112 1297 1209 1333; x_wconf 83' lang='lat' dir='ltr'>erat,</span> <span class='ocrx_word' id='word_1_148' title='bbox 1242 1298 1282 1326; x_wconf 89' lang='lat' dir='ltr'>ut</span> <span class='ocrx_word' id='word_1_149' title='bbox 1305 1295 1392 1327; x_wconf 82' lang='lat' dir='ltr'>Cato</span> <span class='ocrx_word' id='word_1_150' title='bbox 1414 1295 1507 1337; x_wconf 82' lang='lat' dir='ltr'>apud</span> 
     </span>
     <span class='ocr_line' id='line_1_17' title="bbox 119 1350 1508 1396; baseline 0.003 -11"><span class='ocrx_word' id='word_1_151' title='bbox 119 1353 213 1394; x_wconf 81' lang='lat' dir='ltr'>Geli.</span> <span class='ocrx_word' id='word_1_152' title='bbox 239 1352 361 1390; x_wconf 72' lang='lat' dir='ltr'>xun,</span> <span class='ocrx_word' id='word_1_153' title='bbox 387 1350 443 1384; x_wconf 85' lang='lat'>12.</span> <span class='ocrx_word' id='word_1_154' title='bbox 495 1353 545 1385; x_wconf 83' lang='grc' dir='ltr'>Εο</span> <span class='ocrx_word' id='word_1_155' title='bbox 577 1363 633 1386; x_wconf 82' lang='lat' dir='ltr'>res</span> <span class='ocrx_word' id='word_1_156' title='bbox 656 1365 770 1386; x_wconf 77' lang='lat' dir='ltr'>eorum</span> <span class='ocrx_word' id='word_1_157' title='bbox 796 1354 952 1393; x_wconf 71' lang='lat' dir='ltr'>anxit,</span> <span class='ocrx_word' id='word_1_158' title='bbox 984 1365 1048 1396; x_wconf 83' lang='lat' dir='ltr'>pro</span> <span class='ocrx_word' id='word_1_159' title='bbox 1074 1358 1207 1386; x_wconf 85' lang='lat' dir='ltr'>aucta</span> <span class='ocrx_word' id='word_1_160' title='bbox 1234 1360 1324 1394; x_wconf 81' lang='lat' dir='ltr'>est3</span> <span class='ocrx_word' id='word_1_161' title='bbox 1357 1356 1418 1388; x_wconf 82' lang='lat' dir='ltr'>sed</span> <span class='ocrx_word' id='word_1_162' title='bbox 1442 1356 1508 1389; x_wconf 55' lang='lat' dir='ltr'>iste</span> 
     </span>
     <span class='ocr_line' id='line_1_18' title="bbox 118 1413 1507 1456; baseline 0.001 -9"><span class='ocrx_word' id='word_1_163' title='bbox 118 1425 201 1447; x_wconf 78' lang='lat' dir='ltr'>usus</span> <span class='ocrx_word' id='word_1_164' title='bbox 222 1414 257 1446; x_wconf 83' lang='lat' dir='ltr'>in</span> <span class='ocrx_word' id='word_1_165' title='bbox 281 1413 382 1446; x_wconf 82' lang='lat' dir='ltr'>verbo</span> <span class='ocrx_word' id='word_1_166' title='bbox 407 1423 696 1456; x_wconf 86' lang='lat' dir='ltr'>corrumpere</span> <span class='ocrx_word' id='word_1_167' title='bbox 728 1414 891 1456; x_wconf 68' lang='lat' dir='ltr'>exemplis</span> <span class='ocrx_word' id='word_1_168' title='bbox 925 1419 1029 1446; x_wconf 82' lang='lat' dir='ltr'>caret.</span> <span class='ocrx_word' id='word_1_169' title='bbox 1078 1414 1199 1456; x_wconf 60' lang='lat' dir='ltr'>Neque</span> <span class='ocrx_word' id='word_1_170' title='bbox 1220 1414 1398 1448; x_wconf 77' lang='lat' dir='ltr'>Cart-ionis</span> <span class='ocrx_word' id='word_1_171' title='bbox 1423 1426 1507 1449; x_wconf 84' lang='lat' dir='ltr'>cnu-</span> 
     </span>
     <span class='ocr_line' id='line_1_19' title="bbox 118 1472 1506 1519; baseline 0.001 -11"><span class='ocrx_word' id='word_1_172' title='bbox 118 1474 288 1508; x_wconf 81' lang='lat' dir='ltr'>iecturam</span> <span class='ocrx_word' id='word_1_173' title='bbox 312 1472 513 1515; x_wconf 79' lang='lat' dir='ltr'>confirmat,</span> <span class='ocrx_word' id='word_1_174' title='bbox 547 1475 637 1517; x_wconf 85' lang='lat' dir='ltr'>quod</span> <span class='ocrx_word' id='word_1_175' title='bbox 664 1474 792 1507; x_wconf 81' lang='lat' dir='ltr'>Wassii</span> <span class='ocrx_word' id='word_1_176' title='bbox 815 1474 913 1506; x_wconf 86' lang='lat' dir='ltr'>codd.</span> <span class='ocrx_word' id='word_1_177' title='bbox 940 1475 1056 1507; x_wconf 72' lang='lat' dir='ltr'>Mark.</span> <span class='ocrx_word' id='word_1_178' title='bbox 1091 1477 1133 1509; x_wconf 83' lang='grc' dir='ltr'><strong>Γ.</strong></span> <span class='ocrx_word' id='word_1_179' title='bbox 1158 1477 1201 1508; x_wconf 82' lang='grc' dir='ltr'><strong>Λ.</strong></span> <span class='ocrx_word' id='word_1_180' title='bbox 1233 1481 1434 1519; x_wconf 81' lang='lat' dir='ltr'>corruperat</span> <span class='ocrx_word' id='word_1_181' title='bbox 1455 1476 1506 1510; x_wconf 83' lang='lat' dir='ltr'>in-</span> 
     </span>
     <span class='ocr_line' id='line_1_20' title="bbox 118 1534 1508 1578; baseline 0.001 -9"><span class='ocrx_word' id='word_1_182' title='bbox 118 1540 171 1570; x_wconf 83' lang='lat' dir='ltr'>ter</span> <span class='ocrx_word' id='word_1_183' title='bbox 192 1546 311 1568; x_wconf 73' lang='lat' dir='ltr'>versus</span> <span class='ocrx_word' id='word_1_184' title='bbox 334 1534 476 1574; x_wconf 80' lang='lat' dir='ltr'>habent,</span> <span class='ocrx_word' id='word_1_185' title='bbox 503 1537 538 1567; x_wconf 86' lang='lat' dir='ltr'>et</span> <span class='ocrx_word' id='word_1_186' title='bbox 562 1534 597 1567; x_wconf 90' lang='lat' dir='ltr'>in</span> <span class='ocrx_word' id='word_1_187' title='bbox 620 1535 761 1568; x_wconf 76' lang='lat' dir='ltr'>Bauiol.</span> <span class='ocrx_word' id='word_1_188' title='bbox 787 1545 827 1568; x_wconf 86' lang='lat' dir='ltr'>ac</span> <span class='ocrx_word' id='word_1_189' title='bbox 851 1534 987 1568; x_wconf 64' lang='lat' dir='ltr'>Bodlei.</span> <span class='ocrx_word' id='word_1_190' title='bbox 1011 1546 1049 1567; x_wconf 85' lang='lat' dir='ltr'>re</span> <span class='ocrx_word' id='word_1_191' title='bbox 1073 1546 1157 1568; x_wconf 80' lang='lat' dir='ltr'>vera</span> <span class='ocrx_word' id='word_1_192' title='bbox 1182 1535 1229 1568; x_wconf 86' lang='lat' dir='ltr'>ita</span> <span class='ocrx_word' id='word_1_193' title='bbox 1253 1534 1419 1578; x_wconf 76' lang='lat' dir='ltr'>scriptum</span> <span class='ocrx_word' id='word_1_194' title='bbox 1444 1541 1508 1578; x_wconf 80' lang='lat' dir='ltr'>est,</span> 
     </span>
     <span class='ocr_line' id='line_1_21' title="bbox 117 1594 1507 1640; baseline 0.002 -12"><span class='ocrx_word' id='word_1_195' title='bbox 117 1606 140 1628; x_wconf 83' lang='grc'><strong>3</strong></span> <span class='ocrx_word' id='word_1_196' title='bbox 163 1594 289 1639; x_wconf 76' lang='lat' dir='ltr'>quibus</span> <span class='ocrx_word' id='word_1_197' title='bbox 314 1606 379 1628; x_wconf 76' lang='lat' dir='ltr'>nou</span> <span class='ocrx_word' id='word_1_198' title='bbox 403 1596 555 1628; x_wconf 83' lang='lat' dir='ltr'>multum</span> <span class='ocrx_word' id='word_1_199' title='bbox 578 1596 651 1630; x_wconf 88' lang='lat' dir='ltr'>abit</span> <span class='ocrx_word' id='word_1_200' title='bbox 680 1595 781 1629; x_wconf 83' lang='lat' dir='ltr'>lectio</span> <span class='ocrx_word' id='word_1_201' title='bbox 815 1596 931 1629; x_wconf 78' lang='lat' dir='ltr'>Guelf.</span> <span class='ocrx_word' id='word_1_202' title='bbox 962 1596 994 1629; x_wconf 84' lang='lat'>6.</span> <span class='ocrx_word' id='word_1_203' title='bbox 1021 1600 1054 1628; x_wconf 86' lang='lat' dir='ltr'>et</span> <span class='ocrx_word' id='word_1_204' title='bbox 1078 1596 1148 1636; x_wconf 67' lang='lat'>12„</span> <span class='ocrx_word' id='word_1_205' title='bbox 1179 1596 1239 1639; x_wconf 81' lang='lat' dir='ltr'>qui</span> <span class='ocrx_word' id='word_1_206' title='bbox 1269 1602 1507 1640; x_wconf 72' lang='lat' dir='ltr'>corrumpe-rat</span> 
     </span>
     <span class='ocr_line' id='line_1_22' title="bbox 117 1656 1503 1700; baseline 0.001 -10"><span class='ocrx_word' id='word_1_207' title='bbox 117 1657 308 1690; x_wconf 75' lang='lat' dir='ltr'>ostendunt.</span> <span class='ocrx_word' id='word_1_208' title='bbox 367 1656 457 1689; x_wconf 72' lang='lat' dir='ltr'>Nam</span> <span class='ocrx_word' id='word_1_209' title='bbox 489 1668 597 1700; x_wconf 85' lang='lat' dir='ltr'>quum</span> <span class='ocrx_word' id='word_1_210' title='bbox 630 1657 665 1690; x_wconf 90' lang='lat' dir='ltr'>in</span> <span class='ocrx_word' id='word_1_211' title='bbox 699 1656 820 1689; x_wconf 71' lang='lat' dir='ltr'>multis</span> <span class='ocrx_word' id='word_1_212' title='bbox 850 1657 949 1689; x_wconf 85' lang='lat' dir='ltr'>codd.</span> <span class='ocrx_word' id='word_1_213' title='bbox 976 1657 1196 1699; x_wconf 81' lang='lat' dir='ltr'>familiaris·</span> <span class='ocrx_word' id='word_1_214' title='bbox 1237 1661 1414 1691; x_wconf 78' lang='lat' dir='ltr'>servatum</span> <span class='ocrx_word' id='word_1_215' title='bbox 1445 1658 1503 1700; x_wconf 81' lang='lat' dir='ltr'>sit,</span> 
     </span>
     <span class='ocr_line' id='line_1_23' title="bbox 116 1716 1504 1761; baseline 0.001 -11"><span class='ocrx_word' id='word_1_216' title='bbox 116 1717 253 1750; x_wconf 76' lang='lat' dir='ltr'>scribae</span> <span class='ocrx_word' id='word_1_217' title='bbox 284 1716 522 1750; x_wconf 77' lang='lat' dir='ltr'>accusativum</span> <span class='ocrx_word' id='word_1_218' title='bbox 554 1718 726 1760; x_wconf 84' lang='lat' dir='ltr'>pluralem</span> <span class='ocrx_word' id='word_1_219' title='bbox 758 1728 821 1760; x_wconf 81' lang='lat' dir='ltr'>pro</span> <span class='ocrx_word' id='word_1_220' title='bbox 854 1717 1020 1751; x_wconf 72' lang='lat' dir='ltr'>nominat.</span> <span class='ocrx_word' id='word_1_221' title='bbox 1054 1717 1180 1761; x_wconf 78' lang='lat' dir='ltr'>singul.</span> <span class='ocrx_word' id='word_1_222' title='bbox 1215 1718 1382 1752; x_wconf 76' lang='lat' dir='ltr'>habentes·</span> <span class='ocrx_word' id='word_1_223' title='bbox 1404 1719 1504 1752; x_wconf 79' lang='lat' dir='ltr'>verbi</span> 
     </span>
     <span class='ocr_line' id='line_1_24' title="bbox 115 1778 1506 1822; baseline 0.001 -11"><span class='ocrx_word' id='word_1_224' title='bbox 115 1789 253 1822; x_wconf 86' lang='lat' dir='ltr'>quoque</span> <span class='ocrx_word' id='word_1_225' title='bbox 273 1789 457 1811; x_wconf 83' lang='lat' dir='ltr'>numerum</span> <span class='ocrx_word' id='word_1_226' title='bbox 480 1778 722 1811; x_wconf 79' lang='lat' dir='ltr'>immutarunt.</span> <span class='ocrx_word' id='word_1_227' title='bbox 748 1779 792 1811; x_wconf 79' lang='lat' dir='ltr'>ef.</span> <span class='ocrx_word' id='word_1_228' title='bbox 819 1778 864 1812; x_wconf 73' lang='lat' dir='ltr'>ad</span> <span class='ocrx_word' id='word_1_229' title='bbox 888 1779 964 1811; x_wconf 82' lang='lat' dir='ltr'>Cat.</span> <span class='ocrx_word' id='word_1_230' title='bbox 982 1778 1007 1819; x_wconf 78' lang='lat' dir='ltr'>l,</span> <span class='ocrx_word' id='word_1_231' title='bbox 1034 1778 1065 1811; x_wconf 90' lang='lat'>1.</span> <span class='ocrx_word' id='word_1_232' title='bbox 1112 1778 1263 1811; x_wconf 81' lang='lat' dir='ltr'>Pluralis</span> <span class='ocrx_word' id='word_1_233' title='bbox 1284 1779 1422 1812; x_wconf 88' lang='lat' dir='ltr'>numeri</span> <span class='ocrx_word' id='word_1_234' title='bbox 1446 1791 1506 1813; x_wconf 85' lang='lat' dir='ltr'>ra-</span> 
     </span>
     <span class='ocr_line' id='line_1_25' title="bbox 115 1837 1505 1883; baseline 0.001 -11"><span class='ocrx_word' id='word_1_235' title='bbox 115 1839 165 1872; x_wconf 82' lang='lat' dir='ltr'>tio</span> <span class='ocrx_word' id='word_1_236' title='bbox 195 1838 350 1882; x_wconf 75' lang='lat' dir='ltr'>exposita</span> <span class='ocrx_word' id='word_1_237' title='bbox 382 1843 434 1872; x_wconf 76' lang='lat' dir='ltr'>est</span> <span class='ocrx_word' id='word_1_238' title='bbox 467 1839 509 1872; x_wconf 84' lang='lat' dir='ltr'>ad</span> <span class='ocrx_word' id='word_1_239' title='bbox 544 1839 620 1872; x_wconf 84' lang='lat' dir='ltr'>Cat.</span> <span class='ocrx_word' id='word_1_240' title='bbox 657 1840 759 1880; x_wconf 76' lang='lat' dir='ltr'>xw,</span> <span class='ocrx_word' id='word_1_241' title='bbox 784 1837 817 1872; x_wconf 75' lang='lat'>5.</span> <span class='ocrx_word' id='word_1_242' title='bbox 851 1851 886 1882; x_wconf 81' lang='lat' dir='ltr'>p.</span> <span class='ocrx_word' id='word_1_243' title='bbox 918 1839 975 1872; x_wconf 80' lang='lat'>73.</span> <span class='ocrx_word' id='word_1_244' title='bbox 1025 1839 1203 1872; x_wconf 80' lang='lat' dir='ltr'>Permulta</span> <span class='ocrx_word' id='word_1_245' title='bbox 1236 1839 1342 1872; x_wconf 82' lang='lat' dir='ltr'>huius</span> <span class='ocrx_word' id='word_1_246' title='bbox 1367 1840 1505 1883; x_wconf 74' lang='lat' dir='ltr'>generis</span> 
     </span>
     <span class='ocr_line' id='line_1_26' title="bbox 115 1898 1502 1944; baseline 0.001 -11"><span class='ocrx_word' id='word_1_247' title='bbox 115 1901 276 1944; x_wconf 80' lang='lat' dir='ltr'>exempla</span> <span class='ocrx_word' id='word_1_248' title='bbox 307 1899 487 1933; x_wconf 75' lang='lat' dir='ltr'>Ciceronis</span> <span class='ocrx_word' id='word_1_249' title='bbox 518 1899 739 1934; x_wconf 86' lang='lat' dir='ltr'>contulerunt</span> <span class='ocrx_word' id='word_1_250' title='bbox 771 1899 853 1933; x_wconf 87' lang='grc'><strong>0110</strong></span> <span class='ocrx_word' id='word_1_251' title='bbox 886 1899 931 1933; x_wconf 88' lang='grc'>311</span> <span class='ocrx_word' id='word_1_252' title='bbox 966 1898 1066 1932; x_wconf 85' lang='lat' dir='ltr'>Finn.</span> <span class='ocrx_word' id='word_1_253' title='bbox 1094 1900 1132 1939; x_wconf 88' lang='lat'>1,</span> <span class='ocrx_word' id='word_1_254' title='bbox 1155 1899 1188 1940; x_wconf 87' lang='grc'>8,</span> <span class='ocrx_word' id='word_1_255' title='bbox 1213 1899 1270 1934; x_wconf 77' lang='grc'><strong>27.</strong></span> <span class='ocrx_word' id='word_1_256' title='bbox 1296 1903 1329 1933; x_wconf 85' lang='lat' dir='ltr'>et</span> <span class='ocrx_word' id='word_1_257' title='bbox 1352 1900 1502 1934; x_wconf 78' lang='lat' dir='ltr'>Ellendt.</span> 
     </span>
     <span class='ocr_line' id='line_1_27' title="bbox 115 1959 1132 2003; baseline -0.005 -7"><span class='ocrx_word' id='word_1_258' title='bbox 115 1961 159 1996; x_wconf 63' lang='lat' dir='ltr'>‘ed</span> <span class='ocrx_word' id='word_1_259' title='bbox 183 1961 282 1996; x_wconf 79' lang='lat' dir='ltr'>Brut.</span> <span class='ocrx_word' id='word_1_260' title='bbox 309 1972 338 1993; x_wconf 90' lang='lat' dir='ltr'>c.</span> <span class='ocrx_word' id='word_1_261' title='bbox 363 1960 420 2001; x_wconf 79' lang='lat'>82,</span> <span class='ocrx_word' id='word_1_262' title='bbox 444 1959 526 1993; x_wconf 81' lang='lat'><strong>285.</strong></span> <span class='ocrx_word' id='word_1_263' title='bbox 552 1971 588 1992; x_wconf 84' lang='lat' dir='ltr'>v.</span> <span class='ocrx_word' id='word_1_264' title='bbox 613 1960 718 1993; x_wconf 83' lang='lat' dir='ltr'>etiam</span> <span class='ocrx_word' id='word_1_265' title='bbox 742 1971 847 2003; x_wconf 74' lang='lat' dir='ltr'>supra</span> <span class='ocrx_word' id='word_1_266' title='bbox 870 1960 912 1993; x_wconf 90' lang='grc'>311</span> <span class='ocrx_word' id='word_1_267' title='bbox 942 1971 970 1992; x_wconf 88' lang='lat' dir='ltr'>c.</span> <span class='ocrx_word' id='word_1_268' title='bbox 995 1961 1073 2000; x_wconf 72' lang='lat' dir='ltr'>XX,</span> <span class='ocrx_word' id='word_1_269' title='bbox 1098 1959 1132 1993; x_wconf 83' lang='lat'>8.</span> 
     </span>
    </p>

    <p class='ocr_par' dir='ltr' id='par_1_5' title="bbox 112 2020 1503 2794">
     <span class='ocr_line' id='line_1_28' title="bbox 210 2020 1503 2065; baseline 0.001 -13"><span class='ocrx_word' id='word_1_270' title='bbox 210 2020 310 2053; x_wconf 71' lang='lat' dir='ltr'><strong>LXV.</strong></span> <span class='ocrx_word' id='word_1_271' title='bbox 337 2022 368 2062; x_wconf 74' lang='lat'>§-</span> <span class='ocrx_word' id='word_1_272' title='bbox 396 2021 428 2052; x_wconf 81' lang='lat'>1.</span> <span class='ocrx_word' id='word_1_273' title='bbox 476 2021 660 2053; x_wconf 80' lang='lat' dir='ltr'>secundum</span> <span class='ocrx_word' id='word_1_274' title='bbox 696 2021 856 2053; x_wconf 81' lang='lat' dir='ltr'>heredem</span> <span class='ocrx_word' id='word_1_275' title='bbox 891 2022 1097 2065; x_wconf 78' lang='lat' dir='ltr'>scripserat]</span> <span class='ocrx_word' id='word_1_276' title='bbox 1132 2022 1169 2054; x_wconf 90' lang='lat' dir='ltr'>Id</span> <span class='ocrx_word' id='word_1_277' title='bbox 1193 2031 1278 2054; x_wconf 87' lang='lat' dir='ltr'>num</span> <span class='ocrx_word' id='word_1_278' title='bbox 1301 2030 1342 2053; x_wconf 86' lang='lat' dir='ltr'>ex</span> <span class='ocrx_word' id='word_1_279' title='bbox 1369 2021 1503 2054; x_wconf 55' lang='lat' dir='ltr'>Romae</span> 
     </span>
     <span class='ocr_line' id='line_1_29' title="bbox 114 2080 1502 2126; baseline 0 -12"><span class='ocrx_word' id='word_1_280' title='bbox 114 2091 239 2114; x_wconf 88' lang='lat' dir='ltr'>norum</span> <span class='ocrx_word' id='word_1_281' title='bbox 262 2091 360 2114; x_wconf 85' lang='lat' dir='ltr'>more</span> <span class='ocrx_word' id='word_1_282' title='bbox 382 2081 647 2126; x_wconf 80' lang='lat' dir='ltr'>intelligendum</span> <span class='ocrx_word' id='word_1_283' title='bbox 670 2081 734 2122; x_wconf 78' lang='lat' dir='ltr'>sit,</span> <span class='ocrx_word' id='word_1_284' title='bbox 759 2080 904 2113; x_wconf 87' lang='lat' dir='ltr'>dubium</span> <span class='ocrx_word' id='word_1_285' title='bbox 928 2080 1039 2114; x_wconf 81' lang='lat' dir='ltr'>videri</span> <span class='ocrx_word' id='word_1_286' title='bbox 1063 2086 1192 2126; x_wconf 79' lang='lat' dir='ltr'>potest,</span> <span class='ocrx_word' id='word_1_287' title='bbox 1215 2092 1325 2124; x_wconf 90' lang='lat' dir='ltr'>quum</span> <span class='ocrx_word' id='word_1_288' title='bbox 1350 2080 1502 2114; x_wconf 66' lang='lat' dir='ltr'>Rotnani</span> 
     </span>
     <span class='ocr_line' id='line_1_30' title="bbox 115 2140 1502 2185; baseline 0 -11"><span class='ocrx_word' id='word_1_289' title='bbox 115 2146 332 2175; x_wconf 83' lang='lat' dir='ltr'>externarum</span> <span class='ocrx_word' id='word_1_290' title='bbox 366 2141 523 2185; x_wconf 83' lang='lat' dir='ltr'>gentium</span> <span class='ocrx_word' id='word_1_291' title='bbox 556 2153 671 2175; x_wconf 83' lang='lat' dir='ltr'>mores</span> <span class='ocrx_word' id='word_1_292' title='bbox 705 2145 809 2184; x_wconf 81' lang='lat' dir='ltr'>atque</span> <span class='ocrx_word' id='word_1_293' title='bbox 847 2140 1024 2183; x_wconf 77' lang='lat' dir='ltr'>instituta,</span> <span class='ocrx_word' id='word_1_294' title='bbox 1055 2143 1125 2176; x_wconf 79' lang='lat' dir='ltr'>suis</span> <span class='ocrx_word' id='word_1_295' title='bbox 1156 2142 1277 2184; x_wconf 79' lang='lat' dir='ltr'>aliqua</span> <span class='ocrx_word' id='word_1_296' title='bbox 1300 2145 1435 2175; x_wconf 79' lang='lat' dir='ltr'>tantum</span> <span class='ocrx_word' id='word_1_297' title='bbox 1459 2153 1502 2175; x_wconf 80' lang='lat' dir='ltr'>ex</span> 
     </span>
     <span class='ocr_line' id='line_1_31' title="bbox 116 2195 1503 2246; baseline 0 -11"><span class='ocrx_word' id='word_1_298' title='bbox 116 2207 217 2246; x_wconf 87' lang='lat' dir='ltr'>parte</span> <span class='ocrx_word' id='word_1_299' title='bbox 239 2201 387 2244; x_wconf 76' lang='lat' dir='ltr'>similia,</span> <span class='ocrx_word' id='word_1_300' title='bbox 411 2202 594 2236; x_wconf 72' lang='lat' dir='ltr'>vocabulis</span> <span class='ocrx_word' id='word_1_301' title='bbox 618 2202 684 2236; x_wconf 84' lang='lat' dir='ltr'>sibi</span> <span class='ocrx_word' id='word_1_302' title='bbox 709 2202 882 2236; x_wconf 75' lang='lat' dir='ltr'>consuetis</span> <span class='ocrx_word' id='word_1_303' title='bbox 907 2201 1107 2246; x_wconf 81' lang='lat' dir='ltr'>significare</span> <span class='ocrx_word' id='word_1_304' title='bbox 1132 2195 1294 2243; x_wconf 65' lang='lat' dir='ltr'>solerentJ</span> <span class='ocrx_word' id='word_1_305' title='bbox 1318 2202 1352 2235; x_wconf 86' lang='lat' dir='ltr'>in</span> <span class='ocrx_word' id='word_1_306' title='bbox 1378 2202 1440 2236; x_wconf 85' lang='lat' dir='ltr'>tali</span> <span class='ocrx_word' id='word_1_307' title='bbox 1465 2213 1503 2235; x_wconf 85' lang='lat' dir='ltr'>re</span> 
     </span>
     <span class='ocr_line' id='line_1_32' title="bbox 113 2262 1502 2308; baseline 0.001 -13"><span class='ocrx_word' id='word_1_308' title='bbox 113 2262 228 2296; x_wconf 73' lang='lat' dir='ltr'>minus</span> <span class='ocrx_word' id='word_1_309' title='bbox 252 2273 357 2306; x_wconf 89' lang='lat' dir='ltr'>quam</span> <span class='ocrx_word' id='word_1_310' title='bbox 382 2263 588 2296; x_wconf 83' lang='lat' dir='ltr'>recentiores</span> <span class='ocrx_word' id='word_1_311' title='bbox 611 2263 791 2308; x_wconf 74' lang='lat' dir='ltr'>religiosi3</span> <span class='ocrx_word' id='word_1_312' title='bbox 826 2273 859 2296; x_wconf 73' lang='lat' dir='ltr'>V.</span> <span class='ocrx_word' id='word_1_313' title='bbox 887 2274 976 2306; x_wconf 82' lang='lat' dir='ltr'>quae</span> <span class='ocrx_word' id='word_1_314' title='bbox 999 2263 1042 2296; x_wconf 88' lang='lat' dir='ltr'>de</span> <span class='ocrx_word' id='word_1_315' title='bbox 1060 2263 1217 2306; x_wconf 59' lang='lat' dir='ltr'>‚militiae</span> <span class='ocrx_word' id='word_1_316' title='bbox 1237 2262 1417 2297; x_wconf 76' lang='lat' dir='ltr'>vocabulis</span> <span class='ocrx_word' id='word_1_317' title='bbox 1439 2273 1502 2296; x_wconf 85' lang='lat' dir='ltr'>no-</span> 
     </span>
     <span class='ocr_line' id='line_1_33' title="bbox 114 2323 1501 2368; baseline 0 -12"><span class='ocrx_word' id='word_1_318' title='bbox 114 2323 268 2356; x_wconf 74' lang='lat' dir='ltr'>tavimus</span> <span class='ocrx_word' id='word_1_319' title='bbox 291 2323 335 2356; x_wconf 84' lang='lat' dir='ltr'>ad</span> <span class='ocrx_word' id='word_1_320' title='bbox 361 2323 437 2357; x_wconf 87' lang='lat' dir='ltr'>Cat.</span> <span class='ocrx_word' id='word_1_321' title='bbox 462 2323 563 2365; x_wconf 78' lang='lat' dir='ltr'>mn,</span> <span class='ocrx_word' id='word_1_322' title='bbox 588 2323 621 2358; x_wconf 81' lang='lat'>3.</span> <span class='ocrx_word' id='word_1_323' title='bbox 647 2329 682 2359; x_wconf 82' lang='lat' dir='ltr'>et</span> <span class='ocrx_word' id='word_1_324' title='bbox 705 2325 749 2358; x_wconf 82' lang='lat' dir='ltr'>ad</span> <span class='ocrx_word' id='word_1_325' title='bbox 773 2325 857 2368; x_wconf 82' lang='lat' dir='ltr'>lug.</span> <span class='ocrx_word' id='word_1_326' title='bbox 882 2324 1014 2365; x_wconf 77' lang='lat' dir='ltr'>xux,</span> <span class='ocrx_word' id='word_1_327' title='bbox 1041 2323 1074 2357; x_wconf 88' lang='grc'><strong>2.</strong></span> <span class='ocrx_word' id='word_1_328' title='bbox 1123 2324 1285 2357; x_wconf 80' lang='lat' dir='ltr'>Ceterum</span> <span class='ocrx_word' id='word_1_329' title='bbox 1309 2323 1401 2367; x_wconf 81' lang='lat' dir='ltr'>apud</span> <span class='ocrx_word' id='word_1_330' title='bbox 1426 2324 1501 2357; x_wconf 80' lang='lat' dir='ltr'>Ro-</span> 
     </span>
     <span class='ocr_line' id='line_1_34' title="bbox 113 2375 1501 2428; baseline 0 -11"><span class='ocrx_word' id='word_1_331' title='bbox 113 2375 236 2417; x_wconf 63' lang='lat' dir='ltr'>manos</span> <span class='ocrx_word' id='word_1_332' title='bbox 261 2384 491 2418; x_wconf 74' lang='lat' dir='ltr'>secundus</span> <span class='ocrx_word' id='word_1_333' title='bbox 516 2385 617 2418; x_wconf 76' lang='lat' dir='ltr'>heres</span> <span class='ocrx_word' id='word_1_334' title='bbox 636 2384 828 2427; x_wconf 78' lang='lat' dir='ltr'>dicebatur,</span> <span class='ocrx_word' id='word_1_335' title='bbox 857 2384 929 2428; x_wconf 87' lang='lat' dir='ltr'>qui,</span> <span class='ocrx_word' id='word_1_336' title='bbox 956 2395 1063 2428; x_wconf 87' lang='lat' dir='ltr'>quum</span> <span class='ocrx_word' id='word_1_337' title='bbox 1088 2385 1221 2428; x_wconf 70' lang='lat' dir='ltr'>primus</span> <span class='ocrx_word' id='word_1_338' title='bbox 1243 2387 1306 2418; x_wconf 72' lang='lat' dir='ltr'>ant</span> <span class='ocrx_word' id='word_1_339' title='bbox 1327 2393 1395 2417; x_wconf 75' lang='lat' dir='ltr'>m</span> <span class='ocrx_word' id='word_1_340' title='bbox 1419 2395 1501 2427; x_wconf 73' lang='lat' dir='ltr'>poe-</span> 
     </span>
     <span class='ocr_line' id='line_1_35' title="bbox 112 2444 1499 2486; baseline 0 -8"><span class='ocrx_word' id='word_1_341' title='bbox 112 2450 175 2486; x_wconf 75' lang='lat' dir='ltr'>eet,</span> <span class='ocrx_word' id='word_1_342' title='bbox 202 2448 263 2479; x_wconf 80' lang='lat' dir='ltr'>aut</span> <span class='ocrx_word' id='word_1_343' title='bbox 280 2445 387 2478; x_wconf 82' lang='lat' dir='ltr'>nollet</span> <span class='ocrx_word' id='word_1_344' title='bbox 406 2445 635 2479; x_wconf 83' lang='lat' dir='ltr'>hereditatem</span> <span class='ocrx_word' id='word_1_345' title='bbox 652 2445 761 2486; x_wconf 84' lang='lat' dir='ltr'>adire,</span> <span class='ocrx_word' id='word_1_346' title='bbox 784 2446 886 2479; x_wconf 80' lang='lat' dir='ltr'>heres</span> <span class='ocrx_word' id='word_1_347' title='bbox 904 2449 991 2480; x_wconf 86' lang='lat' dir='ltr'>erat.</span> <span class='ocrx_word' id='word_1_348' title='bbox 1016 2445 1159 2479; x_wconf 78' lang='lat' dir='ltr'>Sueten.</span> <span class='ocrx_word' id='word_1_349' title='bbox 1177 2444 1242 2478; x_wconf 88' lang='grc'><strong>1111.</strong></span> <span class='ocrx_word' id='word_1_350' title='bbox 1260 2456 1291 2478; x_wconf 92' lang='lat' dir='ltr'>c.</span> <span class='ocrx_word' id='word_1_351' title='bbox 1308 2444 1499 2478; x_wconf 68' lang='lat' dir='ltr'>nxxxm.</span> 
     </span>
     <span class='ocr_line' id='line_1_36' title="bbox 117 2505 1498 2550; baseline -0.001 -11"><span class='ocrx_word' id='word_1_352' title='bbox 117 2505 234 2539; x_wconf 79' lang='lat' dir='ltr'>Plures</span> <span class='ocrx_word' id='word_1_353' title='bbox 252 2516 489 2549; x_wconf 79' lang='lat' dir='ltr'>percussorum</span> <span class='ocrx_word' id='word_1_354' title='bbox 521 2507 559 2540; x_wconf 83' lang='lat' dir='ltr'>in</span> <span class='ocrx_word' id='word_1_355' title='bbox 588 2507 756 2540; x_wconf 76' lang='lat' dir='ltr'>tutoribus</span> <span class='ocrx_word' id='word_1_356' title='bbox 778 2507 866 2548; x_wconf 79' lang='lat' dir='ltr'>filii,</span> <span class='ocrx_word' id='word_1_357' title='bbox 898 2507 928 2539; x_wconf 76' lang='grc' dir='ltr'>εἰ</span> <span class='ocrx_word' id='word_1_358' title='bbox 951 2506 1026 2550; x_wconf 78' lang='lat' dir='ltr'>quis</span> <span class='ocrx_word' id='word_1_359' title='bbox 1048 2507 1114 2539; x_wconf 74' lang='lat' dir='ltr'>sibi</span> <span class='ocrx_word' id='word_1_360' title='bbox 1134 2510 1356 2546; x_wconf 76' lang='lat' dir='ltr'>nasceretur,</span> <span class='ocrx_word' id='word_1_361' title='bbox 1388 2506 1498 2538; x_wconf 81' lang='lat' dir='ltr'>nomi-</span> 
     </span>
     <span class='ocr_line' id='line_1_37' title="bbox 112 2566 1496 2609; baseline 0 -10"><span class='ocrx_word' id='word_1_362' title='bbox 112 2566 234 2606; x_wconf 68' lang='grc' dir='ltr'><strong><em>παρῆς</em></strong></span> <span class='ocrx_word' id='word_1_363' title='bbox 261 2567 304 2600; x_wconf 87' lang='lat' dir='ltr'>D.</span> <span class='ocrx_word' id='word_1_364' title='bbox 330 2567 475 2600; x_wconf 85' lang='lat' dir='ltr'>Brutum</span> <span class='ocrx_word' id='word_1_365' title='bbox 503 2567 609 2600; x_wconf 84' lang='lat' dir='ltr'>etiam</span> <span class='ocrx_word' id='word_1_366' title='bbox 631 2567 668 2600; x_wconf 80' lang='lat' dir='ltr'>in</span> <span class='ocrx_word' id='word_1_367' title='bbox 691 2566 912 2599; x_wconf 76' lang='lat' dir='ltr'>secundis</span> <span class='ocrx_word' id='word_1_368' title='bbox 946 2566 1219 2606; x_wconf 75' lang='lat' dir='ltr'>heredibu85</span> <span class='ocrx_word' id='word_1_369' title='bbox 1251 2566 1343 2609; x_wconf 81' lang='lat' dir='ltr'>quod</span> <span class='ocrx_word' id='word_1_370' title='bbox 1366 2566 1496 2609; x_wconf 80' lang='lat' dir='ltr'>Appia-</span> 
     </span>
     <span class='ocr_line' id='line_1_38' title="bbox 112 2624 1495 2670; baseline 0 -10"><span class='ocrx_word' id='word_1_371' title='bbox 112 2637 175 2660; x_wconf 77' lang='lat' dir='ltr'>nus</span> <span class='ocrx_word' id='word_1_372' title='bbox 202 2627 243 2663; x_wconf 86' lang='grc' dir='ltr'><strong>Β.</strong></span> <span class='ocrx_word' id='word_1_373' title='bbox 267 2626 343 2661; x_wconf 88' lang='lat' dir='ltr'>Civ.</span> <span class='ocrx_word' id='word_1_374' title='bbox 360 2627 404 2661; x_wconf 88' lang='lat' dir='ltr'>II.</span> <span class='ocrx_word' id='word_1_375' title='bbox 431 2639 464 2670; x_wconf 86' lang='lat' dir='ltr'>p.</span> <span class='ocrx_word' id='word_1_376' title='bbox 489 2626 570 2660; x_wconf 79' lang='lat'><strong>518.</strong></span> <span class='ocrx_word' id='word_1_377' title='bbox 593 2627 644 2661; x_wconf 81' lang='lat' dir='ltr'>ita</span> <span class='ocrx_word' id='word_1_378' title='bbox 667 2627 791 2661; x_wconf 84' lang='lat' dir='ltr'>tradit:</span> <span class='ocrx_word' id='word_1_379' title='bbox 824 2625 985 2670; x_wconf 81' lang='grc' dir='ltr'><em>Δέκιμος</em></span> <span class='ocrx_word' id='word_1_380' title='bbox 1009 2624 1030 2661; x_wconf 85' lang='grc' dir='ltr'>ὁ</span> <span class='ocrx_word' id='word_1_381' title='bbox 1055 2627 1222 2669; x_wconf 81' lang='grc' dir='ltr'><strong><em>Βροῦτος</em></strong></span> <span class='ocrx_word' id='word_1_382' title='bbox 1243 2625 1284 2661; x_wconf 74' lang='grc' dir='ltr'>ἐν</span> <span class='ocrx_word' id='word_1_383' title='bbox 1306 2630 1388 2667; x_wconf 79' lang='grc' dir='ltr'><strong><em>τοῖς</em></strong></span> <span class='ocrx_word' id='word_1_384' title='bbox 1411 2627 1495 2661; x_wconf 79' lang='grc' dir='ltr'>δευ-</span> 
     </span>
     <span class='ocr_line' id='line_1_39' title="bbox 112 2686 1495 2732; baseline -0.001 -11"><span class='ocrx_word' id='word_1_385' title='bbox 112 2686 232 2731; x_wconf 81' lang='grc' dir='ltr'><strong><em>τέροις</em></strong></span> <span class='ocrx_word' id='word_1_386' title='bbox 258 2687 503 2731; x_wconf 72' lang='grc' dir='ltr'><strong><em>κληρονόμοις</em></strong></span> <span class='ocrx_word' id='word_1_387' title='bbox 529 2686 726 2732; x_wconf 77' lang='grc' dir='ltr'><strong><em>ἐνέγραπτο</em></strong></span> <span class='ocrx_word' id='word_1_388' title='bbox 758 2689 869 2727; x_wconf 73' lang='grc' dir='ltr'><strong><em>παῖςς</em></strong></span> <span class='ocrx_word' id='word_1_389' title='bbox 915 2686 1042 2730; x_wconf 76' lang='lat' dir='ltr'>quibus</span> <span class='ocrx_word' id='word_1_390' title='bbox 1076 2687 1173 2721; x_wconf 77' lang='lat' dir='ltr'>addit</span> <span class='ocrx_word' id='word_1_391' title='bbox 1204 2687 1269 2721; x_wconf 83' lang='lat' dir='ltr'>ille</span> <span class='ocrx_word' id='word_1_392' title='bbox 1301 2698 1366 2731; x_wconf 80' lang='lat' dir='ltr'>pro</span> <span class='ocrx_word' id='word_1_393' title='bbox 1397 2697 1495 2720; x_wconf 87' lang='lat' dir='ltr'>more</span> 
     </span>
     <span class='ocr_line' id='line_1_40' title="bbox 113 2745 1493 2794; baseline 0.001 -13"><span class='ocrx_word' id='word_1_394' title='bbox 113 2758 195 2782; x_wconf 78' lang='lat' dir='ltr'>suo=</span> <span class='ocrx_word' id='word_1_395' title='bbox 226 2747 374 2794; x_wconf 75' lang='grc' dir='ltr'><strong><em>ἑτέρους</em></strong></span> <span class='ocrx_word' id='word_1_396' title='bbox 409 2746 664 2794; x_wconf 75' lang='grc' dir='ltr'><strong><em>κληρονόμους</em></strong></span> <span class='ocrx_word' id='word_1_397' title='bbox 699 2746 958 2793; x_wconf 72' lang='grc' dir='ltr'><strong><em>παραγράφειν</em></strong></span> <span class='ocrx_word' id='word_1_398' title='bbox 990 2745 1185 2792; x_wconf 81' lang='grc' dir='ltr'><strong><em>Ῥωμαίοις</em></strong></span> <span class='ocrx_word' id='word_1_399' title='bbox 1220 2746 1330 2788; x_wconf 79' lang='grc' dir='ltr'><strong><em>ἔθος,</em></strong></span> <span class='ocrx_word' id='word_1_400' title='bbox 1372 2748 1407 2782; x_wconf 83' lang='grc' dir='ltr'>εἰ</span> <span class='ocrx_word' id='word_1_401' title='bbox 1440 2745 1493 2791; x_wconf 81' lang='grc' dir='ltr'>μή</span> 
     </span>
    </p>
   </div>
  </div>
 </body>
</html>
