1630 3034
388 206 748 250 lUGURTHA.
810 206 936 250 CAP.
969 207 1095 251 CVII.
1343 214 1428 256 579

46 338 247 382 opesque
284 324 374 367 eius
412 339 465 367 ex
501 330 629 384 patre
662 339 742 368 suo
777 324 1039 384 penderent,
1075 324 1273 384 credere,
1303 327 1426 372 illum

46 420 152 464 nihil
178 421 330 481 palam
368 436 590 477 ausurum,
627 437 767 480 quum
803 423 901 481 ipse
932 422 1047 466 filius
1078 423 1198 467 testis
1234 423 1424 470 adesset.

45 518 198 572 Quare
234 523 468 577 optumum
503 517 671 562 factum
709 518 860 574 videri,
896 533 980 577 per
1022 520 1169 564 media
1214 521 1306 565 eius
1350 531 1465 570 ca-5

45 612 133 658 stra
167 615 318 674 palam
354 614 559 668 transire3
595 630 704 671 sese,
741 616 812 659 vel
843 616 1113 675 praemissis,
1151 618 1223 662 vel
1257 617 1425 663 ibidem

44 713 206 756 relictis
250 711 446 768 Mauris,
492 712 635 755 solum
682 726 784 756 cum
827 712 954 757 Sulla
988 713 1162 758 iturum.
1232 714 1303 758 Ea
1337 720 1461 773 res,6

45 819 93 853 ut
121 810 166 853 in
199 810 276 853 tali
302 808 512 869 negotio,
547 809 764 868 probata3
803 825 856 854 ac
892 810 1038 856 statim
1070 811 1286 871 profecti,
1321 812 1428 871 quia

43 988 125 1021 pere
155 976 432 1011 commendatur.
479 975 569 1011 Nam
601 978 640 1010 ut
670 979 747 1010 erat
773 976 887 1010 Volux
910 976 1015 1011 anxio
1040 980 1074 1012 et
1096 978 1200 1012 valde
1223 980 1427 1023 perturbato

43 1038 181 1079 animo,
214 1049 282 1071 non
317 1039 453 1080 poterat
484 1037 644 1080 equidem
676 1047 739 1080 pro
764 1041 858 1071 certo
889 1041 923 1072 et
952 1038 1131 1082 explorato
1156 1039 1269 1073 dicere
1293 1041 1427 1085 Iugur-

44 1099 140 1133 tham
165 1099 253 1132 nihil
273 1099 394 1142 palam
420 1109 606 1140 ausurum,
630 1098 712 1141 sed,
738 1110 807 1141 quo
831 1097 968 1132 Sullam
992 1099 1191 1144 mitigaret,
1219 1101 1321 1134 valde
1344 1112 1427 1135 con-

44 1160 224 1201 veniebat,
248 1164 287 1193 ut
309 1158 440 1193 diceret
467 1171 504 1192 se
528 1159 693 1192 coniicere
716 1168 758 1192 ac
779 1159 958 1203 probabile
978 1157 1124 1204 putare,
1143 1160 1245 1194 illum
1270 1161 1426 1205 quietum

45 1221 130 1254 fore.
178 1223 222 1254 Sc
257 1219 293 1253 in
326 1219 389 1254 tali
423 1223 595 1253 structura
627 1218 793 1253 omissum
823 1219 915 1254 nihil
943 1220 1146 1255 insolentiae
1175 1221 1294 1264 habet,
1318 1234 1427 1266 quum

41 1286 104 1316 'suo
129 1268 345 1325 praecedat;'
363 1280 410 1314 cf.
436 1291 466 1314 c.
491 1280 585 1320 xlv,
610 1279 643 1313 3.
669 1291 703 1322 p.
727 1279 785 1316 73,
818 1297 862 1306 —
899 1281 1083 1326 Optumum
1100 1283 1299 1326 factum,
1335 1284 1430 1327 quod

44 1343 208 1387 permulti
241 1342 341 1376 codd.
372 1345 504 1384 tenent,
535 1353 596 1374 cur
619 1341 884 1384 praeferendum
907 1345 1069 1385 putemus
1093 1342 1260 1386 vulgatae
1281 1343 1430 1387 scriptu·

43 1415 104 1438 rae
127 1408 196 1448 opt.
222 1406 379 1447 sactu,
412 1414 434 1436 a
468 1402 658 1435 Gerlachio
686 1402 722 1435 in
747 1403 799 1435 ed.
825 1400 909 1435 mai.
934 1405 968 1435 et
991 1400 1027 1435 in
1051 1402 1260 1439 Commentt.
1289 1415 1323 1448 p.
1345 1403 1429 1438 332.

43 1464 281 1508 improbatae,
314 1463 350 1498 in
380 1463 433 1497 ed.
457 1463 545 1497 min.
569 1474 653 1497 vero
676 1463 876 1504 restitutae,
909 1461 1060 1495 diximus
1087 1461 1132 1495 ad
1157 1462 1259 1497 Catil.
1284 1463 1430 1506 xxxn,

43 1525 77 1560 L
100 1536 136 1569 p.
159 1524 240 1558 151.

135 1586 168 1626 §.
194 1585 228 1618 (i.
254 1588 288 1619 et
310 1585 344 1619 7.
379 1589 419 1620 ut
450 1587 488 1619 in
519 1585 585 1620 tali
614 1584 778 1629 negotio]
816 1583 840 1618 i.
864 1595 894 1617 e.
919 1582 1197 1626 quandoquidem
1221 1582 1257 1617 i'u
1280 1583 1346 1618 tali
1368 1594 1432 1618 ne-

43 1646 142 1691 gotio
166 1646 322 1680 melioris
345 1647 480 1680 consilii
504 1645 605 1689 copia
630 1656 699 1678 non
721 1648 818 1688 erat,
853 1644 926 1678 sive
951 1655 1015 1688 pro
1040 1644 1173 1678 consilii
1195 1644 1335 1687 inopia,
1359 1653 1432 1688 qua

42 1708 79 1741 iu
104 1706 169 1741 tali
191 1707 333 1752 negotio
357 1707 548 1742 laboratur.
601 1708 644 1740 L‘t
668 1706 838 1749 particula
862 1705 956 1739 enim
979 1716 1058 1739 eam
1081 1705 1155 1738 vim
1178 1705 1296 1745 habet,
1321 1709 1360 1738 ut
1382 1704 1434 1746 id,

44 1769 136 1813 quod
169 1768 212 1801 de
246 1768 365 1811 aliqua
397 1780 436 1802 re
468 1767 693 1809 eunuchatur,
727 1778 795 1800 non
819 1778 881 1810 per
903 1777 953 1806 se,
975 1766 1079 1808 quale
1101 1769 1174 1806 est,
1199 1764 1432 1809 intelligatur,

44 1830 105 1864 sed
129 1841 169 1863 ex
191 1834 321 1863 natura
346 1833 380 1863 et
403 1830 600 1862 condicione
625 1829 699 1862 eius
720 1828 793 1867 rei,
829 1826 877 1859 ad
904 1837 1009 1870 quam
1033 1826 1246 1869 comparatio
1270 1827 1432 1868 refertu'r.

44 1891 146 1935 Quae
171 1889 328 1924 condicio
352 1894 575 1933 comparatae
598 1889 671 1930 rei,
697 1887 911 1932 cogitatione
934 1890 1069 1921 tantum
1092 1885 1328 1928 concipienda,
1352 1896 1432 1918 ver-

44 1951 100 1986 bis
122 1962 192 1985 non
216 1950 411 1991 declarata,
438 1961 546 1993 quum
569 1949 626 1983 vel
649 1948 743 1983 aiens
767 1946 823 1988 sit,
847 1947 904 1980 ve!
927 1958 1080 1990 negans,
1113 1950 1152 1980 ut
1175 1944 1348 1988 particula
1370 1947 1433 1980 aut

44 2024 87 2047 ex
111 2023 223 2056 aequo
249 2011 345 2055 ponit
368 2015 555 2054 utrumque
579 2009 812 2048 enunciatum,
835 2010 897 2041 aut
915 2006 1043 2040 finibus
1059 2004 1317 2050 angustioribus
1334 2016 1432 2039 coer-

45 2078 100 2109 cet
122 2073 328 2117 primariam
352 2071 579 2113 sententiam,
612 2080 724 2113 neque
755 2078 922 2113 magnam
953 2067 986 2101 ci
1013 2067 1086 2101 vim
1113 2061 1337 2101 tribuendam*
1357 2076 1434 2101 ense

44 2135 204 2170 ostendit.
251 2134 354 2168 Prior
376 2133 467 2167 ratio
491 2132 553 2166 ubi
577 2131 690 2172 valet,
715 2134 755 2163 ut
777 2128 977 2174 germanice
1001 2131 1051 2162 cst
1074 2128 1149 2170 als,
1182 2125 1355 2170 posterior
1382 2125 1432 2160 si-

45 2196 235 2240 gnificatur
256 2194 429 2239 particula
445 2196 522 2237 fiir,
546 2203 650 2237 quem
670 2201 771 2224 usum
794 2190 936 2223 uberius
960 2187 1214 2222 illustravimus
1235 2186 1271 2219 in
1289 2185 1433 2220 Dim-nis

45 2256 170 2290 scholi.
201 2267 232 2290 a.
265 2254 370 2289 1830.
402 2254 495 2288 Sect.
527 2254 571 2287 11.
603 2252 647 2287 Ν.
681 2251 762 2285 112.
793 2262 828 2294 p.
859 2247 930 2284 905
958 2259 1010 2292 sq.
1057 2247 1183 2282 Nostro
1214 2246 1325 2291 igitur
1354 2247 1434 2281 loco

44 2317 135 2351 haec
159 2317 327 2362 cogitatio
350 2315 487 2349 subest:
512 2315 601 2349 alias
625 2313 718 2347 enim
743 2317 814 2346 tam
838 2310 1036 2355 periculosa
1059 2320 1115 2342 res
1133 2319 1201 2342 non
1219 2308 1331 2350 focile
1350 2318 1434 2351 pro-

47 2379 134 2414 bata
160 2380 311 2423 suisset3
342 2375 544 2420 germanice
576 2379 695 2408 autem
727 2374 779 2407 sic
803 2385 840 2406 se
863 2372 971 2404 habet
994 2369 1181 2404 sententia:
1207 2368 1279 2402 dies
1302 2368 1434 2411 wurde,

43 2442 122 2484 fiir
156 2439 212 2473 die
247 2438 535 2484 gegmiu·12rtige‚
571 2431 969 2476 verzweil'elte‚·Lage
1009 2429 1227 2464 annehmbar
1258 2429 1433 2463 befunden

48 2500 154 2545 (deun
177 2510 221 2533 an
249 2499 318 2532 und
343 2498 400 2530 siit
424 2498 500 2530 sich
524 2507 598 2529 war
623 2507 659 2529 es
686 2495 780 2528 nicht
808 2505 853 2527 zu
877 2493 1020 2537 billigen
1030 2491 1058 2534 )·
1105 2489 1272 2523 Eiusdem
1295 2489 1433 2535 generis

48 2561 218 2603 exempla,
242 2559 277 2592 in
302 2558 427 2602 quibus
452 2562 490 2591 ut
513 2555 744 2601 restringendi
768 2557 971 2598 potestatem
994 2561 1038 2584 ex
1063 2550 1227 2594 negativa
1251 2550 1433 2593 sententia,

48 2630 139 2663 quae
161 2619 313 2664 suppleri
338 2619 458 2661 debet,
490 2617 636 2660 accipit,
668 2617 756 2650 haec
783 2620 876 2649 sunt:
910 2612 982 2646 Cic.
1007 2611 1093 2654 Epp.
1122 2611 1166 2644 ad
1190 2611 1327 2645 Famm.
1344 2610 1431 2651 :xm

47 2680 84 2714 2.
123 2680 312 2721 Nonnihil,
344 2684 391 2713 ut
414 2680 457 2712 in
481 2678 628 2713 tantis
652 2677 810 2718 malis,
845 2680 894 2709 cst
916 2675 1130 2719 profectum,
1156 2672 1216 2705 ubi
1239 2672 1326 2705 llaec
1351 2671 1435 2704 sub-

51 2744 102 2774 eet
123 2741 311 2775 sententia:
337 2741 489 2775 multum
513 2739 606 2773 enim
635 2736 671 2771 in
694 2736 795 2770 malis
820 2735 960 2770 omnino
983 2745 1052 2767 non
1071 2737 1185 2777 potest
1207 2731 1337 2776 profici.
1383 2729 1434 2764 ld.

51 2800 94 2836 de
116 2801 254 2836 Seuect.
275 2813 305 2835 c.
328 2801 371 2845 4,
395 2800 453 2836 12.
515 2800 651 2835 Multae
676 2803 777 2834 erant
800 2798 838 2833 in
868 2797 908 2841 Q.
932 2795 1060 2838 Fabio,
1095 2798 1142 2828 ut
1158 2793 1220 2830 ,in
1251 2790 1434 2826 homine

1043 2865 1155 2911 37*
