1630 3034
494 189 859 233 lUGURTHA.
922 189 1051 233 CAP.
1080 190 1156 233 IV.
1468 196 1522 235 21

131 322 361 366 quaerere.
433 306 523 361 Qui
558 307 593 349 si
627 305 933 365 reputaverint
963 313 1007 349 et
1037 306 1195 364 quibus
1226 322 1315 366 ego
1345 312 1559 367 tempo-4

131 405 250 448 ribus
288 404 571 463 magistratus
607 401 800 461 adeptus
844 413 965 457 sum,
1008 410 1053 446 et
1094 404 1247 461 quales
1284 404 1364 446 viri
1404 403 1527 447 idem

131 501 305 559 assequi
339 499 638 558 nequiverint,
678 505 722 542 et
755 507 913 558 postea
948 514 1064 557 quae
1094 515 1264 560 genera
1294 499 1527 544 hominum

129 655 226 699 plebi
250 654 438 699 praebitis3
475 654 518 688 cf.
546 652 618 689 Cic.
645 652 688 686 de
717 651 790 686 Off.
810 653 864 694 11,
882 653 947 696 16,
970 653 1030 689 55.
1067 653 1159 689 Plin.
1181 653 1271 688 Hist.
1293 654 1372 689 Nat.
1394 656 1447 696 X,
1466 654 1523 688 10.

129 714 240 747 Coa'r.

220 776 252 816 ἓ.
272 773 304 808 4.
354 776 502 818 adeptus
530 775 630 818 sum]
663 774 897 808 Indicativum
925 775 1068 819 plurimi
1097 776 1263 819 praebent
1287 775 1399 810 Cortii
1427 775 1522 819 libri,

128 838 267 877 praeter
288 834 405 868 Guelf.
424 836 456 868 l.
478 834 513 869 5.
540 836 626 868 Ecc.
649 836 745 871 Vrat.
769 837 823 877 l.;
851 837 894 870 ad
925 838 993 870 hoc
1013 836 1042 870 is
1060 837 1183 869 modus
1214 842 1265 870 est
1288 837 1325 869 in
1343 837 1414 870 Erl.
1432 836 1524 881 Teg.

126 893 211 929 Bas.
231 893 254 927 2
285 893 319 929 3.
337 895 443 929 Bern.
462 895 495 929 2.
517 895 553 929 4.
571 895 713 930 Turicc.
730 902 764 931 et
782 897 819 930 in
837 899 915 932 vat.
936 898 968 932 l.
993 897 1029 931 2.
1047 897 1081 930 3.
1102 897 1134 931 4.
1153 896 1187 930 5.
1208 897 1243 930 6.
1268 898 1362 931 Med.
1383 897 1415 931 2.
1434 896 1468 931 5.
1489 897 1526 932 6.

127 953 160 988 7.
185 954 219 987 9.
243 955 302 988 11.
348 956 432 990 ven.
456 956 491 991 3.
531 956 640 991 Barb.
665 956 698 990 5.
741 958 840 991 Flor.
865 958 900 993 ⁴.
941 958 1061 991 Berol.
1086 958 1119 992 1.
1144 961 1179 991 et
1204 958 1325 992 Goerl.
1383 957 1526 990 Relicui

126 1025 246 1048 omnes
270 1015 391 1049 Leidd.
416 1017 519 1050 Grut.
551 1018 665 1051 Vi'ass.
701 1023 736 1051 et
766 1019 881 1052 Italici
915 1018 995 1052 libri
1031 1019 1094 1052 sim
1128 1022 1276 1052 tuentur.
1326 1017 1524 1051 Coniuncti-

126 1086 211 1108 vum
243 1076 452 1110 Gerlachins
485 1076 520 1109 in
555 1081 702 1121 utraque
733 1079 785 1113 ed.
820 1079 855 1111 in
889 1082 1020 1112 textum
1051 1080 1201 1123 recepit,
1240 1088 1454 1121 quamquam
1488 1077 1525 1111 in

128 1136 337 1172 Commentt.
362 1149 394 1180 p.
421 1137 500 1172 219.
536 1137 786 1179 indicativum,
818 1151 916 1172 more
940 1140 1154 1173 Graecorum
1186 1138 1337 1172 orationi
1361 1138 1525 1182 obliquae

128 1195 390 1240 interpositum,
420 1198 635 1232 Sallustiano
667 1199 804 1232 dicendi
838 1200 959 1244 generi
989 1205 1257 1233 consentaneum
1285 1210 1357 1232 esse
1380 1199 1523 1242 profite-

129 1262 195 1291 tur.
243 1258 314 1291 Pto
345 1258 546 1302 graccismo
580 1258 684 1292 istam
716 1265 926 1294 structuram
951 1260 1058 1293 etiam
1081 1259 1325 1303 Heusingerus
1348 1259 1455 1293 habet
1478 1259 1523 1292 ad

128 1318 200 1351 Cic.
220 1318 291 1352 off.
312 1319 340 1360 1,
361 1320 396 1361 7,
410 1319 444 1354 6.
468 1331 580 1362 neque
603 1322 649 1354 ab
673 1331 714 1354 ea
738 1320 908 1354 sententia
932 1321 1066 1354 alienus
1090 1320 1230 1354 videtur
1253 1320 1454 1353 Frotscher.
1479 1320 1523 1353 ad

127 1379 295 1422 Quinctil.
307 1379 394 1421 x‚1,
407 1381 436 1412 l.
462 1380 538 1423 [ubi
555 1380 605 1414 sic
620 1381 807 1425 legendum
826 1381 1002 1423 suspicor-z
1025 1381 1225 1414 accesserit.-
1252 1392 1355 1424 quam
1374 1381 1523 1414 scriben-

127 1441 171 1473 do
193 1440 358 1484 potius
381 1451 429 1473 an
451 1459 497 1465 —
520 1453 648 1475 consec.
672 1440 757 1485 Fre]
789 1441 858 1474 Sed
880 1441 983 1474 istam
1003 1441 1176 1475 rationem
1198 1453 1242 1474 ne
1261 1452 1384 1475 veram
1403 1446 1522 1484 putem

126 1511 168 1534 eo
187 1511 412 1544 permoveor,
439 1502 531 1544 quod
547 1502 760 1535 indicativus
778 1498 816 1534 iti
833 1501 907 1535 istis
922 1502 1090 1545 exemplis
1114 1513 1215 1535 sensu
1239 1502 1343 1545 plane
1366 1502 1523 1535 diversus

126 1565 177 1595 est
200 1561 244 1594 ab
268 1561 510 1602 coniunctium
543 1562 760 1606 graecismus
789 1567 907 1596 autem
931 1574 975 1596 ea
999 1566 1134 1596 tantum
1159 1562 1371 1596 constructio
1403 1564 1522 1597 vocari

124 1625 257 1665 potest,
292 1633 399 1664 quae,
430 1634 539 1666 quum
573 1623 688 1657 Latini
719 1624 889 1657 sermonis
920 1623 1120 1668 analogiam
1153 1623 1251 1666 sequi
1274 1624 1443 1665 debebat,
1476 1624 1521 1657 ad

125 1682 282 1715 Graecae
303 1681 450 1726 linguae
474 1683 690 1729 singularem
714 1696 815 1717 usum
840 1685 1060 1717 conformata
1083 1688 1154 1724 est,
1190 1695 1294 1717 sensu
1317 1689 1435 1718 tamen
1453 1695 1521 1716 non

123 1747 270 1777 mutato.
321 1743 452 1786 lgitur,
478 1747 516 1777 ut
538 1744 664 1787 paucis
681 1744 815 1786 dicam,
840 1744 1068 1778 indicativum
1091 1755 1300 1790 praegressa
1323 1744 1520 1788 interroga—

124 1803 199 1837 tiva
222 1803 464 1836 enunciatione
486 1809 560 1838 tum
584 1809 717 1848 ponunt
740 1805 874 1846 Latini,
902 1804 963 1837 ubi
986 1805 1213 1848 posteriorem
1240 1805 1520 1839 enunciationem

125 1865 173 1898 ita
205 1864 327 1897 volunt
361 1863 506 1907 efferre,
539 1871 576 1898 ut
610 1876 680 1899 non
711 1865 757 1898 ab
792 1864 867 1898 eius
899 1865 1068 1908 subiecti,
1100 1867 1192 1909 quod
1226 1866 1433 1910 primarium
1456 1870 1520 1907 est,

125 1926 340 1971 cogitatione
365 1929 445 1968 apta
470 1925 531 1965 sit,
555 1926 614 1959 sed
637 1929 676 1959 ut
699 1937 755 1959 res
779 1926 938 1959 absolute
961 1927 1076 1969 posita
1099 1938 1181 1960 vere
1206 1939 1276 1961 esse
1300 1928 1520 1971 intelligatur

124 1986 267 2030 eiusque
300 1985 429 2018 veritas
461 1985 607 2030 gravius
643 1992 831 2022 asseratur.
882 1987 922 2020 Y.
960 1992 1080 2021 notata
1109 1989 1153 2021 ad
1187 1989 1291 2022 Catil.
1325 2001 1354 2022 c.
1381 1990 1458 2027 ml,
1483 1988 1517 2021 5.

126 2049 226 2082 Caes.
250 2049 292 2080 B.
317 2048 355 2080 C.
380 2047 424 2087 ll,
448 2045 507 2086 32,
531 2046 588 2080 11,
628 2047 858 2092 Diligentiam
891 2047 1029 2091 quidem
1058 2054 1232 2090 nostram,
1258 2055 1320 2083 aut
1348 2061 1446 2093 quem
1470 2050 1518 2082 ad

117 2110 227 2151 finem
256 2109 368 2141 adhuc
400 2119 453 2140 res
477 2109 738 2150 processit,
763 2120 823 2141 cur
846 2107 1096 2151 praeteream?
1142 2109 1214 2142 Cic.
1243 2112 1369 2155 Agr-ar.
1396 2111 1458 2151 ΙΙΙ,
1482 2111 1516 2150 3,

128 2168 183 2202 17.
208 2169 254 2202 Et
283 2169 445 2211 quoniam
464 2178 534 2211 qua
553 2168 596 2201 de
616 2179 740 2201 caussa
763 2173 796 2201 et
817 2179 960 2211 quorum
986 2179 1110 2201 caussa
1139 2170 1198 2202 ille
1225 2170 1287 2203 hoc
1308 2171 1516 2214 promul-

125 2228 261 2273 gavit
286 2229 432 2261 ostendi.
481 2241 514 2271 p.
540 2230 646 2263 Rosc.
670 2229 788 2262 Amet.
814 2239 843 2260 c.
870 2227 928 2268 30,
952 2227 1010 2261 83.
1047 2229 1262 2270 Quaeramus
1294 2231 1354 2264 ubi
1381 2232 1516 2274 malefi-

126 2289 216 2321 cium
239 2293 270 2321 ct
290 2293 376 2329 est,
401 2294 434 2323 et
457 2290 606 2323 inveniri
623 2296 804 2334 potcst,·
829 2290 891 2322 ubi
915 2289 1087 2323 Matthias
1111 2291 1211 2333 plura
1232 2291 1412 2334 laudavit,
1437 2292 1514 2335 qui—

125 2348 190 2381 bus
214 2348 301 2382 adde
326 2348 493 2383 Goerenz.
518 2351 562 2383 ad
586 2351 688 2384 Finn.
713 2351 771 2391 Π,
795 2349 853 2390 2-1,
877 2349 935 2383 67.
976 2350 1124 2385 Ellendt.
1150 2352 1193 2384 ad
1222 2353 1320 2385 Brut.
1345 2365 1373 2385 e.
1399 2352 1433 2393 3,
1459 2353 1515 2387 13.

124 2409 336 2442 Ramshorn.
361 2409 484 2445 Gram.
508 2411 584 2444 Lat.
609 2413 641 2453 ς.
666 2411 746 2444 174.
771 2411 804 2444 2.
829 2414 898 2446 not.
923 2410 956 2444 2.
982 2423 1016 2454 p.
1040 2411 1109 2445 497
1131 2423 1181 2455 sq.
1208 2413 1260 2445 ed.
1277 2412 1307 2445 1.
1354 2413 1512 2446 indicati>

125 2482 188 2503 vus
212 2470 323 2514 igitur
347 2482 454 2512 quum
478 2482 556 2505 eam
581 2472 654 2505 vim
679 2472 828 2514 habeat,
865 2476 902 2504 ut
924 2483 1000 2505 rem
1024 2472 1137 2515 qualis
1156 2484 1239 2517 per
1263 2485 1307 2506 se
1331 2478 1383 2507 est
1406 2485 1511 2506 enun-

123 2531 210 2571 ciet,
243 2531 279 2563 in
311 2536 474 2574 promptu
508 2537 585 2573 est,
619 2531 828 2565 Sallustium
858 2536 1043 2575 propterea
1071 2532 1140 2566 hoc
1171 2535 1275 2567 modo
1300 2546 1402 2568 usum
1424 2546 1509 2575 esse,

122 2592 212 2636 qnod
238 2592 445 2626 memoriam
470 2593 697 2637 praeterlapsi
720 2592 885 2636 temporis
919 2597 1077 2636 repetens
1099 2594 1241 2636 adeptos
1261 2594 1410 2628 honores
1432 2607 1512 2628 suos

122 2652 224 2695 quasi,
254 2656 449 2695 praesentes
483 2651 660 2693 intuetur,
697 2658 730 2686 et
767 2663 876 2696 paene
906 2652 1036 2687 invitus
1059 2654 1094 2687 in
1118 2655 1251 2688 medias
1284 2667 1340 2688 res
1362 2654 1510 2699 rapitur.

123 2711 271 2746 Relicua
292 2712 457 2754 quoniam
481 2724 550 2745 non
574 2713 616 2746 ad
640 2713 756 2757 ipsum
781 2713 972 2756 pertinent,
998 2714 1150 2748 aliorum
1176 2714 1381 2759 cogitationi
1403 2715 1508 2749 reliu-

125 2771 222 2816 quit,
257 2782 370 2815 eoque
403 2771 624 2807 coniunctivo
653 2773 786 2807 extulit.
834 2774 958 2808 Modus
987 2774 1092 2808 simili
1115 2786 1233 2809 sensus
1253 2775 1453 2810 discrimine
1473 2776 1506 2809 in
