1630 3034
415 101 586 143 RERUM
615 103 678 144 Ac
711 103 980 145 VERBORUM
1326 106 1380 147 47

7 211 109 244 lubere
124 211 267 254 aliquam
284 223 345 245 rem
362 214 384 245 i.
404 224 434 256 q.
454 215 669 254 constituere,
688 216 878 256 decernere,
904 216 928 249 1.
947 216 1003 255 84,
1023 216 1052 249 1.
1102 216 1157 255 85,
1177 216 1229 249 10.

6 265 110 300 Iubere
126 278 190 300 rem
207 269 298 300 alicui
315 279 380 311 qua
397 269 503 302 dativi
519 273 648 304 ratione
665 272 787 304 dictum
803 273 860 310 sit,
878 272 902 305 Ι.
921 272 978 310 84,
997 272 1026 304 1.

4 322 112 356 Iubere
124 334 184 356 cur
196 324 395 357 infinitivum
414 325 518 358 futuri
535 337 598 359 non
615 332 723 369 regat,
747 327 772 360 Ι.
792 327 847 368 33,
866 328 898 360 3.

3 378 108 411 lubere
124 379 158 412 in
175 380 316 414 formula
332 382 439 421 velitis,
457 383 596 423 iubearis,
621 383 647 415 Ι.
666 382 720 419 40,
741 383 772 416 3.
823 382 876 423 73,
896 383 943 416 7.“

0 434 83 467 Iubet
99 436 238 478 populus
257 447 340 478 quae
359 442 496 470 senatus
514 440 636 477 censuit,
662 436 702 472 C.
720 438 776 478 29,
796 439 827 471 3.

0 490 83 524 Iubet
99 501 141 524 ex
153 492 407 535 interpolatione
426 493 599 527 infinitivis
617 495 785 527 historicis
802 495 959 533 additum,
986 493 1010 527 Ι.
1032 494 1085 530 76.
1104 496 1136 528 3.

0 546 146 586 Iudicium
163 549 256 579 animi
273 549 294 579 i.
315 558 345 590 q.
362 550 555 590 Grundsatw,
573 550 598 583 Ι.
619 551 650 584 4.
670 551 702 582 4.

0 603 81 644 tugis
99 604 192 636 vocis
210 604 301 645 origo
316 609 350 637 et
365 606 431 644 viS,
458 605 483 637 1.
502 605 557 645 89,
576 606 608 638 6.

0 658 81 700 tugis
98 659 256 702 quomodo
276 660 409 693 differat
425 672 444 694 a
460 663 612 702 perennis,
630 661 653 694 1.
673 661 729 701 89,
748 662 779 694 6.

0 715 125 756 layum:
139 716 253 748 minere
269 718 324 748 sub
343 719 442 758 iuqum
463 722 497 749 et
510 719 563 749 sub
582 719 663 759 iuqo.
681 717 705 750 I.
722 717 775 756 38,
795 718 826 750 9.

0 771 165 813 luyurthini
181 774 267 813 requi
283 773 382 812 fines,
408 772 433 805 Ι.
456 773 531 813 102,
552 773 605 806 13.

0 826 117 859 Iunctus
134 832 168 860 et
184 829 298 860 vinctus
315 828 466 868 confusa,
482 826 520 861 C.
541 830 596 868 55,
614 829 646 861 4.

0 882 108 924 Iupiter
124 883 278 916 vocabuli
296 884 399 917 forma
419 885 576 927 quomodo
594 884 695 923 facta,
714 883 739 916 1.
758 883 812 923 89,
832 885 864 917 6.

0 939 132 980 Iurgium
148 940 171 972 i.
191 949 222 982 q.
242 941 415 982 quaesitae
432 941 526 973 rixae
545 944 580 972 et
594 940 768 972 verborum
794 942 1023 979 contumeliae,
1051 940 1089 975 C.
1111 942 1164 978 31,
1182 945 1211 976 5.

0 993 46 1027 lus
62 996 85 1028 i.
100 1006 131 1038 q.
148 1000 308 1038 potestas,
334 996 358 1028 I.
378 997 410 1036 3,
428 996 459 1029 1.

0 1050 44 1083 rus
56 1053 142 1092 reyni
157 1061 221 1084 non
239 1052 324 1084 idem
336 1057 390 1084 est
405 1057 505 1094 atque
522 1061 671 1093 regnum,
696 1049 722 1084 l.
739 1051 770 1090 3,
792 1051 821 1084 1.

0 1106 47 1139 lus
64 1107 210 1139 libertatis
228 1109 248 1139 i.
269 1119 299 1140 e.
318 1109 371 1140 ius
390 1118 452 1150 quo
470 1108 568 1140 liberi
581 1108 747 1147 fruuntur,
776 1104 815 1140 C.
836 1107 890 1147 37,
909 1108 938 1140 9.

0 1161 60 1195 mre
76 1163 100 1196 i.
115 1173 146 1205 q.
164 1167 203 1195 ut
219 1169 473 1196 consentaneum
491 1169 553 1203 est,
572 1161 598 1196 l.
619 1163 672 1203 14,
690 1163 740 1196 10.

0 1218 130 1251 munaus
147 1220 323 1252 collectivo
342 1230 443 1252 sensu
456 1220 590 1258 dictum,
618 1217 657 1253 C.
676 1218 707 1258 7,
723 1221 754 1252 4.
805 1219 858 1259 17,
875 1220 905 1252 6.

0 1274 148 1307 lavaturus
164 1276 371 1319 participium
389 1287 453 1308 nou
470 1280 521 1308 est
537 1276 793 1315 sollicitandum,
819 1274 845 1308 l.
865 1275 920 1309 47.
938 1276 970 1309 2.

0 1330 82 1363 {uxta
99 1332 314 1373 aequalitatis
333 1333 497 1364 notionem
515 1332 626 1370 habet,
653 1329 692 1365 C.
713 1331 746 1369 2,
764 1332 797 1365 8.
847 1331 901 1371 37,
919 1332 951 1364 8.
1002 1332 1024 1364 Ι.
1045 1331 1099 1371 95,
1118 1333 1149 1365 3.

0 1387 82 1420 lma
96 1397 174 1427 cum,
193 1384 234 1420 C.
255 1388 309 1427 58,
327 1389 359 1420 5.

0 1442 79 1475 iuxta
95 1443 249 1476 absolute
266 1445 418 1487 positum,
446 1441 471 1476 Ι.
492 1443 546 1482 65,
561 1443 592 1476 2.

635 1568 716 1620 L.

0 1667 87 1700 labos
104 1667 257 1701 Sallustii
273 1673 336 1707 est,
355 1678 419 1700 uon
437 1668 535 1707 labor,
553 1664 593 1700 C.
622 1666 654 1706 7,
673 1668 703 1700 5.

0 1723 149 1756 lacessere
164 1724 362 1757 infinitivum
378 1724 505 1767 passivi
524 1723 622 1756 etiam
634 1723 736 1755 habet
753 1724 900 1761 lacessiri,
917 1723 941 1756 1.
962 1723 1016 1762 62,
1035 1725 1066 1756 4.

0 1778 130 1812 lacunae
142 1790 205 1812 non
221 1780 319 1822 plane
333 1780 454 1812 absunt
470 1789 490 1812 a
508 1778 590 1812 Sall.
609 1779 789 1812 codicibus.
807 1777 831 1810 1.
848 1779 902 1811 21.
922 1780 951 1811 4.
988 1779 1042 1812 41.
1063 1781 1093 1810 5.
1129 1781 1182 1816 4⁴,
1202 1783 1231 1813 5.
1261 1781 1315 1817 92,
1332 1783 1362 1815 1.

0 1835 87 1868 Laeca
100 1834 157 1880 (M.
175 1834 331 1879 Porcius),
351 1833 390 1869 C.
413 1834 467 1875 17,
486 1835 518 1868 3.

0 1891 109 1924 Laetori
124 1893 260 1932 aliquam
271 1903 345 1931 rem,
364 1889 404 1924 C.
425 1891 480 1931 51,
496 1889 552 1924 29.
724 1914 727 1917 -

0 1947 115 1979 Laetitia
131 1947 288 1989 quomodo
307 1946 438 1979 differat
453 1956 473 1978 a
489 1947 613 1986 qaudia,
632 1942 672 1977 C.
692 1944 746 1980 48.
769 1945 797 1977 l.

0 2003 75 2035 Lance
90 2008 194 2035 satura
213 2003 307 2045 quid,
329 2001 354 2035 1.
374 2001 429 2042 29,
449 2003 479 2034 5.

0 2059 81 2092 Lares
97 2059 176 2091 urbs
192 2059 380 2098 Numidiae,
406 2055 432 2090 I.
449 2056 503 2095 90,
517 2056 550 2090 2.

0 2114 108 2157 largiri
127 2114 280 2147 absolute
293 2115 446 2158 positum,
466 2113 501 2146 C.
522 2112 577 2152 52,
597 2112 649 2144 12.

0 2170 107 2212 largiri
123 2176 159 2204 et
175 2172 307 2212 largicio,
326 2181 398 2203 cum
415 2169 541 2202 invidia
558 2169 690 2207 dictum,
716 2165 742 2200 l.
761 2168 793 2201 8.
813 2168 843 2199 2.
896 2169 972 2207 103,
990 2169 1019 2200 6.

0 2226 125 2259 lascivia
141 2227 219 2269 quid
234 2227 363 2270 proprie
381 2225 558 2267 significet,
584 2222 609 2256 1.
630 2223 684 2263 66,
698 2223 731 2256 2.

0 2282 100 2315 'assus
116 2283 274 2325 quomodo
291 2282 423 2315 differat
438 2292 458 2314 a
472 2283 582 2321 sessus,
607 2279 631 2312 Ι.
651 2279 705 2318 53,
723 2280 754 2312 5.

0 2338 60 2371 tate
76 2344 111 2372 et
126 2340 219 2373 latere
234 2337 384 2377 confusa,
409 2336 434 2369 Ι.
454 2336 509 2375 68,
524 2336 557 2368 3.

0 2394 86 2426 latini
101 2395 229 2437 quando
247 2395 299 2427 ius
317 2393 468 2434 suffragii
486 2392 675 2429 habuerint,
701 2391 725 2424 1.
746 2391 800 2424 40.
819 2391 852 2422 2.

0 2449 89 2482 Latini
104 2451 240 2492 gravius
257 2451 362 2483 habiti
380 2459 475 2492 quam
492 2447 636 2482 Romani.
661 2447 687 2479 Ι.
703 2446 757 2483 69,
777 2448 808 2479 4.

0 2505 127 2538 latitudo
141 2507 162 2538 i.
179 2516 210 2539 e.
227 2507 320 2547 regio
339 2507 406 2539 late
424 2510 553 2549 patens.
580 2502 603 2536 Ι.
627 2503 678 2541 17,
697 2504 728 2535 4.

0 2562 189 2594 latrocinium
206 2563 227 2594 i.
248 2572 278 2604 q.
294 2563 346 2594 vis
364 2562 501 2600 iniusta,
526 2558 551 2592 1.
572 2560 604 2593 4.
621 2558 653 2592 7.

0 2617 189 2650 Laeron-esium
200 2619 381 2661 oppositum
399 2618 484 2650 iusto
498 2616 597 2652 bello,
623 2611 648 2647 Ι.
668 2612 723 2651 97,
742 2615 772 2645 5.
