1630 3034
480 183 820 227 CATILINA.
894 183 1030 226 CAP.
1057 183 1128 225 Ll.
1388 187 1473 229 253

97 309 297 350 ceterum
331 316 433 359 vos,
466 302 622 346 Patres
657 299 918 358 conscripti,
954 299 1063 358 quid
1096 300 1141 343 in
1177 299 1271 343 aliis
1306 305 1472 346 statua-

96 395 150 439 tis
207 394 496 440 considerate.
584 390 750 437 Omnia
803 390 923 434 mala
976 391 1184 450 exempla
1236 406 1291 435 ex
1345 391 1542 436 bonis2⁷

98 492 195 529 orta
230 492 351 538 sunt3
398 484 477 529 sed
512 482 591 528 ubi
632 481 874 541 imperium
909 481 968 525 ad
1011 481 1190 541 ignaros
1224 489 1300 527 aut
1332 483 1474 527 minus

96 577 242 621 bonos
286 576 513 635 pervenit,
559 588 726 618 novum
771 572 885 616 illud
930 573 1185 632 exemplum
1226 574 1284 617 ab
1328 574 1475 634 dignis

96 673 141 712 et
173 667 344 711 idoneis
387 667 447 711 ad
490 666 699 726 indignos
746 670 790 710 et
830 678 920 708 non
969 665 1157 710 idoneos
1202 665 1473 709 transfertur.

94 812 176 846 aliis
205 811 298 845 solus
335 809 480 856 praebet
518 809 658 850 StruV.;
691 809 751 843 sed
781 819 888 852 quum
918 806 979 841 hic
1010 808 1184 842 ablativus
1223 807 1422 852 saepissime
1452 818 1475 842 a

94 868 217 902 scribis
252 865 469 902 oblitteratas
509 864 573 909 sit,
605 868 664 900 rel
694 867 795 901 unius
835 864 962 900 codicis
982 892 987 900 .
1006 866 1196 900 auctoritas
1235 877 1304 900 non
1344 870 1475 899 temere

91 927 283 970 spernenda
304 926 452 960 videtur.
476 935 511 958 V.
536 925 581 958 ad
603 936 632 957 c.
646 925 708 966 IX,
727 924 761 958 2.

187 985 219 1025 5.
243 983 301 1017 27.
349 995 390 1017 ex
425 983 541 1025 bonis]
584 982 670 1015 Edd.
706 979 868 1023 Gruteri,
912 979 1042 1014 wassii
1084 983 1118 1014 et
1146 979 1398 1024 Havercampii
1433 992 1475 1014 ea:

94 1040 194 1074 rebus
217 1041 433 1080 domesticis5
465 1039 524 1073 sed
547 1039 663 1072 locum
687 1039 788 1073 foede
818 1039 1064 1082 interpolatum
1088 1037 1224 1071 Cottius
1255 1039 1342 1071 benc
1373 1038 1476 1072 resti-

95 1096 174 1140 tuit,
196 1099 334 1141 recepta
359 1096 618 1130 Guelferbitani
642 1097 698 1130 11.
732 1097 838 1129 Fabr.
866 1096 899 1129 1.
931 1095 967 1129 in
997 1106 1110 1139 marg.
1144 1099 1178 1129 et
1208 1095 1313 1128 trium
1347 1089 1475 1129 Palatt.

93 1154 288 1198 scriptura,
320 1166 424 1198 quam
457 1154 494 1187 in
525 1158 622 1187 textu
655 1152 894 1196 expressimus.
942 1153 980 1185 ln
1015 1151 1156 1186 relicuis
1189 1152 1289 1185 libris
1322 1152 1424 1186 varia
1453 1163 1476 1186 a

95 1212 220 1246 scribis
260 1213 381 1246 addita
423 1216 522 1252 sunt,
562 1211 722 1254 exemplis
753 1209 978 1252 supplendum
1009 1220 1083 1242 esse
1124 1209 1374 1243 nescientibus:
1413 1209 1476 1243 alii

96 1269 190 1302 enim
213 1270 342 1303 habent
366 1280 406 1303 ex
431 1269 524 1302 bonis
548 1269 721 1308 initiis,
745 1267 819 1309 alii,
842 1267 936 1310 iique
958 1266 1120 1310 plurimi,
1146 1278 1186 1299 er
1203 1268 1344 1300 ‘rebus
1369 1268 1476 1308 bonis,
1508 1269 1512 1271 ⁴

97 1325 162 1360 alii
197 1337 236 1359 ex
269 1327 363 1360 bonis
403 1326 556 1367 rebus,
599 1325 661 1358 alii
694 1325 787 1358 bonis
826 1336 866 1357 ex
904 1325 1043 1358 rebus
1077 1325 1371 1366 domesticis,
1411 1324 1477 1358 alii

96 1382 245 1426 denique
270 1395 309 1416 ex
331 1383 430 1416 rebus
454 1383 669 1423 domesticis,
703 1392 792 1425 quae
823 1380 1007 1415 varietates
1027 1381 1198 1415 Dahlium
1230 1382 1313 1415 satis
1335 1394 1478 1415 monere

95 1444 265 1484 poterant,
283 1450 305 1473 a
320 1439 487 1473 Sallustio
502 1439 638 1472 nullum
661 1439 914 1472 substantivum
938 1450 1012 1472 esse
1035 1439 1258 1473 additum.-—-
1273 1440 1477 1483 Exemplum

95 1496 294 1540 Herzogius
316 1497 390 1530 sine
412 1496 587 1542 genitivo,
618 1507 688 1540 quo
715 1495 911 1529 accuratius
934 1497 1138 1537 definiatur,
1169 1496 1322 1540 positum
1347 1497 1477 1540 ubique

96 1558 212 1586 censet
245 1565 394 1597 poenam
417 1555 613 1598 irrogatam
645 1554 702 1586 vel
732 1554 899 1596 inflictam
930 1554 1150 1599 significare3
1185 1554 1244 1587 sed
1277 1554 1346 1587 hoc
1375 1566 1480 1588 nemo

96 1610 261 1644 concedet
292 1612 327 1645 in
361 1611 534 1644 vocabulo
562 1611 640 1654 ipso
671 1611 801 1653 inesse,
838 1612 929 1654 quod
960 1612 996 1645 in
1026 1611 1230 1645 universum
1259 1615 1311 1645 est
1343 1611 1480 1645 facinus

96 1668 238 1711 aliquod
259 1669 333 1702 sive
356 1669 489 1702 factum
512 1668 758 1712 conspicuum,
792 1669 884 1711 quod
919 1669 983 1702 alii
1005 1668 1225 1709 intueantur,
1257 1672 1297 1702 ut
1318 1669 1375 1701 vel
1398 1668 1480 1702 imi-

96 1727 222 1766 tentur,
245 1727 304 1759 vel
326 1726 445 1759 vitent.
493 1727 611 1768 Quare
633 1724 879 1759 sententiarum
901 1730 1036 1759 tantuin
1060 1738 1150 1760 nexu
1173 1737 1251 1760 eam
1274 1730 1480 1769 potestatem

96 1781 254 1826 accipere
285 1787 418 1826 potest,
449 1794 556 1827 quam
587 1783 651 1817 ille
680 1784 852 1817 vocabulo
883 1784 1061 1827 propriam
1084 1788 1202 1827 putat,
1232 1784 1329 1817 velut
1361 1783 1480 1818 Tacit.

95 1839 184 1874 Ann.
202 1840 261 1881 vl,
281 1840 338 1882 10,
362 1846 448 1875 extr.
479 1841 569 1882 XIV,
589 1840 646 1882 44,
671 1844 759 1874 extr.
803 1840 925 1884 'Neque
959 1841 1058 1875 aliud
1081 1842 1204 1875 docent
1226 1845 1329 1875 notae
1352 1842 1481 1875 Ruhn-

95 1896 190 1931 kenii
225 1899 270 1932 ad
301 1899 383 1932 Ter.
415 1899 503 1933 Eun.
531 1899 574 1940 V,
601 1899 635 1940 4,
662 1897 720 1931 21.
753 1901 788 1931 et
809 1899 987 1932 Drakenb.
1024 1900 1066 1932 ad
1099 1899 1176 1932 Liv.
1206 1899 1334 1940 xxix,
1361 1899 1418 1940 27,
1443 1900 1478 1934 4.

88 1956 212 1998 jacere
252 1955 309 1988 vel
341 1957 441 1990 edere
478 1957 633 2000 exempla
665 1956 702 1988 in
740 1955 890 1998 aliquem
933 1966 1008 1989 esse
1039 1956 1146 2000 gravi
1181 1967 1297 2000 poena
1330 1958 1481 2001 aliquem

97 2013 259 2056 afficere‚·
284 2013 413 2058 quippe
435 2015 471 2048 in
493 2013 703 2058 praepositio
725 2014 804 2046 luce
827 2013 957 2047 clarius
991 2013 1114 2053 docet,
1149 2024 1218 2055 quo
1240 2025 1339 2047 sensu
1366 2026 1482 2048 esem-

93 2071 192 2113 plum
214 2070 344 2104 dictum
368 2071 424 2105 sit.
474 2071 668 2114 Quocirca,
701 2081 811 2113 quum
843 2071 973 2104 Caesar
996 2081 1017 2104 a
1040 2070 1202 2114 generali
1231 2072 1403 2105 sententia
1436 2072 1482 2106 ad

96 2128 253 2171 singulas
278 2139 333 2162 res
356 2128 562 2169 descendat,
587 2127 677 2161 mihi
700 2132 833 2160 certum
856 2131 926 2168 est,
961 2129 1148 2171 exemplum
1172 2129 1315 2173 vulgari
1341 2131 1482 2163 eadem-

99 2195 167 2228 que
199 2184 377 2219 indefinita
410 2186 448 2219 vi
483 2197 557 2219 esse
589 2185 804 2228 capiendum.
834 2203 880 2209 --
920 2185 1005 2218 Post
1039 2186 1183 2229 ignaros
1223 2186 1367 2229 plurimi
1398 2186 1482 2221 libri

101 2241 231 2275 addunt
268 2242 381 2282 cives,·
418 2242 550 2285 inepte;
589 2242 633 2275 cf.
667 2254 696 2275 c.
723 2241 769 2281 11,
799 2241 833 2275 6.
860 2259 908 2267 —-
957 2243 1159 2286 Exemplum
1199 2243 1355 2285 unciam,
1396 2255 1482 2287 quos

101 2297 238 2331 Cottius
269 2298 562 2339 circumdederat,
603 2298 852 2339 liberavim1133
885 2304 1023 2342 praeter
1055 2301 1174 2334 Guelf.
1210 2300 1304 2334 enim
1328 2301 1362 2335 5.
1387 2306 1422 2334 et
1447 2300 1481 2335 6.

95 2366 221 2389 'omnes
245 2356 343 2389 codd.
369 2361 572 2400 agnoscunt.
592 2375 638 2380 -—
678 2357 803 2400 Dignis
826 2368 873 2390 sc.
907 2368 1038 2400 poena,
1072 2363 1106 2392 et
1131 2359 1262 2391 idoneis
1285 2370 1333 2392 sc.
1357 2358 1417 2402 qui
1441 2369 1484 2392 ea

103 2412 348 2454 afficerentur3
376 2414 516 2446 idoneus
541 2412 633 2446 enim
656 2413 693 2445 h.
719 2413 743 2446 1.
767 2425 835 2446 non
858 2415 1009 2448 multum
1033 2415 1151 2450 differt
1173 2426 1196 2450 a
1219 2416 1366 2461 dignus,
1392 2416 1484 2459 quod

102 2470 209 2504 etiam
232 2471 319 2504 vidit
341 2471 458 2506 Carol.
484 2471 598 2504 Beier.
623 2470 666 2504 ad
691 2471 765 2505 Cic.
790 2471 833 2504 de
857 2471 928 2505 Off.
948 2473 991 2513 11,
1012 2472 1136 2514 1254.
1183 2473 1320 2507 Tamen
1343 2474 1484 2507 idoneus

103 2528 222 2571 paullo
246 2527 448 2562 insolentius
471 2528 602 2562 dictum
625 2527 779 2570 videtur,
810 2541 918 2573 quum
940 2531 1082 2575 proprie
1105 2543 1184 2566 eum
1207 2533 1398 2578 significet,
1423 2536 1482 2579 qui

103 2584 257 2628 aliquam
291 2597 366 2618 rem
401 2587 541 2628 facere,
581 2587 771 2630 suscipere,
811 2599 1003 2632 peragere,
1044 2600 1113 2625 uon
1146 2590 1208 2635 qui
1241 2593 1374 2638 aliquid
1404 2595 1484 2639 pati

102 2643 234 2688 pontit,-
257 2643 303 2677 cf.
326 2643 444 2678 Kraft.
467 2643 512 2678 ad
535 2643 666 2678 Mureti
690 2643 804 2680 Oratt.
827 2656 862 2689 p.
882 2645 963 2682 276.
