1630 3034
141 208 228 248 358
515 203 561 246 C.
592 163 1169 246 SALLUSleRISPI

142 319 318 364 servitia
364 320 674 365 Romanorum
711 321 912 375 allicere,
959 326 1005 365 et
1048 336 1126 365 eos
1163 321 1312 380 ipsos,
1367 322 1442 380 qui
1483 322 1528 366 in

141 416 375 476 praesidiis
420 423 568 474 erant,
612 418 805 477 pecunia
846 423 1045 471 tentare;
1081 432 1264 477 prorsus
1311 417 1419 461 nihil
1460 419 1530 462 in-

103 517 309 559 etactum
343 529 492 572 neque
538 515 738 573 quietum
779 515 897 574 pati,
944 519 1104 558 cuncta
1139 514 1324 574 agitare.
1393 515 1535 575 Igitur
1564 547 1567 550 -

111 609 401 670 ..Vagenses,
447 625 539 669 quo
574 610 786 677 Metellus
821 611 970 669 initio,
1004 609 1221 671 Iugurtha
1254 611 1532 670 pacificante,
1587 603 1590 605 Δ

143 706 419 767 praesidium
451 707 728 768 imposuerat
746 740 760 765 ‚
795 709 970 769 fatigati
1004 708 1126 769 regis
1163 708 1416 767 suppliciis,
1451 725 1535 754 ne-

142 856 179 891 2.
203 859 256 890 est
279 861 416 901 atque
448 857 522 890 alia
547 870 660 902 quae,·
680 858 715 892 in
740 859 825 892 Ven.
850 858 885 892 3.
910 863 953 892 et
978 860 1025 893 al.
1049 870 1151 904 qnae.
1198 859 1252 892 De
1275 857 1410 892 ratione
1431 858 1538 893 huius

144 916 277 960 ellipsis
308 928 345 950 v.
368 920 488 952 notata
521 919 566 952 ad
591 920 667 954 Cat.
691 921 774 961 XV,
800 920 833 953 1.
864 931 898 964 p.
920 917 1049 957 75η-
1083 920 1199 953 Verba
1222 924 1255 952 et
1283 930 1339 953 eos
1360 920 1451 963 ipsos
1474 932 1538 954 va-

144 977 216 1011 lent
250 978 293 1011 ad
330 978 587 1022 oppositionem
624 981 715 1015 inter
745 981 890 1015 servitia
923 984 959 1014 et
989 980 1115 1014 milites
1147 981 1343 1022 Romanos,
1384 992 1465 1014 nam
1496 981 1537 1015 hi

144 1037 390 1083 significantur
413 1039 529 1074 verbis
556 1042 616 1084 qui
638 1043 674 1075 in
697 1053 812 1086 praes·
838 1046 963 1083 erant,
988 1039 1103 1085 magis
1127 1040 1350 1074 efferendam.
1376 1061 1420 1066 —
1447 1042 1539 1075 Ten-

145 1104 222 1133 tare
246 1100 341 1143 expl.
364 1100 408 1133 ad
434 1111 463 1133 c.
484 1102 621 1144 xhvn,
645 1102 678 1136 2.
704 1122 750 1128 —
779 1103 878 1136 Nihil
901 1103 1069 1135 intactum
1092 1112 1202 1145 neque
1227 1102 1415 1145 quietum
1437 1104 1540 1147 pati

144 1160 277 1194 dictum
301 1164 354 1194 est
379 1164 419 1195 ut
442 1173 471 1194 c.
500 1163 732 1205 LXXXVIH,
756 1164 791 1197 2.
843 1163 943 1197 Nihil
975 1164 1070 1206 apud
1095 1174 1130 1196 se
1163 1163 1391 1196 remissum
1422 1165 1539 1207 pati,

145 1224 180 1255 et
205 1232 237 1255 c.
261 1221 349 1262 Lm,
385 1221 419 1256 6.
467 1222 520 1256 Ad
544 1212 702 1258 nostrum
724 1226 842 1259 locum
867 1224 1019 1268 respexit
1042 1224 1228 1257 Ruhnken.
1254 1224 1296 1256 ad
1322 1224 1411 1258 ven.
1434 1225 1478 1267 11,
1502 1225 1539 1268 6,

145 1282 181 1318 3.
213 1282 250 1315 G.
278 1283 455 1316 Gracchus
478 1284 565 1316 nihil
588 1285 788 1329 immotum,
825 1287 914 1320 nihil
934 1285 1184 1329 tranquillum,
1219 1284 1308 1318 nihil
1331 1286 1540 1329 quietum

147 1344 292 1388 denique
315 1344 353 1377 in
377 1344 496 1377 eodem
520 1350 617 1379 statu
649 1347 970 1391 relinquebat.
1018 1345 1227 1380 Sallustium
1252 1345 1359 1379 etiam
1383 1345 1542 1381 imitatus

146 1408 197 1438 est
220 1404 371 1438 Tacitus
403 1404 439 1437 in
463 1404 582 1448 Agr-ic.
613 1418 644 1439 c.
677 1406 735 1440 20.
786 1406 886 1440 Nihil
918 1407 1014 1450 apud
1047 1407 1161 1440 hostes
1193 1406 1397 1451 quietum
1426 1408 1541 1451 pati,

146 1466 239 1509 quod
275 1467 363 1499 bene
394 1466 529 1499 notavit
561 1467 755 1501 wan-hius.
803 1467 920 1501 Etiam
954 1467 1075 1501 Livius
1107 1467 1158 1501 ita
1183 1467 1288 1509 dixit,
1321 1467 1425 1510 xxi,
1448 1467 1482 1510 ⁷,
1507 1467 1542 1503 8.

148 1527 339 1572 Saguntini
362 1527 561 1560 submovere
585 1528 736 1571 hostem,
769 1540 830 1562 nec
862 1529 1045 1573 quicquam
1077 1528 1164 1562 satis
1189 1533 1334 1562 tutum
1357 1530 1544 1564 munienti-

147 1587 209 1621 bus
229 1588 346 1631 pati.

240 1648 272 1689 §.
299 1646 332 1680 2.
388 1647 589 1692 Vagenses,
617 1650 708 1693 quo]
741 1650 876 1684 Nomen
909 1662 970 1694 per
1002 1661 1030 1696 g·
1061 1650 1217 1684 litteram
1247 1654 1340 1684 recte
1374 1650 1544 1695 scriptum

148 1711 200 1742 est
223 1707 260 1740 in
293 1708 419 1742 Nazar.
451 1713 486 1742 et
514 1708 624 1742 Paris.
650 1721 681 1743 z.
716 1711 761 1745 cf.
790 1712 834 1745 ad
867 1723 896 1745 c.
924 1712 1062 1754 xxix,
1096 1711 1131 1747 3.
1180 1712 1294 1753 Prope
1323 1712 1495 1745 accedunt
1516 1711 1542 1745 ii

150 1768 250 1810 libri,
277 1769 312 1802 in
337 1769 464 1813 quibus
487 1773 538 1803 est
571 1771 757 1813 sacenses,
783 1776 822 1806 ut
845 1773 1017 1806 Commel.
1041 1770 1153 1805 Paris.
1177 1782 1210 1803 x.
1235 1770 1340 1805 Acnd.
1365 1772 1482 1806 Guelf.
1507 1773 1542 1806 6.

149 1829 206 1864 10.
235 1849 278 1854 -
307 1830 382 1872 Quo
406 1829 567 1873 Curtius,
593 1831 801 1866 Gerlachius
824 1833 899 1867 Vol.
924 1833 967 1866 11.
993 1845 1025 1876 p.
1045 1831 1126 1865 307.
1151 1835 1185 1864 et
1210 1831 1288 1864 Vol.
1314 1832 1375 1865 111.
1403 1844 1437 1875 p.
1460 1831 1543 1869 325.

149 1894 184 1924 et
205 1889 266 1924 alii
292 1890 339 1924 ita
364 1890 585 1935 intelligunt,
611 1896 649 1927 ut
673 1893 789 1927 dicant
813 1905 875 1937 per
901 1893 1042 1939 synesin
1066 1892 1190 1926 referri
1215 1891 1260 1925 ad
1284 1892 1459 1926 notionem
1484 1905 1544 1938 op-

147 1951 243 1995 pidi,
279 1961 299 1984 e
331 1962 417 1984 voce
458 1952 638 1997 Vagenses
668 1954 889 1988 eliciendam.
939 1955 1042 1997 Quae
1073 1957 1271 1987 structurae
1303 1953 1395 1987 ratio
1419 1965 1545 1997 quam-

147 2023 256 2055 quam
281 2012 402 2046 multis
428 2014 540 2047 modis
567 2015 830 2058 frequentatur,
864 2025 898 2048 ν.
923 2018 1044 2048 notata
1068 2015 1111 2048 ad
1137 2013 1240 2048 Cutil.
1266 2026 1297 2047 c.
1323 2015 1485 2056 xxxix,
1509 2015 1545 2049 3.

148 2078 184 2107 et
206 2073 251 2107 ad
275 2074 364 2121 lug.⁸
381 2074 465 2116 XV,
490 2075 508 2107 1
528 2100 538 2116 ‚
565 2079 682 2109 tamen
712 2077 757 2110 ab
789 2076 825 2109 h.
850 2076 874 2109 1.
903 2080 1087 2120 propterea
1114 2075 1229 2109 aliena
1262 2074 1420 2118 videtur,
1451 2077 1545 2121 quod

148 2145 274 2167 vocum
300 2133 410 2168 nimia
436 2135 595 2170 vicinitas
619 2137 752 2170 nullam
778 2136 959 2171 notionum
984 2140 1263 2180 permutatarum
1288 2137 1548 2172 excusationem

150 2195 270 2228 habet.
318 2196 437 2238 Quare
469 2209 534 2241 quo
559 2209 740 2232 censemus
767 2208 835 2231 non
867 2198 943 2230 veri
964 2198 1178 2242 pronominis
1205 2196 1365 2240 relativi,
1395 2199 1454 2232 sed
1480 2199 1546 2232 ad-

148 2256 259 2290 verbii
280 2261 448 2299 potestate
473 2258 622 2301 positum
648 2271 743 2299 esse,
772 2258 821 2292 itu
845 2263 980 2292 mutata
1005 2259 1184 2303 cogitandi
1208 2259 1354 2299 ratione,
1379 2263 1419 2294 ut
1442 2259 1477 2293 in
1493 2260 1546 2293 lo-

149 2329 231 2350 cum
264 2317 429 2360 definitae
455 2319 636 2353 relationis
662 2319 839 2365 generalis
867 2319 1117 2361 substituatur,
1142 2332 1183 2354 ex
1199 2331 1268 2363 quo
1290 2331 1399 2362 more,
1423 2331 1548 2366 quam-

150 2389 259 2421 quam
293 2379 451 2422 paullum
482 2379 640 2413 diversae
673 2381 723 2414 rei
755 2381 1044 2424 accommodato,
1089 2380 1194 2413 etiam
1228 2381 1455 2425 explicandus
1495 2385 1548 2416 est

151 2439 249 2472 locus
273 2451 300 2472 c.
327 2439 409 2481 Cli,
435 2439 491 2474 10.
542 2441 656 2475 Multa
690 2447 796 2485 atquc
830 2447 1024 2485 opportuna
1056 2441 1182 2481 habes,
1216 2453 1296 2485 quo
1321 2438 1470 2485 facilius
1492 2453 1546 2476 cr-

153 2504 233 2533 ruta
258 2501 380 2543 officiis
403 2512 554 2543 superes.
604 2502 642 2535 ln
668 2503 869 2535 universnm
894 2502 988 2536 hunc
1012 2502 1260 2535 adverbiorum
1284 2503 1350 2536 loci
1372 2513 1471 2536 {nsum
1495 2506 1548 2537 te-

153 2560 300 2604 tigimus
323 2562 366 2594 ad
396 2561 501 2595 Cutil.
530 2563 580 2604 V,
605 2563 638 2596 2.
666 2576 699 2606 p.
725 2563 770 2596 2¹1
788 2574 860 2605 sq.;
887 2562 958 2596 inm
985 2563 1153 2596 nonnulla
1176 2574 1242 2607 quo
1268 2563 1462 2607 particulae
1487 2575 1547 2598 ex-

152 2621 270 2663 empla
301 2621 526 2656 naen-manuus.
554 2624 631 2667 lug.
663 2625 761 2665 Clll,
794 2625 826 2657 l.
879 2625 1011 2658 illarius
1044 2625 1271 2668 proficiscitur
1301 2625 1337 2657 iu
1361 2625 1436 2657 ioca
1459 2626 1546 2666 sola,

152 2682 321 2714 obsessum
354 2683 515 2717 turrim
547 2685 713 2726 regiam,
745 2697 827 2729 quo
865 2686 1037 2729 Iugurtha
1069 2687 1242 2729 perfugas
1274 2685 1383 2717 omnis
1413 2686 1549 2729 praesi-

153 2742 249 2774 dium
274 2743 503 2784 imposuerat,
536 2745 594 2787 qui
621 2746 716 2778 locus
741 2746 784 2778 ud
813 2746 981 2779 amussim
1014 2752 1132 2778 nostro
1166 2746 1373 2788 respondens
1397 2746 1549 2780 clarissi-

153 2813 210 2836 me
232 2802 402 2845 ostendit,
429 2816 493 2847 ιμιο
519 2815 586 2838 nou
612 2806 653 2839 nd
680 2811 813 2839 certum
836 2805 978 2848 aliquod
1004 2807 1236 2847 vocabulum,
1258 2817 1343 2840 voce
1366 2807 1473 2841 turris
1495 2806 1549 2841 iu-
