1630 3034
162 143 248 183 552
537 135 955 179 G.SALLUST1
994 115 1219 179 eRism

100 268 152 307 10
164 256 224 300 uti
263 254 452 314 coepisti
495 268 653 314 perge.
733 252 882 297 Multa
923 258 1057 310 atque
1099 230 1354 313 opportuna
1396 253 1581 311 habes,-

101 363 256 411 11quo
300 351 472 395 facilius
521 358 666 395 errata
716 349 875 393 officiis
923 365 1121 409 superes.
1192 351 1428 394 Postremo
1466 351 1558 394 hoc

166 449 211 492 in
246 454 404 508 pectus
439 454 565 492 tuum
602 448 813 502 demitte,
849 461 1092 504 numquam
1127 447 1348 507 populum
1382 448 1558 492 Roma-

165 605 306 650 patiens
335 605 417 639 tulit
448 605 582 639 absolvi
603 615 712 638 reum.
760 603 800 637 In
824 603 900 637 edd.
927 605 979 637 est
1003 607 1286 648 quantoque,
1316 603 1408 647 quod
1434 603 1562 637 falsum

167 677 242 700 esse
274 669 352 700 tum
375 669 470 709 patet
493 676 535 699 ex
566 665 716 708 copula,
753 675 823 708 qua
862 665 975 699 altera
1007 675 1129 697 caussa
1159 664 1317 705 additur,
1341 668 1416 699 tum
1439 676 1482 699 ex
1506 675 1562 707 eo,

167 727 262 771 quod
286 725 548 770 comparativus
571 737 640 760 non
663 725 829 769 sequitur.
854 744 900 751 —
932 726 985 759 De
1016 724 1054 758 vi
1082 736 1146 769 per
1169 724 1436 769 praepositionis
1460 737 1494 760 v.
1518 725 1565 760 ad

168 799 198 821 c.
222 787 342 830 LXIV,
367 787 401 821 3.

260 851 293 892 ς.
322 848 379 882 10.
426 849 538 882 multa
564 852 668 893 atque
692 846 911 892 opportuna]
957 848 1070 892 Atque
1102 847 1229 891 copula
1259 847 1295 880 in
1318 849 1439 883 multis
1463 849 1563 884 codd.

168 910 274 951 deest,
297 920 409 953 neque
431 919 510 942 eam
535 908 705 951 expressit
729 908 902 949 Weisius,
935 913 1151 954 repugnante
1173 920 1237 943 usu
1262 909 1429 943 dicendi:
1457 909 1565 944 Nam—

169 983 237 1016 que
260 970 323 1004 ubi
346 972 476 1004 multus
498 980 620 1002 vocem
652 969 749 1003 aliud
773 969 989 1003 adiectivum
1021 969 1167 1013 excipit,
1199 981 1267 1003 non
1292 967 1500 1012 ἄσυνδέτως
1523 983 1568 1006 ea

170 1036 359 1076 ponuntur,
381 1032 455 1073 sed,
480 1034 518 1065 ut
534 1030 645 1075 poscit
661 1029 857 1065 communis
872 1042 953 1080 usus
980 1030 1062 1074 (qui
1087 1041 1173 1074 quas
1196 1030 1414 1074 exceptiones
1435 1032 1570 1067 habeat

171 1092 322 1126 diximus
347 1092 392 1126 ad
416 1103 446 1128 c.
473 1092 632 1134 XXVIII,
656 1091 690 1125 4.
716 1095 750 1126 et
774 1092 888 1133 XXX,
916 1090 990 1136 3.),
1014 1103 1075 1135 per
1099 1092 1263 1135 copulam
1285 1091 1498 1156 iunguntur.
1521 1093 1568 1130 cf,

172 1152 327 1197 Zumptii
359 1153 520 1187 Gramm.
554 1153 631 1187 Lat.
667 1154 701 1195 ξ.
734 1151 793 1194 85,
828 1152 886 1187 18.
919 1165 952 1196 p.
984 1152 1064 1187 509.
1099 1153 1151 1187 ed.
1177 1153 1233 1188 IV.
1258 1157 1293 1187 et
1315 1154 1500 1187 Bremium
1524 1154 1571 1188 ad

171 1213 260 1257 Nep.
285 1214 433 1247 Eumen.
460 1225 489 1246 c.
515 1214 560 1255 11,
583 1213 628 1257 3„
655 1213 716 1257 qui
739 1216 833 1247 recte
865 1216 983 1248 monet
1015 1214 1109 1247 hanc
1140 1213 1277 1248 dicendi
1309 1214 1481 1248 rationem
1505 1215 1571 1249 La-

172 1274 254 1309 tinis
286 1286 366 1308 cum
399 1273 544 1308 Graecis
576 1285 651 1308 esse
675 1286 896 1308 communem
929 1274 1089 1318 quidem,
1120 1276 1180 1309 sed
1210 1286 1277 1309 non
1309 1275 1506 1310 imitatione
1530 1287 1574 1310 ex

175 1336 392 1370 Graecorum
416 1335 539 1380 lingua
564 1335 809 1379 desumptam,
842 1335 878 1370 in
910 1347 980 1379 qua
1011 1336 1181 1370 sententia
1204 1341 1255 1371 est
1278 1337 1504 1371 Heindorfius
1528 1337 1573 1372 ad

174 1397 262 1431 Hor.
288 1396 362 1432 Sat.
387 1397 430 1438 ΙΙ,
453 1396 489 1440 3,
514 1396 548 1430 9.
573 1397 690 1430 Beier.
716 1397 760 1430 ad
785 1396 857 1431 Cic.
881 1397 980 1431 Lael.
1011 1408 1042 1431 c.
1068 1396 1103 1440 9,
1127 1397 1184 1431 30.
1211 1410 1244 1442 p.
1270 1397 1327 1432 51.
1360 1399 1451 1444 Aug.
1477 1400 1574 1434 Mat-

174 1458 269 1492 thias
294 1459 454 1493 Gramm.
481 1458 544 1491 Gr.
570 1458 679 1502 ampl.
706 1460 738 1500 §.
762 1458 844 1501 444,
869 1458 902 1492 4.
930 1470 961 1502 p.
988 1459 1067 1492 coll.
1098 1459 1214 1494 Hand.
1237 1460 1280 1493 de
1303 1461 1457 1495 Particc.
1480 1461 1575 1496 Latt.

177 1521 254 1554 vol.
278 1520 322 1554 II.
346 1532 380 1564 p.
405 1519 486 1554 475.
512 1522 544 1562 ἓ.
569 1520 604 1555 2.
628 1531 662 1554 v,
687 1519 790 1553 Catil.
821 1531 850 1552 c.
877 1519 966 1561 XX,
990 1518 1025 1553 3.
1086 1520 1210 1554 Multis
1243 1526 1277 1556 et
1313 1523 1455 1567 magnis
1488 1527 1577 1556 tem-

175 1582 380 1626 pestatibus.
405 1582 473 1622 LI,
497 1580 556 1614 35.
611 1581 727 1615 Multa
753 1585 787 1614 et
811 1581 913 1614 varia
937 1580 1095 1626 ingenia.
1131 1582 1207 1627 Iug.
1232 1583 1275 1624 V,
1297 1582 1332 1616 4.
1358 1584 1516 1625 XXVIII,
1541 1582 1576 1618 5.

176 1642 338 1684 XXXII,
372 1641 405 1675 2.
432 1642 538 1683 LXII,
560 1640 593 1674 9.
620 1641 821 1683 Lxxvul,
853 1639 887 1676 5.
913 1641 1029 1676 Tacit.
1056 1643 1145 1678 Anu.
1168 1643 1240 1684 111,
1265 1643 1334 1686 27,
1359 1643 1394 1678 3.
1420 1663 1465 1670 —·
1502 1645 1578 1687 Quo

177 1702 316 1737 Cottius
338 1713 528 1746 perperam
553 1702 636 1736 dicit
660 1714 723 1746 pro
747 1702 869 1746 quibus
894 1702 1048 1745 positum
1075 1714 1160 1737 esse.
1209 1704 1285 1738 Non
1309 1705 1461 1739 refertur
1483 1705 1578 1739 enim

179 1763 225 1798 ad
248 1764 402 1805 nomina,
428 1774 518 1807 quae
543 1764 764 1806 praecedunt,
790 1763 903 1796 multa
929 1768 1000 1807 atq.
1024 1769 1232 1808 opportuna,
1256 1765 1315 1799 sed
1340 1767 1384 1799 ad
1400 1766 1578 1812 integram

179 1823 478 1866 enunciationem,
501 1835 610 1868 quam
635 1825 836 1870 generalem
861 1823 1067 1858 relationem
1092 1827 1280 1860 vernacula
1307 1826 1430 1872 lingua
1455 1828 1580 1862 reddas

180 1885 290 1918 durch
323 1885 474 1918 walchen
513 1885 746 1919 Umsaeand.
785 1886 835 1920 cf.
868 1887 1014 1931 Fragm.
1050 1886 1202 1922 llistorr.
1235 1887 1296 1929 111,
1328 1887 1386 1928 22,
1415 1887 1471 1922 15.
1526 1889 1580 1924 Ne

180 1956 239 1979 vos
265 1946 313 1979 ad
336 1946 504 1980 virilia
528 1946 623 1979 illa
645 1958 783 1988 vocem,
818 1959 900 1993 quo
934 1949 1089 1982 tribunos
1111 1949 1205 1992 plebi
1229 1967 1275 1972 —
1300 1949 1448 1982 maiores
1470 1952 1582 1984 vostri

180 2017 366 2050 paravere.
434 2008 552 2052 Quam
586 2008 659 2041 late
688 2013 807 2042 autem
841 2012 958 2053 pateat
992 2010 1062 2042 hoc
1094 2008 1295 2043 indefinitae
1326 2009 1505 2044 relationis
1537 2011 1581 2045 ad

182 2068 446 2112 praecedentem
480 2069 688 2103 sententiam
720 2081 848 2115 genus,
884 2070 989 2104 facilc
1011 2070 1214 2114 assequeris,
1239 2071 1268 2104 si
1293 2081 1347 2112 ea,
1372 2082 1463 2114 quae
1486 2072 1530 2105 ad
1550 2084 1581 2109 c.

184 2128 288 2170 an,
314 2129 347 2162 2.
371 2130 415 2163 ad
438 2129 531 2173 XLI,
557 2130 590 2164 1.
618 2136 652 2164 et
677 2131 721 2164 ad
747 2132 821 2165 Cat.
853 2131 947 2173 LVI,
971 2131 1003 2165 5.
1028 2145 1060 2176 p.
1086 2132 1167 2166 297.
1191 2132 1450 2176 annotavimus,
1474 2145 1582 2177 quae-

183 2200 263 2233 que,
290 2188 372 2223 licet
395 2190 485 2224 inter
508 2203 545 2225 se
569 2191 718 2236 diversa,
749 2191 926 2226 communi
949 2196 1066 2227 tamen
1090 2204 1214 2228 caussa
1237 2193 1414 2238 nituntur,
1438 2199 1473 2229 et
1495 2195 1584 2230 inter

183 2262 220 2284 se
245 2255 278 2285 et
302 2263 381 2285 cnm
406 2258 524 2287 nostro
546 2253 623 2287 loco
646 2253 846 2287 contuleris.

281 2316 314 2355 §.
352 2313 407 2347 11.
456 2315 619 2358 demitte]
670 2314 820 2348 Plurimi
854 2315 954 2347 codd.
986 2313 1119 2349 habent
1151 2316 1311 2357 dimittc3
1349 2317 1408 2351 sed
1442 2317 1585 2352 demine

186 2377 300 2407 exstat
324 2373 359 2407 in
384 2375 494 2408 x'atic.
522 2368 576 2416 Aſs,
603 2375 843 2419 duodeviginti
869 2375 1057 2418 cortianis,
1084 2377 1177 2410 Med.
1204 2377 1238 2411 5.
1264 2379 1348 2412 Ven.
1370 2377 1405 2411 2.
1429 2382 1465 2411 et
1488 2377 1585 2414 Laid.

187 2434 243 2473 1<;
268 2445 311 2468 ac
338 2436 393 2468 vel
417 2435 491 2469 sine
516 2437 590 2470 ulla
624 2437 726 2473 codd,
763 2436 972 2470 auctoritate
998 2449 1039 2471 ex
1067 2438 1268 2472 coniectura
1293 2439 1343 2473 ita
1363 2439 1586 2474 scribendum

188 2505 264 2527 esse
287 2495 403 2537 quivis
427 2499 605 2540 concedet,
633 2498 692 2541 qui
718 2498 799 2541 quid
826 2497 963 2531 intersit
987 2497 1076 2532 inter
1100 2500 1143 2532 de
1167 2504 1201 2532 et
1225 2500 1262 2533 da·
1285 2501 1510 2545 cognoverim
1538 2501 1586 2535 cf.

188 2566 295 2597 supra
322 2557 363 2588 nd
391 2569 420 2589 c.
450 2559 484 2599 1,
518 2558 551 2591 4.
578 2571 609 2601 p.
634 2559 667 2593 (i.
696 2560 784 2600 XX,
809 2559 840 2592 l.
868 2571 900 2602 p.
930 2559 1008 2592 126.
1036 2564 1068 2593 et
1092 2571 1183 2603 qnae
1208 2560 1251 2594 dc
1275 2561 1448 2595 dimittere
1476 2561 1586 2594 verbo

190 2615 341 2649 diximus
374 2618 417 2650 ad
451 2630 482 2655 c.
514 2620 654 2662 xxxi,
689 2620 743 2653 17.
793 2620 845 2653 Ne
870 2625 985 2654 tamon
1018 2622 1201 2664 scr-ripnlns
1231 2622 1414 2661 resideret,
1448 2620 1587 2656 cortina

190 2677 409 2719 comparavit
441 2679 560 2712 lustin.
594 2681 684 2721 wn,
719 2679 752 2722 5,
789 2681 843 2713 11.
903 2682 1029 2715 Crescit
1064 2683 1339 2716 dissimulatione
1370 2682 1445 2726 ι’ρεα
1477 2683 1585 2722 dolor,

191 2737 253 2770 hoc
288 2738 436 2772 aleius
470 2740 717 2780 demissus,
754 2753 819 2785 quo
855 2743 966 2776 minus
1005 2744 1160 2787 profiteri
1197 2744 1287 2777 licet.
1324 2743 1412 2777 Sall.
1446 2744 1520 2788 lug.
1553 2754 1585 2777 c.
