1630 3034
443 189 787 234 CATILINA.
835 190 972 234 CAP.
1002 188 1154 236 XXXI.
1404 195 1489 248 147

107 307 170 352 ad
198 305 518 351 ⁴dissimulanda
550 306 714 362 omnia,
749 306 941 352 demisso
975 308 1112 363 voltu,
1147 319 1262 360 voce
1293 310 1489 370 supplici

107 397 361 457 postulare,
395 399 552 443 Patres
587 396 841 457 Conscripti
879 397 1083 457 nequid
1122 398 1184 443 de
1226 414 1275 446 se
1318 406 1489 449 temere

108 488 364 540 crederent3
418 504 471 534 ea
520 488 690 534 familia
743 494 913 545 ortum,
965 489 1028 532 ita
1070 488 1129 533 ab
1185 489 1488 537 adulescentia

106 580 245 625 vitam
279 579 536 636 instituisse,
569 585 619 625 ut
653 580 803 624 omnia
836 579 957 624 bona
976 578 1035 625 ¹:in
1070 592 1151 639 spe
1184 576 1397 637 haberem
1431 598 1488 629 ne

105 746 238 781 stultu-e
259 755 284 780 a
303 745 465 790 patribus
492 745 708 790 Conscrz‘ptz's,
731 745 795 779 alii
815 749 904 790 post.
926 744 1087 789 patribus
1112 744 1260 791 Censen,
1285 746 1489 793 aliipostun

105 804 182 838 lare
204 804 313 847 coepit
333 808 476 847 patres,
502 804 681 846 postulare
709 808 830 846 patres
855 803 985 847 coepit,
1013 804 1190 846 postulare
1217 805 1377 848 patribus
1409 817 1488 839 cen-

103 866 202 902 tum,
222 866 313 905 post.
342 861 502 904 patribus
529 861 564 893 G.
617 860 717 904 Quae
748 871 840 894 nunc
869 860 905 893 in
937 863 1032 894 textu
1063 864 1116 894 est
1146 861 1320 904 scriptura
1345 861 1491 895 Gruteri

103 917 326 951 coniecturae
348 918 511 957 debetur,
543 928 648 960 quam
673 917 811 951 Cottius
841 920 936 951 recte
957 916 1046 951 vidit
1067 918 1203 952 firmari
1226 917 1271 951 iis
1291 917 1419 965 codd„

106 975 233 1019 quibus
255 975 313 1008 vcl
337 975 446 1018 coepit
470 975 528 1008 vel
551 980 685 1008 centum
709 975 766 1008 vel
794 976 828 1009 C
854 978 1035 1009 exaratum
1059 979 1120 1009 est.
1157 976 1285 1030 Quum
1309 975 1402 1041 enim
1420 987 1490 1020 poa

103 1089 320 1132 interpretati
343 1094 422 1124 sunt
443 1090 562 1133 coepit,
581 1088 672 1121 unde
665 1043 867 1131 Spostulare
882 1090 1056 1132 penderet,
1077 1087 1168 1132 quod
1191 1076 1338 1123 verbum
1356 1069 1489 1123 'iterum

103 1158 163 1180 eos
185 1146 375 1189 permovit,
407 1150 446 1180 ut
479 1148 574 1180 Patr.
607 1146 783 1178 solverent
814 1144 851 1178 in
883 1157 906 1179 a
942 1145 1123 1189 Patribus,
1154 1157 1243 1191 quae
1274 1146 1484 1185 constructio

102 1203 278 1247 plerisque
300 1203 414 1237 notior
436 1208 521 1237 erat.
543 1221 590 1228 --
621 1203 720 1235 Haec
743 1200 803 1235 via
827 1202 954 1236 certior
977 1203 1114 1237 videtur
1136 1215 1198 1245 ea,
1222 1214 1329 1248 quam
1346 1204 1489 1251 Hfrzoa-

103 1261 184 1306 gius
207 1260 296 1302 iniit,
321 1271 343 1292 a
371 1259 530 1293 Patribus
556 1261 690 1294 Conse-r.
714 1259 980 1303 praeferendum
1005 1270 1168 1303 censens,
1193 1260 1275 1304 quia
1297 1262 1335 1300 11.
1359 1261 1383 1295 l.
1403 1271 1488 1306 per

102 1330 241 1356 mnam,
265 1328 288 1352 a
310 1327 411 1360 qna
402 1317 535 1360 aliquid
558 1320 714 1361 petatur,
737 1326 844 1361 aegre
867 1317 988 1353 abesse
1010 1319 1192 1352 concedas.

196 1385 239 1408 ea
256 1373 402 1418 familia
425 1378 549 1415 ortum,
574 1375 625 1407 ita
648 1375 758 1407 vitam
782 1372 992 1417 instituisse]
1024 1375 1078 1407 Ita
1101 1355 1263 1418 plerique
1281 1371 1402 1409 codd.
1391 1395 1402 1416 ,
1424 1372 1488 1408 alii

102 1444 140 1466 se
161 1432 292 1466 addunt
315 1442 377 1474 pos
362 1434 392 1464 „t
408 1432 554 1473 familia
576 1435 611 1464 et
633 1435 709 1474 post
731 1432 804 1472 ita,
838 1442 906 1474 quo
934 1429 970 1463 in
1005 1430 1068 1464 tali
1093 1430 1263 1465 orationis
1287 1440 1401 1472 nexu,
1426 1430 1489 1464 ubi

102 1491 206 1533 quale
234 1487 484 1522 enunciationis
514 1487 710 1521 subiectum
741 1487 917 1521 habeatur
946 1497 988 1520 ex
1011 1498 1217 1531 praegresso
1248 1486 1357 1521 verbo
1380 1486 1490 1520 facile

101 1546 332 1590 intelligitur,
365 1554 433 1577 non
457 1555 545 1587 opus
569 1555 642 1577 esse
676 1544 813 1579 Cottius
836 1545 924 1578 bene
947 1545 1158 1579 observavit.
1206 1543 1293 1590 Egit„
1316 1544 1359 1577 de
1383 1555 1426 1577 ea
1449 1555 1490 1577 re

101 1601 283 1646 Zumptius
306 1612 442 1645 quoque
468 1602 627 1636 Gramm.
652 1601 727 1634 Lat.
752 1604 782 1643 §.
801 1601 858 1642 80,
873 1601 906 1635 7.
933 1605 1003 1635 not.
1024 1601 1058 1635 2.
1083 1613 1119 1645 p.
1141 1600 1222 1647 433.
1254 1601 1352 1636 Adde
1375 1600 1486 1644 Wop-

99 1660 199 1694 kens.
223 1660 334 1693 Lectt.
360 1658 458 1691 Tull.
483 1669 517 1701 p.
539 1657 573 1692 9.
600 1661 636 1691 et
667 1668 750 1702 pag.
771 1657 828 1692 53.
856 1658 1024 1693 Goerenz.
1049 1659 1094 1692 ad
1117 1657 1246 1692 Acadd.
1277 1658 1322 1700 11,
1348 1657 1405 1699 1⁰,
1426 1657 1488 1692 32.

99 1717 213 1751 Wolf.
239 1717 283 1750 ad
306 1716 402 1749 Suet.
428 1715 527 1749 Caes.
551 1727 582 1749 c.
600 1715 660 1749 70.
694 1716 869 1750 Drakenb.
895 1716 941 1750 ad
964 1715 1040 1749 Liv.
1058 1717 1086 1757 1,
1103 1715 1162 1757 23,
1179 1713 1213 1749 5.
1235 1713 1297 1750 ubi
1316 1715 1397 1760 ¹plus
1420 1715 1486 1749 tri-

99 1773 199 1818 ginta
222 1774 382 1817 exempla
414 1772 569 1817 collegit.
603 1773 786 1806 Ruhnken.
819 1773 864 1806 ad
889 1774 974 1807 Rut.
1009 1773 1098 1817 Lup.
1131 1772 1244 1814 1,‚,1l.
1279 1772 1398 1821 Pafu-
1440 1774 1484 1806 A.

99 1831 291 1865 Matthiam
315 1831 359 1865 ad
382 1829 455 1863 Cic.
486 1840 519 1872 p.
548 1829 653 1861 Rosc.
676 1830 794 1864 Amer.
819 1830 885 1872 22,
907 1830 965 1865 61.
998 1834 1033 1865 et
1056 1831 1173 1864 Carol.
1199 1828 1315 1863 Beier.
1340 1828 1386 1863 ad
1410 1828 1484 1863 Cic.

101 1886 174 1922 off.
192 1889 254 1931 111,
268 1888 327 1930 26,
341 1886 397 1922 98.
415 1905 462 1912 ·-
483 1886 671 1919 Praeterea
694 1886 777 1919 libri
799 1886 987 1921 deteriores
1003 1887 1163 1921 inferunt
1185 1887 1322 1924 dicebat
1343 1890 1488 1930 propter

99 1949 300 1990 sequentem
323 1956 438 1980 accus.
463 1955 492 1978 c.
516 1943 639 1977 infinit.
674 1943 742 1977 Sed
766 1955 801 1977 v.
826 1944 871 1977 ad
894 1956 924 1978 c.
945 1944 1039 1985 xxi,
1058 1943 1093 1978 3.

191 2003 308 2037 omnia
331 2003 419 2036 bona
444 2002 479 2034 in
501 2011 562 2044 spe
587 2000 750 2045 haberet]
793 2001 993 2036 Inconsulte
1016 2000 1173 2036 IVassius
1203 1999 1292 2035 bona
1321 2010 1403 2034 cum
1424 2009 1487 2044 spe

101 2059 304 2105 coniungit,
337 2060 428 2102 quod
460 2062 494 2092 et
526 2059 764 2100 sententias,et
796 2059 986 2092 verborum
1008 2057 1195 2092 collocatio
1219 2056 1394 2101 prohibet.
1442 2057 1485 2090 In

100 2128 160 2162 spe
183 2118 310 2150 habere
332 2117 426 2151 idem
450 2120 502 2150 cst
525 2116 616 2158 quod
638 2127 801 2159 sperare3
823 2115 867 2148 cf.
893 2114 967 2150 Cic.
989 2115 1133 2158 Epp‚ad
1145 2113 1246 2148 Attic.
1260 2113 1380 2155 xmo,
1392 2114 1485 2148 med.

99 2174 192 2218 quod
214 2175 311 2208 nulla
336 2174 491 2218 equidem
515 2173 623 2207 habeo
647 2173 683 2205 in
707 2184 776 2216 spe.
807 2191 854 2196 —
895 2172 1155 2206 Existumarent
1185 2171 1222 2204 in
1244 2171 1351 2215 longe
1373 2170 1486 2214 pluri-

100 2231 168 2264 mis
191 2228 294 2267 codd.
316 2237 386 2272 eet3
418 2230 564 2271 relicui,
599 2239 812 2273 quamquam
843 2228 879 2262 in
910 2228 966 2262 his
990 2228 1074 2262 satis
1096 2227 1203 2270 boni,
1235 2231 1484 2269 aestumarcnt,

100 2286 194 2330 quod
215 2287 299 2320 huic
320 2288 398 2322 Ioco
422 2289 536 2321 minus
560 2285 739 2327 convenit3
763 2296 797 2320 v,
822 2286 867 2319 ad
891 2297 921 2319 c.
943 2286 1034 2328 VIII,
1053 2285 1087 2319 2.
1113 2285 1194 2318 coll.
1219 2284 1339 2326 LVIII,
1359 2283 1414 2318 18.
1436 2300 1484 2308 —-

103 2344 146 2377 In
166 2345 328 2387 populum
352 2345 544 2377 Romanum
579 2343 722 2376 Grutcri
752 2343 951 2377 coniectura
981 2346 1053 2384 θείς
1085 2343 1184 2377 codd.
1217 2352 1338 2376 omnes
1369 2343 1484 2376 tenent

101 2401 139 2434 in
159 2402 293 2445 plebem
308 2401 516 2443 Romanam,
534 2401 625 2443 quod
650 2400 685 2433 in
705 2399 877 2434 Catilinae
900 2411 960 2434 ore
981 2400 1041 2434 hic
1058 2401 1160 2435 valde
1177 2399 1350 2443 displicet,
1366 2408 1483 2442 quem,

102 2458 145 2491 de
169 2458 241 2492 suis
263 2458 507 2501 maiorumque
530 2457 663 2491 meritis
685 2457 870 2491 immodice
894 2457 1114 2503 gloriantem,
1137 2461 1403 2492 consentaneum
1425 2456 1483 2490 vi-

101 2516 225 2558 detur,
262 2526 331 2548 non
365 2520 438 2548 tam
469 2515 581 2559 plebis
618 2527 723 2558 quam
756 2515 877 2559 populi
900 2514 1236 2558 Romani,‘quippe
1258 2512 1482 2558 augustioris,

101 2572 280 2606 beneficiis
314 2581 337 2606 a
357 2582 396 2606 fle
418 2572 524 2616 aucti,
548 2573 759 2607 mentionem
782 2573 915 2608 fecisse.
964 2571 1149 2607 codicibus
1173 2574 1290 2606 autem
1313 2575 1481 2614 quantum

101 2629 139 2663 in
164 2629 294 2664 talibus
317 2629 538 2664 tribuendum
569 2630 634 2671 sit,
659 2629 759 2664 docet
783 2641 859 2674 cap.
881 2630 1037 2671 XXXIV,
1058 2628 1104 2670 1.‚
1128 2627 1189 2662 ubi
1213 2632 1277 2672 'pro
1300 2627 1480 2662 tritissima

102 2687 257 2723 formula
291 2689 455 2724 Senatum
488 2689 719 2734 Populumque
748 2687 847 2723 Rom.
878 2698 995 2725 omnes
1034 2685 1118 2720 libri
1147 2685 1278 2721 habent
1311 2685 1479 2720 Senatum

1077 2745 1203 2791 1⁰*
