1630 3034
131 178 216 221 444
285 183 287 185 ’
496 172 541 217 C.
570 171 904 216 SALLUSTI
933 172 1158 217 CRISPI

131 291 331 336 militiam
369 303 445 334 eos
457 325 474 348 ,
523 305 636 350 quos
679 290 791 336 nolis
836 288 1097 349 offendere,
1151 289 1275 335 domi
1318 291 1518 352 forisque

131 387 279 432 omnia
311 401 492 446 curare,
540 392 584 432 et
627 402 681 431 ea
724 403 862 449 agere
896 387 1010 432 inter
1044 387 1241 445 invidos,
1278 403 1517 434 occursan-

93 486 212 542 4tis,
246 484 482 541 factiosos,
527 484 767 544 opinione,
804 484 1027 542 Quirites,
1059 485 1259 546 asperius
1294 491 1375 532 est.
1443 486 1520 531 Ad

128 582 219 626 hoc
254 581 326 625 alii
360 581 396 625 si
425 580 673 641 deliquere,
708 588 836 627 vetus
872 582 1092 639 nobilitas,
1127 582 1344 626 maiorum
1387 582 1519 627 fortia

128 679 272 735 facta,
308 684 602 739 cognatorum
639 684 684 723 et
717 679 919 724 affinium
953 694 1091 739 opes,
1137 679 1303 724 multae
1333 680 1518 725 cliente-

126 778 225 833 lae,
272 776 423 820 omnia
457 775 572 820 haec
607 776 831 837 praesidio
871 783 1044 831 assunt3
1079 776 1190 821 mihi
1222 792 1326 836 spes
1363 792 1518 824 omnes

129 945 336 980 universum
358 943 486 980 dicitur
517 945 561 978 de
583 944 707 990 quovis
730 955 893 988 munere,
917 945 1032 980 favori
1056 947 1091 981 et
1116 944 1379 979 benevolentiae
1398 945 1519 989 populi

125 1006 258 1040 debito.
283 1017 317 1039 v.
355 1006 437 1040 Car.
461 1005 579 1040 Beier.
615 1006 659 1040 ad
687 1006 759 1040 Cic.
795 1005 866 1040 Off.
899 1006 955 1048 ΙΙ,
980 1004 1025 1039 19
1032 1030 1046 1049 ,
1070 1005 1129 1040 67.
1176 1006 1231 1039 lta
1253 1006 1342 1041 San.
1361 1006 1518 1050 loquitur

124 1067 233 1103 etiam
265 1068 299 1109 §.
322 1066 356 1101 8.
392 1070 427 1102 et
458 1066 538 1109 26.;
571 1067 619 1101 ef.
651 1066 760 1102 etiam
793 1077 902 1110 supra
940 1066 986 1101 ad
1020 1078 1050 1100 c.
1076 1066 1208 1108 XXXI,
1232 1067 1291 1102 16.
1339 1067 1518 1112 Beneficia

123 1133 239 1163 vostra
257 1139 365 1173 penes
387 1133 564 1173 optumos,
596 1141 665 1162 rum
695 1127 956 1161 audacissumos
972 1129 1117 1170 forent,
1149 1126 1210 1161 ubi
1234 1136 1269 1159 v·
1293 1125 1420 1160 Faber.
1444 1125 1517 1160 Cic.

124 1202 160 1234 p.
184 1189 280 1223 Mur.
303 1201 335 1225 c.
357 1189 385 1231 1,
418 1188 454 1224 2.
477 1188 514 1223 iu
538 1190 636 1223 Verr.
660 1190 702 1231 V,
727 1188 787 1231 70,
811 1188 891 1225 180.
916 1188 1015 1222 Caes.
1038 1188 1084 1223 Β.
1108 1188 1192 1230 c.1‚
1216 1187 1251 1222 9·
1276 1205 1324 1212 —
1346 1187 1416 1220 Eos
1439 1189 1519 1221 ante

121 1260 206 1294 quos
229 1261 299 1283 non
326 1248 457 1294 legitur
487 1249 524 1283 in
555 1250 625 1286 Ine.
649 1249 684 1285 1.
715 1250 820 1284 Rem.
845 1249 880 1284 2.
907 1249 1005 1284 Leid.
1029 1249 1068 1283 G.
1102 1251 1137 1283 et
1167 1249 1266 1284 Flor.
1293 1248 1328 1285 1.
1375 1247 1518 1282 Cottius

75 1345 78 1347 .
120 1310 265 1352 omisit,
290 1310 462 1354 probante
481 1311 673 1346 Gerlachio
696 1311 732 1345 in
756 1312 952 1346 Comment.
977 1322 1011 1354 p.
1035 1309 1114 1345 316.
1162 1309 1231 1344 Sed
1254 1309 1346 1352 vide,
1370 1321 1414 1344 ne
1436 1321 1517 1344 eum

120 1372 239 1415 eliqua
261 1371 298 1404 vi
331 1370 462 1404 dictum
495 1370 670 1416 significet
699 1372 812 1416 tales,
846 1377 920 1406 tam
944 1383 1062 1413 caros,
1098 1371 1190 1415 quod
1222 1371 1307 1405 huie
1346 1372 1426 1406 loco
1456 1381 1516 1406 ac-

122 1431 486 1467 commodatissimum
516 1432 681 1475 videtur,
713 1444 823 1477 quum
846 1432 983 1467 Marius
1006 1431 1168 1466 subiiciat
1191 1443 1274 1477 quos
1295 1433 1384 1467 nolis
1406 1434 1516 1477 offen-

121 1494 216 1527 dere.
239 1511 287 1519 —
317 1492 417 1526 Foris
449 1503 517 1526 non
555 1504 624 1527 uno
655 1494 761 1529 modo
791 1493 992 1538 oppositum
1023 1496 1075 1528 est
1108 1492 1200 1526 domi
1227 1493 1326 1538 voci,
1357 1497 1396 1528 ut
1427 1495 1516 1529 bene

121 1555 271 1589 ostendit
294 1553 434 1587 Cottius
463 1554 508 1587 ad
540 1554 645 1588 Catil.
678 1556 761 1598 LII,
795 1556 853 1592 21.
902 1554 1049 1598 Proprie
1080 1554 1174 1588 enim
1196 1554 1290 1590 domi
1321 1555 1449 1589 dicitur
1471 1555 1516 1589 de

119 1614 184 1658 iis,
208 1626 298 1659 qnae
322 1615 367 1648 ed
391 1613 535 1648 domum
558 1615 726 1659 cuiusque
746 1618 926 1661 privatam
953 1628 1076 1661 resque
1099 1617 1307 1652 domesticas
1329 1616 1514 1661 pertinent,

118 1676 245 1720 quibus
268 1687 357 1719 quae
380 1675 562 1719 oppositae
590 1680 669 1710 sunt
690 1689 746 1711 res
769 1681 867 1712 extra
900 1678 1044 1711 domum
1078 1678 1123 1711 ad
1147 1676 1281 1711 alienos
1307 1677 1514 1721 pertinentes

111 1737 204 1780 foris
235 1736 410 1770 vocabulo
440 1737 800 1781 comprehenduntur;
834 1738 880 1773 cf.
912 1738 988 1771 cat.
1022 1737 1114 1780 XX,
1146 1736 1203 1771 13.
1256 1736 1363 1770 Nobis
1394 1736 1514 1770 domi

115 1798 258 1843 inopia,
287 1800 316 1841 s
319 1810 337 1831 ο
349 1797 417 1831 ris
451 1809 510 1832 aes
535 1799 700 1833 alienum.
733 1800 850 1833 Plaut.
876 1798 1013 1833 Cisten.
1037 1797 1083 1839 11,
1107 1796 1142 1838 1,
1165 1797 1200 1831 2.
1250 1797 1353 1831 Hanc
1378 1808 1444 1842 ego
1468 1797 1512 1831 de

116 1869 171 1892 me
194 1858 426 1893 coniecturam
462 1860 583 1894 domi
618 1860 742 1903 facio,
772 1871 816 1894 ne
841 1860 971 1903 soris
1003 1869 1182 1903 quaeram.
1206 1857 1347 1893 Sueten.
1372 1858 1454 1893 Ner.
1479 1870 1510 1892 c.

115 1918 173 1961 36,
198 1918 246 1953 in.
294 1919 369 1953 Nec
393 1920 525 1954 minore
560 1921 711 1955 saevitia
749 1920 870 1964 foris
910 1925 944 1954 et
974 1919 1012 1952 in
1050 1924 1185 1954 exteros
1214 1925 1401 1965 grassatus
1437 1925 1510 1960 cst,-

118 1979 154 2013 in
185 1979 423 2024 superioribus
446 1981 540 2015 enim
564 1982 687 2016 caedes
721 1982 926 2016 domesticas
957 1984 1172 2015 narraverat
1219 1979 1313 2014 Tum
1338 1980 1432 2013 domi
1455 1979 1509 2013 di-

115 2041 206 2075 eitur
229 2042 273 2074 de
295 2042 400 2075 rebus
423 2043 586 2086 urbanis,
617 2042 653 2077 in
677 2043 796 2077 Roma
817 2043 927 2084 urbe,
951 2041 1093 2086 imperii
1117 2042 1221 2083 sede,
1245 2051 1266 2076 a
1291 2040 1423 2075 Senatu
1447 2050 1510 2085 po-

114 2103 267 2147 puloque
290 2103 436 2149 agendis
451 2129 462 2145 ,
486 2115 555 2147 quo
578 2115 680 2138 sensu
700 2104 791 2148 soris
815 2102 935 2138 omnia
959 2114 1024 2145 ea,
1056 2114 1147 2147 quae
1170 2103 1215 2137 ud
1238 2102 1408 2148 regendas
1428 2113 1509 2146 pro·

115 2165 251 2199 vincias
281 2169 316 2199 et
356 2165 512 2199 devictas
554 2169 675 2211 gentes
707 2164 903 2209 pertinent,
941 2164 1121 2210 designat,
1161 2164 1261 2198 euius
1290 2162 1428 2209 generis
1460 2165 1510 2197 est

114 2230 234 2260 noster
266 2226 388 2269 locus,
421 2229 457 2260 et
491 2226 568 2260 cat.
593 2226 676 2268 Lu,
698 2226 756 2261 21.
806 2227 960 2261 Maiores
983 2236 1133 2271 magnos
1151 2227 1269 2269 secere
1301 2224 1422 2258 domu·
1452 2223 1507 2258 ἰη-

114 2286 269 2331 dustria,
296 2287 427 2331 foris
462 2287 591 2322 iustum
623 2287 817 2332 imperium.
863 2286 1022 2331 Denique
1045 2286 1128 2321 huie
1157 2285 1236 2320 usui
1260 2289 1431 2331 cognatus
1455 2287 1507 2319 est

114 2347 163 2388 is,
195 2359 264 2391 quo
299 2348 392 2381 domi
418 2348 578 2392 serisque
602 2348 645 2382 de
669 2359 755 2392 pace
778 2348 942 2391 belloque
967 2347 1114 2389 dicitur,
1145 2351 1183 2382 ut
1204 2347 1298 2391 foris
1322 2347 1414 2381 idem
1434 2347 1506 2380 fere

113 2407 159 2441 sit
195 2412 301 2452 atque
334 2409 414 2442 belli
423 2421 437 2449 ,-
471 2409 519 2442 cf.
544 2408 614 2442 Cic.
640 2409 682 2443 de
706 2408 777 2445 off.
801 2410 828 2451 1,
851 2408 910 2451 22,
934 2409 992 2444 76.
1041 2408 1147 2442 Parvi
1170 2408 1260 2442 enim
1279 2407 1403 2451 forie
1425 2412 1505 2441 eunt

113 2480 237 2511 arma,
269 2469 338 2503 uisi
368 2469 415 2504 sit
446 2470 626 2503 consiiium
663 2470 798 2511 domi,
834 2481 938 2513 quem
972 2470 1090 2504 locum
1115 2480 1158 2503 ex
1181 2467 1365 2514 ingeniosa
1388 2467 1504 2502 Beieri

113 2531 355 2565 emendatione
388 2530 626 2564 exhibuimus.
683 2531 779 2564 Idem
818 2531 963 2565 contulit
998 2531 1114 2565 Valet.
1146 2531 1244 2565 Max.
1283 2530 1341 2569 11,
1373 2529 1417 2571 9,
1450 2540 1501 2573 pr.

116 2591 209 2633 Quid
234 2592 323 2626 enim
344 2592 486 2636 prodest
508 2592 633 2635 soris
664 2603 736 2626 ene
758 2597 956 2635 strenuum,
992 2593 1022 2625 si
1046 2591 1165 2625 domi
1192 2592 1283 2626 male
1305 2591 1501 2624 vivitur.—

116 2652 162 2687 Et
186 2656 265 2685 ante
287 2664 330 2686 ea
355 2664 466 2698 agere
496 2664 564 2686 non
597 2652 746 2687 tenuiter
776 2653 937 2698 adiungit
966 2652 1145 2697 sequentia
1181 2651 1408 2696 antegressis,
1441 2650 1503 2684 sed

114 2723 157 2747 ea
180 2718 376 2758 exaggerat
400 2718 434 2748 et
457 2714 628 2759 adauget,
670 2713 719 2747 ita
752 2716 792 2747 ut
824 2713 917 2747 idem
944 2715 1058 2748 valeat
1089 2719 1191 2757 atque
1215 2717 1249 2747 et
1271 2712 1431 2757 quiderm·
1453 2711 1501 2747 cf.

113 2772 157 2807 ad
190 2784 221 2809 e.
255 2775 410 2815 xxxn,
433 2775 467 2810 2.
501 2775 571 2818 CV,
594 2775 627 2812 4.
660 2776 805 2821 Fragm.
837 2775 928 2810 ssiat.
962 2776 1000 2819 Ι,
1026 2775 1084 2817 19,
1118 2775 1150 2809 1.
1204 2773 1327 2808 Omm'a
1361 2773 1502 2808 turbata
