<?xml version="1.0" encoding="UTF-8"?>
<!DOCTYPE html PUBLIC "-//W3C//DTD XHTML 1.0 Transitional//EN"
    "http://www.w3.org/TR/xhtml1/DTD/xhtml1-transitional.dtd">
<html xmlns="http://www.w3.org/1999/xhtml" xml:lang="en" lang="en">
 <head>
  <title>
</title>
<meta http-equiv="Content-Type" content="text/html;charset=utf-8" />
  <meta name='ocr-system' content='tesseract 3.04.00' />
  <meta name='ocr-capabilities' content='ocr_page ocr_carea ocr_par ocr_line ocrx_word'/>
</head>
<body>
  <div class='ocr_page' id='page_1' title='image "./operaquaesupeappx01salluoft_0929.png"; bbox 0 0 1630 3034; ppageno 0'>
   <div class='ocr_carea' id='block_1_1' title="bbox 441 136 1465 186">
    <p class='ocr_par' dir='ltr' id='par_1_1' title="bbox 441 136 1465 186">
     <span class='ocr_line' id='line_1_1' title="bbox 441 136 1465 186; baseline 0.006 -6"><span class='ocrx_word' id='word_1_1' title='bbox 441 136 812 180; x_wconf 88' lang='lat' dir='ltr'><strong>lUGURTHA.</strong></span> <span class='ocrx_word' id='word_1_2' title='bbox 872 139 1000 182; x_wconf 89' lang='lat' dir='ltr'><strong>CAP.</strong></span> <span class='ocrx_word' id='word_1_3' title='bbox 1031 140 1118 182; x_wconf 90' lang='lat' dir='ltr'>CII.</span> <span class='ocrx_word' id='word_1_4' title='bbox 1380 144 1465 186; x_wconf 77' lang='lat'><strong>549</strong></span> 
     </span>
    </p>
   </div>
   <div class='ocr_carea' id='block_1_2' title="bbox 75 253 1460 509">
    <p class='ocr_par' dir='ltr' id='par_1_2' title="bbox 75 253 1460 509">
     <span class='ocr_line' id='line_1_2' title="bbox 79 253 1460 317; baseline 0.004 -21"><span class='ocrx_word' id='word_1_5' title='bbox 79 255 175 297; x_wconf 87' lang='lat' dir='ltr'><strong>nior</strong></span> <span class='ocrx_word' id='word_1_6' title='bbox 210 258 360 297; x_wconf 85' lang='lat' dir='ltr'><strong>nostra</strong></span> <span class='ocrx_word' id='word_1_7' title='bbox 394 253 606 308; x_wconf 84' lang='lat' dir='ltr'><strong>amicitia3</strong></span> <span class='ocrx_word' id='word_1_8' title='bbox 640 256 850 315; x_wconf 85' lang='lat' dir='ltr'><strong>primum,</strong></span> <span class='ocrx_word' id='word_1_9' title='bbox 888 255 1013 314; x_wconf 86' lang='lat' dir='ltr'><strong>quod</strong></span> <span class='ocrx_word' id='word_1_10' title='bbox 1047 257 1205 316; x_wconf 90' lang='lat' dir='ltr'><strong>procul</strong></span> <span class='ocrx_word' id='word_1_11' title='bbox 1234 257 1460 317; x_wconf 85' lang='lat' dir='ltr'><strong>absumus,</strong></span> 
     </span>
     <span class='ocr_line' id='line_1_3' title="bbox 76 349 1458 416; baseline 0.004 -23"><span class='ocrx_word' id='word_1_12' title='bbox 76 352 119 394; x_wconf 91' lang='lat' dir='ltr'><strong>in</strong></span> <span class='ocrx_word' id='word_1_13' title='bbox 147 365 237 408; x_wconf 91' lang='lat' dir='ltr'><strong>quo</strong></span> <span class='ocrx_word' id='word_1_14' title='bbox 277 349 477 394; x_wconf 83' lang='lat' dir='ltr'><strong>offensae</strong></span> <span class='ocrx_word' id='word_1_15' title='bbox 512 352 768 409; x_wconf 85' lang='lat' dir='ltr'><strong>minimum,</strong></span> <span class='ocrx_word' id='word_1_16' title='bbox 818 353 965 413; x_wconf 84' lang='lat' dir='ltr'><strong>gratia</strong></span> <span class='ocrx_word' id='word_1_17' title='bbox 999 368 1106 412; x_wconf 78' lang='lat' dir='ltr'><strong>par,</strong></span> <span class='ocrx_word' id='word_1_18' title='bbox 1154 368 1205 396; x_wconf 89' lang='lat' dir='ltr'><strong>ac</strong></span> <span class='ocrx_word' id='word_1_19' title='bbox 1242 354 1277 397; x_wconf 86' lang='lat' dir='ltr'><strong>si</strong></span> <span class='ocrx_word' id='word_1_20' title='bbox 1311 370 1458 416; x_wconf 80' lang='lat' dir='ltr'>prope</span> 
     </span>
     <span class='ocr_line' id='line_1_4' title="bbox 75 447 1457 509; baseline 0.004 -18"><span class='ocrx_word' id='word_1_21' title='bbox 75 448 354 501; x_wconf 84' lang='lat' dir='ltr'><strong>adessen1us3</strong></span> <span class='ocrx_word' id='word_1_22' title='bbox 405 447 532 507; x_wconf 79' lang='lat' dir='ltr'><strong>dein,</strong></span> <span class='ocrx_word' id='word_1_23' title='bbox 582 449 708 507; x_wconf 91' lang='lat' dir='ltr'><strong>quod</strong></span> <span class='ocrx_word' id='word_1_24' title='bbox 750 450 947 509; x_wconf 81' lang='lat' dir='ltr'><strong>parentis</strong></span> <span class='ocrx_word' id='word_1_25' title='bbox 993 449 1171 493; x_wconf 81' lang='lat' dir='ltr'>abunde</span> <span class='ocrx_word' id='word_1_26' title='bbox 1224 449 1457 509; x_wconf 84' lang='lat' dir='ltr'><strong>habemus,</strong></span> 
     </span>
    </p>
   </div>
   <div class='ocr_carea' id='block_1_3' title="bbox 73 545 1456 605">
    <p class='ocr_par' dir='ltr' id='par_1_3' title="bbox 73 545 1456 605">
     <span class='ocr_line' id='line_1_5' title="bbox 73 545 1456 605; baseline 0.003 -17"><span class='ocrx_word' id='word_1_27' title='bbox 73 546 318 590; x_wconf 86' lang='lat' dir='ltr'><strong>amicorum</strong></span> <span class='ocrx_word' id='word_1_28' title='bbox 353 559 500 603; x_wconf 88' lang='lat' dir='ltr'><strong>neque</strong></span> <span class='ocrx_word' id='word_1_29' title='bbox 528 545 655 589; x_wconf 86' lang='lat' dir='ltr'><strong>nobis</strong></span> <span class='ocrx_word' id='word_1_30' title='bbox 691 560 836 604; x_wconf 87' lang='lat' dir='ltr'><strong>neque</strong></span> <span class='ocrx_word' id='word_1_31' title='bbox 874 546 1082 605; x_wconf 87' lang='lat' dir='ltr'><strong>cuiquam</strong></span> <span class='ocrx_word' id='word_1_32' title='bbox 1122 547 1319 590; x_wconf 87' lang='lat' dir='ltr'><strong>omnium</strong></span> <span class='ocrx_word' id='word_1_33' title='bbox 1355 549 1456 592; x_wconf 81' lang='lat' dir='ltr'><strong>satis</strong></span> 
     </span>
    </p>
   </div>
   <div class='ocr_carea' id='block_1_4' title="bbox 45 724 1458 2775">
    <p class='ocr_par' dir='ltr' id='par_1_4' title="bbox 53 724 1458 1683">
     <span class='ocr_line' id='line_1_6' title="bbox 69 724 1457 774; baseline 0.002 -14"><span class='ocrx_word' id='word_1_34' title='bbox 69 737 165 760; x_wconf 84' lang='lat' dir='ltr'><strong>mere</strong></span> <span class='ocrx_word' id='word_1_35' title='bbox 186 728 281 761; x_wconf 84' lang='lat' dir='ltr'><strong>certe</strong></span> <span class='ocrx_word' id='word_1_36' title='bbox 305 724 514 760; x_wconf 86' lang='lat' dir='ltr'><strong>Gerlachius</strong></span> <span class='ocrx_word' id='word_1_37' title='bbox 536 725 718 770; x_wconf 82' lang='lat' dir='ltr'>vulgatam</span> <span class='ocrx_word' id='word_1_38' title='bbox 743 724 897 767; x_wconf 80' lang='lat' dir='ltr'><strong>retinuit,</strong></span> <span class='ocrx_word' id='word_1_39' title='bbox 924 728 1055 760; x_wconf 85' lang='lat' dir='ltr'><strong>temere</strong></span> <span class='ocrx_word' id='word_1_40' title='bbox 1081 726 1220 761; x_wconf 79' lang='lat' dir='ltr'><strong>Cottius</strong></span> <span class='ocrx_word' id='word_1_41' title='bbox 1243 739 1266 761; x_wconf 84' lang='lat' dir='ltr'><strong>a</strong></span> <span class='ocrx_word' id='word_1_42' title='bbox 1286 728 1457 774; x_wconf 80' lang='lat' dir='ltr'><strong>principio</strong></span> 
     </span>
     <span class='ocr_line' id='line_1_7' title="bbox 68 784 1458 833; baseline 0.001 -11"><span class='ocrx_word' id='word_1_43' title='bbox 68 792 102 822; x_wconf 86' lang='lat' dir='ltr'><strong>et</strong></span> <span class='ocrx_word' id='word_1_44' title='bbox 122 789 244 821; x_wconf 78' lang='lat' dir='ltr'><strong>melius</strong></span> <span class='ocrx_word' id='word_1_45' title='bbox 266 787 375 821; x_wconf 82' lang='lat' dir='ltr'><strong>verba</strong></span> <span class='ocrx_word' id='word_1_46' title='bbox 399 785 539 828; x_wconf 85' lang='lat' dir='ltr'><strong>delevit,</strong></span> <span class='ocrx_word' id='word_1_47' title='bbox 564 786 660 830; x_wconf 84' lang='lat' dir='ltr'><strong>inopi</strong></span> <span class='ocrx_word' id='word_1_48' title='bbox 682 784 847 830; x_wconf 78' lang='lat' dir='ltr'><strong>servavit,</strong></span> <span class='ocrx_word' id='word_1_49' title='bbox 873 789 1002 821; x_wconf 87' lang='lat' dir='ltr'><strong>temere</strong></span> <span class='ocrx_word' id='word_1_50' title='bbox 1020 787 1200 833; x_wconf 82' lang='lat' dir='ltr'><strong>Bipontini</strong></span> <span class='ocrx_word' id='word_1_51' title='bbox 1221 788 1316 832; x_wconf 84' lang='lat' dir='ltr'><strong>inopi</strong></span> <span class='ocrx_word' id='word_1_52' title='bbox 1335 790 1458 825; x_wconf 80' lang='lat' dir='ltr'><strong>melius</strong></span> 
     </span>
     <span class='ocr_line' id='line_1_8' title="bbox 66 847 1456 893; baseline 0.002 -11"><span class='ocrx_word' id='word_1_53' title='bbox 66 849 102 882; x_wconf 87' lang='lat' dir='ltr'><strong>in</strong></span> <span class='ocrx_word' id='word_1_54' title='bbox 125 849 336 893; x_wconf 79' lang='lat' dir='ltr'><strong>reipublicae</strong></span> <span class='ocrx_word' id='word_1_55' title='bbox 359 850 550 881; x_wconf 82' lang='lat' dir='ltr'><strong>mutarunt.</strong></span> <span class='ocrx_word' id='word_1_56' title='bbox 589 865 630 871; x_wconf 93' lang='lat'><strong>—-</strong></span> <span class='ocrx_word' id='word_1_57' title='bbox 673 847 746 890; x_wconf 78' lang='lat' dir='ltr'><strong>Que</strong></span> <span class='ocrx_word' id='word_1_58' title='bbox 770 847 933 890; x_wconf 79' lang='lat' dir='ltr'><strong>copulam</strong></span> <span class='ocrx_word' id='word_1_59' title='bbox 957 850 1066 884; x_wconf 78' lang='lat' dir='ltr'><strong>tutius</strong></span> <span class='ocrx_word' id='word_1_60' title='bbox 1089 849 1332 893; x_wconf 88' lang='lat' dir='ltr'><strong>comparativo</strong></span> <span class='ocrx_word' id='word_1_61' title='bbox 1355 851 1456 885; x_wconf 90' lang='lat' dir='ltr'><strong>addi-</strong></span> 
     </span>
     <span class='ocr_line' id='line_1_9' title="bbox 65 907 1455 952; baseline 0.001 -8"><span class='ocrx_word' id='word_1_62' title='bbox 65 913 137 944; x_wconf 84' lang='lat' dir='ltr'><strong>tam</strong></span> <span class='ocrx_word' id='word_1_63' title='bbox 165 921 233 943; x_wconf 79' lang='lat' dir='ltr'><strong>noa</strong></span> <span class='ocrx_word' id='word_1_64' title='bbox 256 910 364 943; x_wconf 87' lang='lat' dir='ltr'><strong>habet</strong></span> <span class='ocrx_word' id='word_1_65' title='bbox 386 910 459 942; x_wconf 90' lang='lat' dir='ltr'><strong>Inc.</strong></span> <span class='ocrx_word' id='word_1_66' title='bbox 484 909 518 944; x_wconf 86' lang='lat'><strong>2.</strong></span> <span class='ocrx_word' id='word_1_67' title='bbox 544 908 661 942; x_wconf 80' lang='lat' dir='ltr'><strong>Guelf.</strong></span> <span class='ocrx_word' id='word_1_68' title='bbox 685 907 720 941; x_wconf 80' lang='lat'><strong>7.</strong></span> <span class='ocrx_word' id='word_1_69' title='bbox 745 907 878 948; x_wconf 89' lang='lat' dir='ltr'><strong>Goerl.,</strong></span> <span class='ocrx_word' id='word_1_70' title='bbox 902 908 1100 952; x_wconf 88' lang='lat' dir='ltr'><strong>horumque</strong></span> <span class='ocrx_word' id='word_1_71' title='bbox 1122 910 1192 944; x_wconf 88' lang='lat' dir='ltr'><strong>fide</strong></span> <span class='ocrx_word' id='word_1_72' title='bbox 1215 910 1343 946; x_wconf 83' lang='lat' dir='ltr'><strong>delevit</strong></span> <span class='ocrx_word' id='word_1_73' title='bbox 1368 912 1455 946; x_wconf 86' lang='lat' dir='ltr'><strong>Cor-</strong></span> 
     </span>
     <span class='ocr_line' id='line_1_10' title="bbox 63 967 1454 1014; baseline 0.001 -10"><span class='ocrx_word' id='word_1_74' title='bbox 63 970 151 1014; x_wconf 88' lang='lat' dir='ltr'><strong>tius,</strong></span> <span class='ocrx_word' id='word_1_75' title='bbox 175 981 244 1004; x_wconf 89' lang='lat' dir='ltr'><strong>non</strong></span> <span class='ocrx_word' id='word_1_76' title='bbox 267 973 446 1004; x_wconf 85' lang='lat' dir='ltr'><strong>assecutus</strong></span> <span class='ocrx_word' id='word_1_77' title='bbox 470 968 748 1009; x_wconf 79' lang='lat' dir='ltr'><strong>enunciationes,</strong></span> <span class='ocrx_word' id='word_1_78' title='bbox 773 967 899 1011; x_wconf 79' lang='lat' dir='ltr'><strong>quibus</strong></span> <span class='ocrx_word' id='word_1_79' title='bbox 921 970 1198 1004; x_wconf 87' lang='lat' dir='ltr'><strong>antecedentium</strong></span> <span class='ocrx_word' id='word_1_80' title='bbox 1222 971 1314 1006; x_wconf 84' lang='lat' dir='ltr'><strong>ratio</strong></span> <span class='ocrx_word' id='word_1_81' title='bbox 1338 973 1454 1006; x_wconf 84' lang='lat' dir='ltr'><strong>reddi-</strong></span> 
     </span>
     <span class='ocr_line' id='line_1_11' title="bbox 63 1027 1453 1075; baseline -0.002 -9"><span class='ocrx_word' id='word_1_82' title='bbox 63 1035 142 1071; x_wconf 85' lang='lat' dir='ltr'><strong>tur,</strong></span> <span class='ocrx_word' id='word_1_83' title='bbox 175 1030 377 1075; x_wconf 73' lang='lat' dir='ltr'>saepissime</span> <span class='ocrx_word' id='word_1_84' title='bbox 400 1042 462 1075; x_wconf 89' lang='lat' dir='ltr'><strong>per</strong></span> <span class='ocrx_word' id='word_1_85' title='bbox 485 1030 649 1074; x_wconf 83' lang='lat' dir='ltr'><strong>copulam</strong></span> <span class='ocrx_word' id='word_1_86' title='bbox 673 1027 849 1073; x_wconf 78' lang='lat' dir='ltr'><strong>prioribus</strong></span> <span class='ocrx_word' id='word_1_87' title='bbox 872 1029 1028 1071; x_wconf 82' lang='lat' dir='ltr'><strong>annecti3</strong></span> <span class='ocrx_word' id='word_1_88' title='bbox 1060 1041 1094 1066; x_wconf 88' lang='lat' dir='ltr'><strong>v.</strong></span> <span class='ocrx_word' id='word_1_89' title='bbox 1121 1036 1285 1068; x_wconf 77' lang='lat' dir='ltr'><strong>annotata</strong></span> <span class='ocrx_word' id='word_1_90' title='bbox 1308 1034 1353 1068; x_wconf 83' lang='lat' dir='ltr'><strong>ad</strong></span> <span class='ocrx_word' id='word_1_91' title='bbox 1377 1035 1453 1070; x_wconf 76' lang='lat' dir='ltr'><strong>Cat,</strong></span> 
     </span>
     <span class='ocr_line' id='line_1_12' title="bbox 63 1089 1452 1136; baseline 0.003 -11"><span class='ocrx_word' id='word_1_92' title='bbox 63 1092 157 1133; x_wconf 76' lang='lat' dir='ltr'><strong>xlx,</strong></span> <span class='ocrx_word' id='word_1_93' title='bbox 181 1091 215 1126; x_wconf 85' lang='lat'><strong>2.</strong></span> <span class='ocrx_word' id='word_1_94' title='bbox 239 1095 274 1125; x_wconf 87' lang='lat' dir='ltr'><strong>et</strong></span> <span class='ocrx_word' id='word_1_95' title='bbox 299 1091 344 1125; x_wconf 90' lang='lat' dir='ltr'><strong>ad</strong></span> <span class='ocrx_word' id='word_1_96' title='bbox 368 1092 445 1136; x_wconf 89' lang='lat' dir='ltr'><strong>lug.</strong></span> <span class='ocrx_word' id='word_1_97' title='bbox 469 1092 513 1133; x_wconf 86' lang='grc' dir='ltr'><strong>ΙΙ,</strong></span> <span class='ocrx_word' id='word_1_98' title='bbox 540 1090 574 1125; x_wconf 83' lang='grc'><strong>3.</strong></span> <span class='ocrx_word' id='word_1_99' title='bbox 599 1103 634 1135; x_wconf 90' lang='lat' dir='ltr'><strong>p.</strong></span> <span class='ocrx_word' id='word_1_100' title='bbox 659 1090 718 1125; x_wconf 90' lang='lat'><strong>11.</strong></span> <span class='ocrx_word' id='word_1_101' title='bbox 757 1089 985 1131; x_wconf 80' lang='lat' dir='ltr'><strong>Gerlachius,</strong></span> <span class='ocrx_word' id='word_1_102' title='bbox 1018 1090 1054 1124; x_wconf 91' lang='lat' dir='ltr'><strong>in</strong></span> <span class='ocrx_word' id='word_1_103' title='bbox 1087 1092 1140 1126; x_wconf 90' lang='lat' dir='ltr'><strong>ed.</strong></span> <span class='ocrx_word' id='word_1_104' title='bbox 1175 1093 1258 1128; x_wconf 90' lang='lat' dir='ltr'><strong>mai.</strong></span> <span class='ocrx_word' id='word_1_105' title='bbox 1293 1094 1452 1129; x_wconf 81' lang='lat' dir='ltr'><strong>Curtium</strong></span> 
     </span>
     <span class='ocr_line' id='line_1_13' title="bbox 59 1150 1452 1196; baseline 0.002 -10"><span class='ocrx_word' id='word_1_106' title='bbox 59 1156 216 1196; x_wconf 77' lang='lat' dir='ltr'><strong>secutus,</strong></span> <span class='ocrx_word' id='word_1_107' title='bbox 250 1152 287 1187; x_wconf 88' lang='lat' dir='ltr'><strong>iu</strong></span> <span class='ocrx_word' id='word_1_108' title='bbox 311 1153 518 1186; x_wconf 87' lang='lat' dir='ltr'><strong>Commentt.</strong></span> <span class='ocrx_word' id='word_1_109' title='bbox 544 1164 578 1195; x_wconf 88' lang='lat' dir='ltr'><strong>p.</strong></span> <span class='ocrx_word' id='word_1_110' title='bbox 611 1150 692 1185; x_wconf 81' lang='lat'><strong>329.</strong></span> <span class='ocrx_word' id='word_1_111' title='bbox 715 1150 750 1184; x_wconf 90' lang='lat' dir='ltr'><strong>id</strong></span> <span class='ocrx_word' id='word_1_112' title='bbox 775 1151 867 1184; x_wconf 86' lang='lat' dir='ltr'><strong>male</strong></span> <span class='ocrx_word' id='word_1_113' title='bbox 890 1150 1020 1184; x_wconf 81' lang='lat' dir='ltr'><strong>factum</strong></span> <span class='ocrx_word' id='word_1_114' title='bbox 1046 1153 1245 1196; x_wconf 83' lang='lat' dir='ltr'><strong>profitetur3</strong></span> <span class='ocrx_word' id='word_1_115' title='bbox 1270 1154 1452 1189; x_wconf 90' lang='lat' dir='ltr'><strong>nihilomi-</strong></span> 
     </span>
     <span class='ocr_line' id='line_1_14' title="bbox 60 1210 1449 1258; baseline 0.002 -11"><span class='ocrx_word' id='word_1_116' title='bbox 60 1225 123 1248; x_wconf 93' lang='lat' dir='ltr'><strong>nus</strong></span> <span class='ocrx_word' id='word_1_117' title='bbox 147 1213 183 1247; x_wconf 90' lang='lat' dir='ltr'><strong>in</strong></span> <span class='ocrx_word' id='word_1_118' title='bbox 206 1214 258 1247; x_wconf 89' lang='lat' dir='ltr'><strong>ed.</strong></span> <span class='ocrx_word' id='word_1_119' title='bbox 282 1214 492 1256; x_wconf 83' lang='lat' dir='ltr'><strong>novissima,</strong></span> <span class='ocrx_word' id='word_1_120' title='bbox 526 1211 627 1258; x_wconf 86' lang='lat' dir='ltr'><strong>quasi</strong></span> <span class='ocrx_word' id='word_1_121' title='bbox 652 1210 718 1244; x_wconf 84' lang='lat' dir='ltr'><strong>sibi</strong></span> <span class='ocrx_word' id='word_1_122' title='bbox 754 1210 915 1253; x_wconf 78' lang='lat' dir='ltr'><strong>illudens,</strong></span> <span class='ocrx_word' id='word_1_123' title='bbox 938 1211 982 1245; x_wconf 89' lang='lat' dir='ltr'><strong>ad</strong></span> <span class='ocrx_word' id='word_1_124' title='bbox 1007 1211 1132 1246; x_wconf 81' lang='lat' dir='ltr'><strong>falsam</strong></span> <span class='ocrx_word' id='word_1_125' title='bbox 1156 1214 1367 1258; x_wconf 82' lang='lat' dir='ltr'><strong>scripturam</strong></span> <span class='ocrx_word' id='word_1_126' title='bbox 1394 1227 1449 1250; x_wconf 86' lang='lat' dir='ltr'><strong>re-</strong></span> 
     </span>
     <span class='ocr_line' id='line_1_15' title="bbox 60 1272 1449 1317; baseline 0.001 -9"><span class='ocrx_word' id='word_1_127' title='bbox 60 1274 122 1309; x_wconf 88' lang='lat' dir='ltr'><strong>dit.</strong></span> <span class='ocrx_word' id='word_1_128' title='bbox 171 1274 282 1309; x_wconf 79' lang='lat' dir='ltr'><strong>Cottii</strong></span> <span class='ocrx_word' id='word_1_129' title='bbox 305 1275 514 1310; x_wconf 84' lang='lat' dir='ltr'><strong>auctoritate</strong></span> <span class='ocrx_word' id='word_1_130' title='bbox 537 1275 702 1317; x_wconf 86' lang='lat' dir='ltr'><strong>deceptus</strong></span> <span class='ocrx_word' id='word_1_131' title='bbox 727 1272 832 1306; x_wconf 87' lang='lat' dir='ltr'><strong>etiam</strong></span> <span class='ocrx_word' id='word_1_132' title='bbox 856 1272 948 1317; x_wconf 83' lang='lat' dir='ltr'><strong>Aug.</strong></span> <span class='ocrx_word' id='word_1_133' title='bbox 975 1274 1206 1309; x_wconf 79' lang='lat' dir='ltr'><strong>Grotefendus</strong></span> <span class='ocrx_word' id='word_1_134' title='bbox 1228 1275 1265 1309; x_wconf 86' lang='lat' dir='ltr'><strong>in</strong></span> <span class='ocrx_word' id='word_1_135' title='bbox 1290 1276 1449 1310; x_wconf 86' lang='lat' dir='ltr'><strong>Gramm.</strong></span> 
     </span>
     <span class='ocr_line' id='line_1_16' title="bbox 58 1333 1448 1380; baseline 0.002 -11"><span class='ocrx_word' id='word_1_136' title='bbox 58 1335 133 1369; x_wconf 79' lang='lat' dir='ltr'><strong>Lat.</strong></span> <span class='ocrx_word' id='word_1_137' title='bbox 164 1336 270 1380; x_wconf 84' lang='lat' dir='ltr'><strong>ampl.</strong></span> <span class='ocrx_word' id='word_1_138' title='bbox 296 1337 373 1370; x_wconf 69' lang='lat' dir='ltr'><strong>Vol.</strong></span> <span class='ocrx_word' id='word_1_139' title='bbox 399 1337 444 1369; x_wconf 84' lang='grc' dir='ltr'><strong>ΙΙ.</strong></span> <span class='ocrx_word' id='word_1_140' title='bbox 468 1347 500 1379; x_wconf 88' lang='lat' dir='ltr'><strong>p.</strong></span> <span class='ocrx_word' id='word_1_141' title='bbox 525 1334 605 1370; x_wconf 68' lang='lat'><strong>354.</strong></span> <span class='ocrx_word' id='word_1_142' title='bbox 629 1336 661 1376; x_wconf 84' lang='lat'><strong>§.</strong></span> <span class='ocrx_word' id='word_1_143' title='bbox 684 1333 763 1367; x_wconf 69' lang='lat'>444.</span> <span class='ocrx_word' id='word_1_144' title='bbox 789 1336 858 1367; x_wconf 85' lang='lat' dir='ltr'><strong>not.</strong></span> <span class='ocrx_word' id='word_1_145' title='bbox 882 1334 973 1376; x_wconf 81' lang='lat' dir='ltr'><strong>rati,</strong></span> <span class='ocrx_word' id='word_1_146' title='bbox 1007 1337 1099 1378; x_wconf 85' lang='lat' dir='ltr'><strong>quod</strong></span> <span class='ocrx_word' id='word_1_147' title='bbox 1131 1337 1279 1370; x_wconf 88' lang='lat' dir='ltr'><strong>verbum</strong></span> <span class='ocrx_word' id='word_1_148' title='bbox 1311 1337 1448 1372; x_wconf 88' lang='lat' dir='ltr'><strong>finitum</strong></span> 
     </span>
     <span class='ocr_line' id='line_1_17' title="bbox 58 1393 1448 1442; baseline 0.001 -12"><span class='ocrx_word' id='word_1_149' title='bbox 58 1403 119 1438; x_wconf 85' lang='lat' dir='ltr'><strong>est,</strong></span> <span class='ocrx_word' id='word_1_150' title='bbox 144 1408 206 1440; x_wconf 91' lang='lat' dir='ltr'><strong>pro</strong></span> <span class='ocrx_word' id='word_1_151' title='bbox 231 1397 418 1441; x_wconf 86' lang='lat' dir='ltr'><strong>participio</strong></span> <span class='ocrx_word' id='word_1_152' title='bbox 445 1397 573 1439; x_wconf 89' lang='lat' dir='ltr'><strong>habet,</strong></span> <span class='ocrx_word' id='word_1_153' title='bbox 602 1406 664 1439; x_wconf 87' lang='lat' dir='ltr'><strong>per</strong></span> <span class='ocrx_word' id='word_1_154' title='bbox 696 1393 953 1439; x_wconf 84' lang='lat' dir='ltr'><strong>negligentiam</strong></span> <span class='ocrx_word' id='word_1_155' title='bbox 977 1396 1156 1440; x_wconf 86' lang='lat' dir='ltr'><strong>scriptoris</strong></span> <span class='ocrx_word' id='word_1_156' title='bbox 1179 1397 1256 1431; x_wconf 79' lang='lat' dir='ltr'><strong>sive</strong></span> <span class='ocrx_word' id='word_1_157' title='bbox 1279 1409 1341 1442; x_wconf 90' lang='lat' dir='ltr'><strong>per</strong></span> <span class='ocrx_word' id='word_1_158' title='bbox 1363 1409 1448 1433; x_wconf 85' lang='lat' dir='ltr'><strong>ana-</strong></span> 
     </span>
     <span class='ocr_line' id='line_1_18' title="bbox 56 1453 1449 1501; baseline 0.003 -11"><span class='ocrx_word' id='word_1_159' title='bbox 56 1457 250 1491; x_wconf 86' lang='lat' dir='ltr'><strong>coluthiam</strong></span> <span class='ocrx_word' id='word_1_160' title='bbox 283 1459 459 1501; x_wconf 90' lang='lat' dir='ltr'><strong>quandam</strong></span> <span class='ocrx_word' id='word_1_161' title='bbox 490 1458 535 1491; x_wconf 89' lang='lat' dir='ltr'><strong>ad</strong></span> <span class='ocrx_word' id='word_1_162' title='bbox 565 1467 692 1490; x_wconf 86' lang='lat' dir='ltr'><strong>nomen</strong></span> <span class='ocrx_word' id='word_1_163' title='bbox 724 1453 843 1488; x_wconf 84' lang='lat' dir='ltr'><strong>dativo</strong></span> <span class='ocrx_word' id='word_1_164' title='bbox 878 1455 1028 1498; x_wconf 84' lang='lat' dir='ltr'><strong>positum</strong></span> <span class='ocrx_word' id='word_1_165' title='bbox 1067 1458 1192 1492; x_wconf 85' lang='lat' dir='ltr'><strong>relato.</strong></span> <span class='ocrx_word' id='word_1_166' title='bbox 1216 1477 1259 1484; x_wconf 85' lang='lat'><em>-</em></span> <span class='ocrx_word' id='word_1_167' title='bbox 1299 1460 1352 1492; x_wconf 90' lang='lat' dir='ltr'><strong>De</strong></span> <span class='ocrx_word' id='word_1_168' title='bbox 1375 1459 1449 1494; x_wconf 72' lang='lat' dir='ltr'><strong>ratu*</strong></span> 
     </span>
     <span class='ocr_line' id='line_1_19' title="bbox 54 1515 1446 1563; baseline 0.001 -12"><span class='ocrx_word' id='word_1_169' title='bbox 54 1518 182 1562; x_wconf 81' lang='lat' dir='ltr'><strong>plurali</strong></span> <span class='ocrx_word' id='word_1_170' title='bbox 205 1519 249 1551; x_wconf 85' lang='lat' dir='ltr'><strong>ad</strong></span> <span class='ocrx_word' id='word_1_171' title='bbox 273 1529 396 1552; x_wconf 83' lang='lat' dir='ltr'><strong>vocem</strong></span> <span class='ocrx_word' id='word_1_172' title='bbox 419 1519 546 1563; x_wconf 85' lang='lat' dir='ltr'><strong>populo</strong></span> <span class='ocrx_word' id='word_1_173' title='bbox 566 1519 744 1562; x_wconf 83' lang='lat' dir='ltr'><strong>spectante</strong></span> <span class='ocrx_word' id='word_1_174' title='bbox 767 1527 802 1549; x_wconf 76' lang='lat' dir='ltr'><strong>v,</strong></span> <span class='ocrx_word' id='word_1_175' title='bbox 826 1515 871 1549; x_wconf 87' lang='lat' dir='ltr'><strong>ad</strong></span> <span class='ocrx_word' id='word_1_176' title='bbox 895 1527 923 1549; x_wconf 89' lang='lat' dir='ltr'><strong>c.</strong></span> <span class='ocrx_word' id='word_1_177' title='bbox 949 1517 1024 1557; x_wconf 82' lang='lat' dir='ltr'><strong>XV,</strong></span> <span class='ocrx_word' id='word_1_178' title='bbox 1048 1517 1081 1550; x_wconf 94' lang='lat'><strong>1.</strong></span> <span class='ocrx_word' id='word_1_179' title='bbox 1105 1530 1139 1562; x_wconf 89' lang='lat' dir='ltr'><strong>p.</strong></span> <span class='ocrx_word' id='word_1_180' title='bbox 1161 1517 1218 1561; x_wconf 84' lang='lat'><strong>93,</strong></span> <span class='ocrx_word' id='word_1_181' title='bbox 1241 1519 1322 1553; x_wconf 88' lang='lat' dir='ltr'><strong>coll.</strong></span> <span class='ocrx_word' id='word_1_182' title='bbox 1342 1519 1446 1554; x_wconf 89' lang='lat' dir='ltr'>XCV.</span> 
     </span>
     <span class='ocr_line' id='line_1_20' title="bbox 55 1577 1446 1623; baseline 0.002 -11"><span class='ocrx_word' id='word_1_183' title='bbox 55 1579 88 1613; x_wconf 93' lang='grc'><strong>1.</strong></span> <span class='ocrx_word' id='word_1_184' title='bbox 105 1597 150 1604; x_wconf 91' lang='grc'>-</span> <span class='ocrx_word' id='word_1_185' title='bbox 180 1579 376 1612; x_wconf 80' lang='lat' dir='ltr'><strong>Volentibus</strong></span> <span class='ocrx_word' id='word_1_186' title='bbox 394 1579 516 1613; x_wconf 89' lang='lat' dir='ltr'><strong>eodem</strong></span> <span class='ocrx_word' id='word_1_187' title='bbox 535 1579 640 1612; x_wconf 91' lang='lat' dir='ltr'><strong>modo</strong></span> <span class='ocrx_word' id='word_1_188' title='bbox 664 1577 850 1621; x_wconf 79' lang='lat' dir='ltr'><strong>respondet</strong></span> <span class='ocrx_word' id='word_1_189' title='bbox 869 1577 1007 1620; x_wconf 79' lang='lat' dir='ltr'><strong>coactis,</strong></span> <span class='ocrx_word' id='word_1_190' title='bbox 1034 1580 1072 1611; x_wconf 90' lang='lat' dir='ltr'><strong>ut</strong></span> <span class='ocrx_word' id='word_1_191' title='bbox 1092 1589 1199 1622; x_wconf 83' lang='lat' dir='ltr'><strong>supra</strong></span> <span class='ocrx_word' id='word_1_192' title='bbox 1222 1580 1268 1614; x_wconf 85' lang='lat' dir='ltr'><strong>ad</strong></span> <span class='ocrx_word' id='word_1_193' title='bbox 1291 1592 1322 1615; x_wconf 86' lang='lat' dir='ltr'><strong>c.</strong></span> <span class='ocrx_word' id='word_1_194' title='bbox 1350 1581 1446 1623; x_wconf 79' lang='lat' dir='ltr'><strong>xm,</strong></span> 
     </span>
     <span class='ocr_line' id='line_1_21' title="bbox 53 1634 945 1683; baseline 0.002 -12"><span class='ocrx_word' id='word_1_195' title='bbox 53 1638 87 1671; x_wconf 88' lang='grc'><strong>2.</strong></span> <span class='ocrx_word' id='word_1_196' title='bbox 110 1651 144 1683; x_wconf 86' lang='lat' dir='ltr'><strong>p.</strong></span> <span class='ocrx_word' id='word_1_197' title='bbox 168 1639 226 1673; x_wconf 83' lang='lat'><strong>66.</strong></span> <span class='ocrx_word' id='word_1_198' title='bbox 251 1641 430 1673; x_wconf 79' lang='lat' dir='ltr'><strong>voluntate</strong></span> <span class='ocrx_word' id='word_1_199' title='bbox 453 1643 488 1672; x_wconf 91' lang='lat' dir='ltr'><strong>et</strong></span> <span class='ocrx_word' id='word_1_200' title='bbox 510 1640 546 1672; x_wconf 85' lang='lat' dir='ltr'><strong>vi</strong></span> <span class='ocrx_word' id='word_1_201' title='bbox 569 1638 698 1682; x_wconf 90' lang='lat' dir='ltr'><strong>opponi</strong></span> <span class='ocrx_word' id='word_1_202' title='bbox 722 1634 945 1673; x_wconf 76' lang='lat' dir='ltr'><strong>ostendimus-</strong></span> 
     </span>
    </p>

    <p class='ocr_par' dir='ltr' id='par_1_5' title="bbox 45 1696 1444 2775">
     <span class='ocr_line' id='line_1_22' title="bbox 145 1696 1443 1745; baseline 0.001 -11"><span class='ocrx_word' id='word_1_203' title='bbox 145 1703 177 1743; x_wconf 69' lang='grc' dir='ltr'><strong>ἓ.</strong></span> <span class='ocrx_word' id='word_1_204' title='bbox 203 1700 238 1737; x_wconf 76' lang='grc'><strong>7.</strong></span> <span class='ocrx_word' id='word_1_205' title='bbox 286 1700 378 1745; x_wconf 82' lang='lat' dir='ltr'><strong>quod</strong></span> <span class='ocrx_word' id='word_1_206' title='bbox 413 1700 547 1744; x_wconf 84' lang='lat' dir='ltr'><strong>procul]</strong></span> <span class='ocrx_word' id='word_1_207' title='bbox 596 1700 666 1733; x_wconf 86' lang='lat' dir='ltr'><strong>Pro</strong></span> <span class='ocrx_word' id='word_1_208' title='bbox 700 1699 791 1743; x_wconf 81' lang='lat' dir='ltr'><strong>quod</strong></span> <span class='ocrx_word' id='word_1_209' title='bbox 824 1696 981 1732; x_wconf 67' lang='lat' dir='ltr'><strong>nonnulli</strong></span> <span class='ocrx_word' id='word_1_210' title='bbox 1014 1698 1112 1734; x_wconf 86' lang='lat' dir='ltr'><strong>codd.</strong></span> <span class='ocrx_word' id='word_1_211' title='bbox 1137 1699 1266 1742; x_wconf 78' lang='lat' dir='ltr'><strong>Cottii,</strong></span> <span class='ocrx_word' id='word_1_212' title='bbox 1299 1701 1381 1736; x_wconf 83' lang='lat' dir='ltr'><strong>Bas.</strong></span> <span class='ocrx_word' id='word_1_213' title='bbox 1410 1701 1443 1735; x_wconf 86' lang='lat' dir='ltr'><strong>l·.</strong></span> 
     </span>
     <span class='ocr_line' id='line_1_23' title="bbox 52 1758 1444 1805; baseline 0 -10"><span class='ocrx_word' id='word_1_214' title='bbox 52 1761 157 1795; x_wconf 81' lang='lat' dir='ltr'><strong>Rern.</strong></span> <span class='ocrx_word' id='word_1_215' title='bbox 180 1760 214 1794; x_wconf 83' lang='lat'><strong>3.</strong></span> <span class='ocrx_word' id='word_1_216' title='bbox 239 1760 273 1794; x_wconf 76' lang='lat'><strong>4.</strong></span> <span class='ocrx_word' id='word_1_217' title='bbox 297 1760 409 1795; x_wconf 84' lang='lat' dir='ltr'><strong>Paris.</strong></span> <span class='ocrx_word' id='word_1_218' title='bbox 432 1761 467 1796; x_wconf 90' lang='lat' dir='ltr'><strong>b.</strong></span> <span class='ocrx_word' id='word_1_219' title='bbox 492 1760 610 1793; x_wconf 86' lang='lat' dir='ltr'><strong>Goerl.</strong></span> <span class='ocrx_word' id='word_1_220' title='bbox 635 1759 740 1794; x_wconf 85' lang='lat' dir='ltr'><strong>Misn.</strong></span> <span class='ocrx_word' id='word_1_221' title='bbox 765 1758 881 1793; x_wconf 88' lang='lat' dir='ltr'><strong>Berol.</strong></span> <span class='ocrx_word' id='word_1_222' title='bbox 908 1759 939 1792; x_wconf 87' lang='lat' dir='ltr'><strong>l.</strong></span> <span class='ocrx_word' id='word_1_223' title='bbox 960 1761 994 1792; x_wconf 84' lang='lat' dir='ltr'><strong>et</strong></span> <span class='ocrx_word' id='word_1_224' title='bbox 1012 1758 1159 1793; x_wconf 80' lang='lat' dir='ltr'><strong>Tauria.</strong></span> <span class='ocrx_word' id='word_1_225' title='bbox 1178 1761 1311 1795; x_wconf 87' lang='lat' dir='ltr'><strong>habent</strong></span> <span class='ocrx_word' id='word_1_226' title='bbox 1335 1762 1444 1805; x_wconf 83' lang='lat' dir='ltr'><strong>quia</strong></span> 
     </span>
     <span class='ocr_line' id='line_1_24' title="bbox 49 1818 1441 1867; baseline -0.001 -11"><span class='ocrx_word' id='word_1_227' title='bbox 49 1833 116 1867; x_wconf 65' lang='lat' dir='ltr'><strong>pr„</strong></span> <span class='ocrx_word' id='word_1_228' title='bbox 142 1821 339 1866; x_wconf 85' lang='lat' dir='ltr'><strong>pariterque</strong></span> <span class='ocrx_word' id='word_1_229' title='bbox 361 1822 478 1856; x_wconf 87' lang='lat' dir='ltr'><strong>statim</strong></span> <span class='ocrx_word' id='word_1_230' title='bbox 504 1824 582 1865; x_wconf 85' lang='lat' dir='ltr'><strong>post</strong></span> <span class='ocrx_word' id='word_1_231' title='bbox 603 1832 667 1865; x_wconf 88' lang='lat' dir='ltr'><strong>pro</strong></span> <span class='ocrx_word' id='word_1_232' title='bbox 692 1821 771 1855; x_wconf 82' lang='lat' dir='ltr'><strong>dein</strong></span> <span class='ocrx_word' id='word_1_233' title='bbox 796 1819 910 1864; x_wconf 80' lang='lat' dir='ltr'><strong>quod</strong></span> <span class='ocrx_word' id='word_1_234' title='bbox 940 1818 976 1851; x_wconf 84' lang='lat' dir='ltr'><strong>in</strong></span> <span class='ocrx_word' id='word_1_235' title='bbox 1001 1819 1077 1853; x_wconf 75' lang='lat' dir='ltr'><strong>vat.</strong></span> <span class='ocrx_word' id='word_1_236' title='bbox 1104 1820 1148 1853; x_wconf 82' lang='lat' dir='ltr'><strong>A.</strong></span> <span class='ocrx_word' id='word_1_237' title='bbox 1171 1821 1252 1855; x_wconf 84' lang='lat' dir='ltr'><strong>Bas.</strong></span> <span class='ocrx_word' id='word_1_238' title='bbox 1277 1822 1310 1854; x_wconf 91' lang='lat'><strong>1.</strong></span> <span class='ocrx_word' id='word_1_239' title='bbox 1335 1822 1441 1855; x_wconf 88' lang='lat' dir='ltr'><strong>Bern.</strong></span> 
     </span>
     <span class='ocr_line' id='line_1_25' title="bbox 51 1879 1442 1928; baseline 0.001 -12"><span class='ocrx_word' id='word_1_240' title='bbox 51 1881 84 1917; x_wconf 85' lang='grc'><strong>4.</strong></span> <span class='ocrx_word' id='word_1_241' title='bbox 107 1882 219 1916; x_wconf 85' lang='lat' dir='ltr'><strong>Paris.</strong></span> <span class='ocrx_word' id='word_1_242' title='bbox 244 1882 278 1915; x_wconf 92' lang='lat' dir='ltr'><strong>b.</strong></span> <span class='ocrx_word' id='word_1_243' title='bbox 304 1894 334 1916; x_wconf 87' lang='lat' dir='ltr'><strong>z.</strong></span> <span class='ocrx_word' id='word_1_244' title='bbox 358 1883 477 1916; x_wconf 87' lang='lat' dir='ltr'><strong>Berol.</strong></span> <span class='ocrx_word' id='word_1_245' title='bbox 503 1882 535 1916; x_wconf 90' lang='lat'><strong>1.</strong></span> <span class='ocrx_word' id='word_1_246' title='bbox 561 1882 680 1915; x_wconf 88' lang='lat' dir='ltr'><strong>Goerl.</strong></span> <span class='ocrx_word' id='word_1_247' title='bbox 706 1884 740 1915; x_wconf 89' lang='lat' dir='ltr'><strong>et</strong></span> <span class='ocrx_word' id='word_1_248' title='bbox 772 1880 876 1914; x_wconf 82' lang='lat' dir='ltr'><strong>Misn.</strong></span> <span class='ocrx_word' id='word_1_249' title='bbox 901 1882 953 1912; x_wconf 85' lang='lat' dir='ltr'><strong>est</strong></span> <span class='ocrx_word' id='word_1_250' title='bbox 975 1879 1056 1913; x_wconf 81' lang='lat' dir='ltr'><strong>dein</strong></span> <span class='ocrx_word' id='word_1_251' title='bbox 1080 1881 1202 1924; x_wconf 80' lang='lat' dir='ltr'><strong>quia3</strong></span> <span class='ocrx_word' id='word_1_252' title='bbox 1227 1882 1286 1915; x_wconf 90' lang='lat' dir='ltr'><strong>sed</strong></span> <span class='ocrx_word' id='word_1_253' title='bbox 1311 1883 1442 1928; x_wconf 80' lang='lat' dir='ltr'><strong>vulga-</strong></span> 
     </span>
     <span class='ocr_line' id='line_1_26' title="bbox 49 1940 1439 1985; baseline -0.001 -8"><span class='ocrx_word' id='word_1_254' title='bbox 49 1949 123 1978; x_wconf 86' lang='lat' dir='ltr'><strong>tam</strong></span> <span class='ocrx_word' id='word_1_255' title='bbox 152 1955 222 1976; x_wconf 89' lang='lat' dir='ltr'><strong>non</strong></span> <span class='ocrx_word' id='word_1_256' title='bbox 252 1954 325 1976; x_wconf 86' lang='lat' dir='ltr'><strong>esse</strong></span> <span class='ocrx_word' id='word_1_257' title='bbox 356 1942 614 1976; x_wconf 85' lang='lat' dir='ltr'><strong>sollicitandam</strong></span> <span class='ocrx_word' id='word_1_258' title='bbox 648 1942 798 1985; x_wconf 83' lang='lat' dir='ltr'><strong>probant</strong></span> <span class='ocrx_word' id='word_1_259' title='bbox 831 1943 996 1974; x_wconf 84' lang='lat' dir='ltr'><strong>annotata</strong></span> <span class='ocrx_word' id='word_1_260' title='bbox 1032 1940 1075 1973; x_wconf 88' lang='lat' dir='ltr'><strong>ad</strong></span> <span class='ocrx_word' id='word_1_261' title='bbox 1109 1952 1138 1973; x_wconf 89' lang='lat' dir='ltr'><strong>c.</strong></span> <span class='ocrx_word' id='word_1_262' title='bbox 1163 1942 1304 1981; x_wconf 73' lang='lat' dir='ltr'><strong>Lxxx,</strong></span> <span class='ocrx_word' id='word_1_263' title='bbox 1329 1941 1363 1978; x_wconf 83' lang='lat'><strong>6.</strong></span> <span class='ocrx_word' id='word_1_264' title='bbox 1393 1962 1439 1967; x_wconf 92' lang='lat'><strong>—</strong></span> 
     </span>
     <span class='ocr_line' id='line_1_27' title="bbox 53 1999 1441 2046; baseline 0 -9"><span class='ocrx_word' id='word_1_265' title='bbox 53 2004 214 2037; x_wconf 80' lang='lat' dir='ltr'><strong>Parentis</strong></span> <span class='ocrx_word' id='word_1_266' title='bbox 236 2003 328 2046; x_wconf 84' lang='lat' dir='ltr'><strong>expl.</strong></span> <span class='ocrx_word' id='word_1_267' title='bbox 351 2014 458 2046; x_wconf 83' lang='lat' dir='ltr'><strong>supra</strong></span> <span class='ocrx_word' id='word_1_268' title='bbox 482 2003 526 2037; x_wconf 80' lang='lat' dir='ltr'><strong>ad</strong></span> <span class='ocrx_word' id='word_1_269' title='bbox 551 2013 579 2035; x_wconf 91' lang='lat' dir='ltr'><strong>c.</strong></span> <span class='ocrx_word' id='word_1_270' title='bbox 604 2002 666 2042; x_wconf 90' lang='lat'>111,</span> <span class='ocrx_word' id='word_1_271' title='bbox 690 2001 724 2034; x_wconf 82' lang='lat'><strong>2.</strong></span> <span class='ocrx_word' id='word_1_272' title='bbox 750 2013 784 2045; x_wconf 89' lang='lat' dir='ltr'><strong>p.</strong></span> <span class='ocrx_word' id='word_1_273' title='bbox 808 2000 864 2034; x_wconf 84' lang='lat'><strong>16.</strong></span> <span class='ocrx_word' id='word_1_274' title='bbox 890 2019 934 2024; x_wconf 90' lang='lat'><strong>—</strong></span> <span class='ocrx_word' id='word_1_275' title='bbox 967 1999 1113 2034; x_wconf 80' lang='lat' dir='ltr'><strong>Abunde</strong></span> <span class='ocrx_word' id='word_1_276' title='bbox 1136 2001 1274 2036; x_wconf 84' lang='lat' dir='ltr'><strong>Cortius</strong></span> <span class='ocrx_word' id='word_1_277' title='bbox 1299 2006 1441 2037; x_wconf 83' lang='lat' dir='ltr'><strong>conten-</strong></span> 
     </span>
     <span class='ocr_line' id='line_1_28' title="bbox 49 2061 1438 2108; baseline 0 -10"><span class='ocrx_word' id='word_1_278' title='bbox 49 2064 99 2099; x_wconf 89' lang='lat' dir='ltr'><strong>dit</strong></span> <span class='ocrx_word' id='word_1_279' title='bbox 123 2064 276 2108; x_wconf 85' lang='lat' dir='ltr'><strong>positum</strong></span> <span class='ocrx_word' id='word_1_280' title='bbox 299 2075 375 2098; x_wconf 83' lang='lat' dir='ltr'><strong>esse</strong></span> <span class='ocrx_word' id='word_1_281' title='bbox 398 2068 437 2099; x_wconf 87' lang='lat' dir='ltr'><strong>ut</strong></span> <span class='ocrx_word' id='word_1_282' title='bbox 456 2075 601 2104; x_wconf 86' lang='lat' dir='ltr'><strong>nomen,</strong></span> <span class='ocrx_word' id='word_1_283' title='bbox 627 2062 718 2105; x_wconf 89' lang='lat' dir='ltr'><strong>quod</strong></span> <span class='ocrx_word' id='word_1_284' title='bbox 742 2072 865 2094; x_wconf 70' lang='lat' dir='ltr'><strong>verum</strong></span> <span class='ocrx_word' id='word_1_285' title='bbox 889 2064 997 2103; x_wconf 82' lang='lat' dir='ltr'><strong>esset,</strong></span> <span class='ocrx_word' id='word_1_286' title='bbox 1021 2061 1050 2094; x_wconf 85' lang='lat' dir='ltr'><strong>si</strong></span> <span class='ocrx_word' id='word_1_287' title='bbox 1073 2061 1267 2105; x_wconf 84' lang='lat' dir='ltr'><strong>genitivum</strong></span> <span class='ocrx_word' id='word_1_288' title='bbox 1289 2067 1438 2107; x_wconf 82' lang='lat' dir='ltr'><strong>regeret.</strong></span> 
     </span>
     <span class='ocr_line' id='line_1_29' title="bbox 49 2122 1438 2169; baseline -0.003 -9"><span class='ocrx_word' id='word_1_289' title='bbox 49 2125 119 2160; x_wconf 80' lang='lat' dir='ltr'><strong>Hic</strong></span> <span class='ocrx_word' id='word_1_290' title='bbox 143 2123 347 2158; x_wconf 82' lang='lat' dir='ltr'><strong>adverbium</strong></span> <span class='ocrx_word' id='word_1_291' title='bbox 372 2130 444 2167; x_wconf 85' lang='lat' dir='ltr'><strong>est,</strong></span> <span class='ocrx_word' id='word_1_292' title='bbox 477 2125 567 2169; x_wconf 87' lang='lat' dir='ltr'><strong>quod</strong></span> <span class='ocrx_word' id='word_1_293' title='bbox 599 2123 788 2157; x_wconf 86' lang='lat' dir='ltr'><strong>vernacula</strong></span> <span class='ocrx_word' id='word_1_294' title='bbox 811 2122 934 2156; x_wconf 87' lang='lat' dir='ltr'><strong>reddas</strong></span> <span class='ocrx_word' id='word_1_295' title='bbox 958 2123 994 2156; x_wconf 81' lang='lat' dir='ltr'><strong>in</strong></span> <span class='ocrx_word' id='word_1_296' title='bbox 1018 2123 1281 2168; x_wconf 63' lang='lat' dir='ltr'><strong>iiberfliissigem</strong></span> <span class='ocrx_word' id='word_1_297' title='bbox 1310 2122 1438 2156; x_wconf 71' lang='lat' dir='ltr'><strong>Messe.</strong></span> 
     </span>
     <span class='ocr_line' id='line_1_30' title="bbox 49 2182 1436 2229; baseline -0.003 -9"><span class='ocrx_word' id='word_1_298' title='bbox 49 2186 95 2220; x_wconf 77' lang='lat' dir='ltr'><strong>cf.</strong></span> <span class='ocrx_word' id='word_1_299' title='bbox 129 2185 245 2219; x_wconf 85' lang='lat' dir='ltr'><strong>Hand.</strong></span> <span class='ocrx_word' id='word_1_300' title='bbox 278 2185 320 2218; x_wconf 87' lang='lat' dir='ltr'><strong>de</strong></span> <span class='ocrx_word' id='word_1_301' title='bbox 352 2182 503 2217; x_wconf 69' lang='lat' dir='ltr'><strong>Partica.</strong></span> <span class='ocrx_word' id='word_1_302' title='bbox 538 2183 615 2218; x_wconf 83' lang='lat' dir='ltr'><strong>Lat.</strong></span> <span class='ocrx_word' id='word_1_303' title='bbox 650 2185 728 2218; x_wconf 85' lang='lat' dir='ltr'><strong>Vol.</strong></span> <span class='ocrx_word' id='word_1_304' title='bbox 755 2185 782 2218; x_wconf 92' lang='grc' dir='ltr'><strong>Ι.</strong></span> <span class='ocrx_word' id='word_1_305' title='bbox 807 2195 840 2227; x_wconf 88' lang='lat' dir='ltr'><strong>p.</strong></span> <span class='ocrx_word' id='word_1_306' title='bbox 865 2183 922 2217; x_wconf 80' lang='lat'><strong>72.</strong></span> <span class='ocrx_word' id='word_1_307' title='bbox 946 2184 1094 2229; x_wconf 86' lang='lat' dir='ltr'><strong>Fragm.</strong></span> <span class='ocrx_word' id='word_1_308' title='bbox 1118 2184 1271 2218; x_wconf 84' lang='lat' dir='ltr'><strong>Historr.</strong></span> <span class='ocrx_word' id='word_1_309' title='bbox 1295 2183 1356 2224; x_wconf 85' lang='lat'>111,</span> <span class='ocrx_word' id='word_1_310' title='bbox 1379 2182 1436 2224; x_wconf 80' lang='lat'><strong>22,</strong></span> 
     </span>
     <span class='ocr_line' id='line_1_31' title="bbox 46 2244 1436 2289; baseline -0.002 -8"><span class='ocrx_word' id='word_1_311' title='bbox 46 2246 104 2281; x_wconf 81' lang='lat'><strong>26.</strong></span> <span class='ocrx_word' id='word_1_312' title='bbox 154 2247 286 2280; x_wconf 84' lang='lat' dir='ltr'><strong>Cuncta</strong></span> <span class='ocrx_word' id='word_1_313' title='bbox 317 2245 500 2288; x_wconf 79' lang='lat' dir='ltr'><strong>mutastis,</strong></span> <span class='ocrx_word' id='word_1_314' title='bbox 538 2245 715 2279; x_wconf 82' lang='lat' dir='ltr'><strong>abunde</strong></span> <span class='ocrx_word' id='word_1_315' title='bbox 746 2245 1020 2278; x_wconf 76' lang='lat' dir='ltr'><strong>libertatem</strong></span> <span class='ocrx_word' id='word_1_316' title='bbox 1055 2245 1172 2288; x_wconf 80' lang='lat' dir='ltr'><strong>rati,</strong></span> <span class='ocrx_word' id='word_1_317' title='bbox 1210 2244 1292 2289; x_wconf 81' lang='lat' dir='ltr'><strong>quia</strong></span> <span class='ocrx_word' id='word_1_318' title='bbox 1325 2244 1436 2289; x_wconf 77' lang='lat' dir='ltr'><strong>tergis</strong></span> 
     </span>
     <span class='ocr_line' id='line_1_32' title="bbox 48 2303 1433 2349; baseline -0.001 -9"><span class='ocrx_word' id='word_1_319' title='bbox 48 2308 254 2341; x_wconf 79' lang='lat' dir='ltr'><strong>abstinetur.</strong></span> <span class='ocrx_word' id='word_1_320' title='bbox 302 2307 357 2340; x_wconf 87' lang='lat' dir='ltr'><strong>De</strong></span> <span class='ocrx_word' id='word_1_321' title='bbox 389 2305 465 2349; x_wconf 85' lang='lat' dir='ltr'><strong>pari</strong></span> <span class='ocrx_word' id='word_1_322' title='bbox 498 2317 562 2339; x_wconf 78' lang='lat' dir='ltr'><strong>usu</strong></span> <span class='ocrx_word' id='word_1_323' title='bbox 597 2308 684 2340; x_wconf 78' lang='lat' dir='ltr'><strong>satis</strong></span> <span class='ocrx_word' id='word_1_324' title='bbox 717 2305 880 2339; x_wconf 75' lang='lat' dir='ltr'><strong>vocabuli</strong></span> <span class='ocrx_word' id='word_1_325' title='bbox 915 2305 1102 2348; x_wconf 78' lang='lat' dir='ltr'><strong>disputavit</strong></span> <span class='ocrx_word' id='word_1_326' title='bbox 1133 2306 1179 2341; x_wconf 84' lang='lat' dir='ltr'><strong>R.</strong></span> <span class='ocrx_word' id='word_1_327' title='bbox 1216 2303 1376 2338; x_wconf 82' lang='lat' dir='ltr'><strong>Klotzius</strong></span> <span class='ocrx_word' id='word_1_328' title='bbox 1397 2303 1433 2338; x_wconf 88' lang='lat' dir='ltr'><strong>in</strong></span> 
     </span>
     <span class='ocr_line' id='line_1_33' title="bbox 47 2365 1432 2409; baseline -0.001 -8"><span class='ocrx_word' id='word_1_329' title='bbox 47 2367 160 2401; x_wconf 81' lang='lat' dir='ltr'><strong>lahnii</strong></span> <span class='ocrx_word' id='word_1_330' title='bbox 185 2366 292 2400; x_wconf 62' lang='lat' dir='ltr'><strong>«Novis</strong></span> <span class='ocrx_word' id='word_1_331' title='bbox 316 2367 455 2402; x_wconf 81' lang='lat' dir='ltr'><strong>Annall.</strong></span> <span class='ocrx_word' id='word_1_332' title='bbox 479 2366 573 2399; x_wconf 89' lang='lat' dir='ltr'><strong>Phil.</strong></span> <span class='ocrx_word' id='word_1_333' title='bbox 605 2371 639 2400; x_wconf 90' lang='lat' dir='ltr'><strong>et</strong></span> <span class='ocrx_word' id='word_1_334' title='bbox 675 2367 781 2400; x_wconf 87' lang='lat' dir='ltr'><strong>Paed.</strong></span> <span class='ocrx_word' id='word_1_335' title='bbox 813 2377 846 2400; x_wconf 85' lang='lat' dir='ltr'><strong>a.</strong></span> <span class='ocrx_word' id='word_1_336' title='bbox 871 2365 973 2400; x_wconf 80' lang='lat'>1833.</span> <span class='ocrx_word' id='word_1_337' title='bbox 998 2367 1074 2399; x_wconf 71' lang='lat' dir='ltr'><strong>Vol.</strong></span> <span class='ocrx_word' id='word_1_338' title='bbox 1101 2366 1191 2399; x_wconf 70' lang='lat' dir='ltr'><strong>vm.</strong></span> <span class='ocrx_word' id='word_1_339' title='bbox 1217 2365 1318 2399; x_wconf 84' lang='lat' dir='ltr'><strong>Fasc.</strong></span> <span class='ocrx_word' id='word_1_340' title='bbox 1341 2365 1368 2398; x_wconf 85' lang='lat' dir='ltr'><strong>J.</strong></span> <span class='ocrx_word' id='word_1_341' title='bbox 1397 2377 1432 2409; x_wconf 89' lang='lat' dir='ltr'><strong>p.</strong></span> 
     </span>
     <span class='ocr_line' id='line_1_34' title="bbox 47 2425 1432 2470; baseline -0.003 -8"><span class='ocrx_word' id='word_1_342' title='bbox 47 2428 102 2462; x_wconf 83' lang='lat'><strong>16.</strong></span> <span class='ocrx_word' id='word_1_343' title='bbox 132 2428 234 2460; x_wconf 81' lang='lat' dir='ltr'><strong>Auct.</strong></span> <span class='ocrx_word' id='word_1_344' title='bbox 259 2427 303 2460; x_wconf 85' lang='lat' dir='ltr'><strong>ad</strong></span> <span class='ocrx_word' id='word_1_345' title='bbox 328 2428 478 2460; x_wconf 83' lang='lat' dir='ltr'><strong>Herenn.</strong></span> <span class='ocrx_word' id='word_1_346' title='bbox 504 2427 532 2468; x_wconf 90' lang='grc' dir='ltr'><strong>Ι,</strong></span> <span class='ocrx_word' id='word_1_347' title='bbox 557 2427 590 2467; x_wconf 90' lang='grc'><strong>1,</strong></span> <span class='ocrx_word' id='word_1_348' title='bbox 615 2427 649 2461; x_wconf 95' lang='grc'><strong>1.</strong></span> <span class='ocrx_word' id='word_1_349' title='bbox 698 2428 776 2461; x_wconf 77' lang='lat' dir='ltr'><strong>Etsi</strong></span> <span class='ocrx_word' id='word_1_350' title='bbox 809 2427 865 2460; x_wconf 77' lang='lat' dir='ltr'><strong>vix</strong></span> <span class='ocrx_word' id='word_1_351' title='bbox 899 2427 1014 2460; x_wconf 79' lang='lat' dir='ltr'><strong>satis</strong></span> <span class='ocrx_word' id='word_1_352' title='bbox 1039 2427 1177 2460; x_wconf 84' lang='lat' dir='ltr'><strong>otium</strong></span> <span class='ocrx_word' id='word_1_353' title='bbox 1200 2425 1313 2459; x_wconf 79' lang='lat' dir='ltr'><strong>studio</strong></span> <span class='ocrx_word' id='word_1_354' title='bbox 1337 2436 1432 2470; x_wconf 80' lang='lat' dir='ltr'><strong>sup-</strong></span> 
     </span>
     <span class='ocr_line' id='line_1_35' title="bbox 46 2485 1430 2532; baseline -0.001 -11"><span class='ocrx_word' id='word_1_355' title='bbox 46 2488 263 2532; x_wconf 78' lang='lat' dir='ltr'><strong>peditare</strong></span> <span class='ocrx_word' id='word_1_356' title='bbox 286 2499 475 2531; x_wconf 85' lang='lat' dir='ltr'><strong>possumus.</strong></span> <span class='ocrx_word' id='word_1_357' title='bbox 501 2487 572 2521; x_wconf 81' lang='lat' dir='ltr'><strong>Cic.</strong></span> <span class='ocrx_word' id='word_1_358' title='bbox 599 2489 686 2531; x_wconf 88' lang='lat' dir='ltr'><strong>Epp.</strong></span> <span class='ocrx_word' id='word_1_359' title='bbox 712 2488 756 2521; x_wconf 88' lang='lat' dir='ltr'><strong>ad</strong></span> <span class='ocrx_word' id='word_1_360' title='bbox 780 2487 883 2522; x_wconf 85' lang='lat' dir='ltr'><strong>Attic.</strong></span> <span class='ocrx_word' id='word_1_361' title='bbox 908 2488 996 2528; x_wconf 68' lang='grc' dir='ltr'><strong>ΧΠ,</strong></span> <span class='ocrx_word' id='word_1_362' title='bbox 1020 2485 1075 2521; x_wconf 88' lang='lat'><strong>15.</strong></span> <span class='ocrx_word' id='word_1_363' title='bbox 1125 2487 1164 2521; x_wconf 78' lang='lat' dir='ltr'><strong>Si</strong></span> <span class='ocrx_word' id='word_1_364' title='bbox 1186 2487 1309 2521; x_wconf 74' lang='lat' dir='ltr'><strong>satis</strong></span> <span class='ocrx_word' id='word_1_365' title='bbox 1334 2498 1430 2520; x_wconf 87' lang='lat' dir='ltr'><strong>con·</strong></span> 
     </span>
     <span class='ocr_line' id='line_1_36' title="bbox 47 2546 1427 2593; baseline -0.001 -11"><span class='ocrx_word' id='word_1_366' title='bbox 47 2550 205 2582; x_wconf 78' lang='lat' dir='ltr'><strong>silium</strong></span> <span class='ocrx_word' id='word_1_367' title='bbox 228 2549 382 2593; x_wconf 78' lang='lat' dir='ltr'><strong>quadam</strong></span> <span class='ocrx_word' id='word_1_368' title='bbox 418 2549 461 2581; x_wconf 85' lang='lat' dir='ltr'><strong>de</strong></span> <span class='ocrx_word' id='word_1_369' title='bbox 493 2560 531 2581; x_wconf 86' lang='lat' dir='ltr'><strong>rc</strong></span> <span class='ocrx_word' id='word_1_370' title='bbox 565 2549 784 2582; x_wconf 80' lang='lat' dir='ltr'><strong>haberem.</strong></span> <span class='ocrx_word' id='word_1_371' title='bbox 816 2568 858 2572; x_wconf 92' lang='grc'><strong>--</strong></span> <span class='ocrx_word' id='word_1_372' title='bbox 899 2547 980 2580; x_wconf 84' lang='lat' dir='ltr'><strong>Fuit</strong></span> <span class='ocrx_word' id='word_1_373' title='bbox 1012 2550 1091 2590; x_wconf 86' lang='lat' dir='ltr'><strong>post</strong></span> <span class='ocrx_word' id='word_1_374' title='bbox 1124 2548 1210 2581; x_wconf 81' lang='lat' dir='ltr'><strong>satis</strong></span> <span class='ocrx_word' id='word_1_375' title='bbox 1240 2547 1275 2581; x_wconf 88' lang='lat' dir='ltr'><strong>in</strong></span> <span class='ocrx_word' id='word_1_376' title='bbox 1309 2546 1427 2581; x_wconf 80' lang='lat' dir='ltr'><strong>Struv.</strong></span> 
     </span>
     <span class='ocr_line' id='line_1_37' title="bbox 48 2607 1428 2650; baseline -0.002 -8"><span class='ocrx_word' id='word_1_377' title='bbox 48 2611 141 2644; x_wconf 55' lang='lat' dir='ltr'><strong>irat.</strong></span> <span class='ocrx_word' id='word_1_378' title='bbox 164 2610 198 2643; x_wconf 77' lang='lat'><em>2’..</em></span> <span class='ocrx_word' id='word_1_379' title='bbox 225 2609 371 2643; x_wconf 87' lang='lat' dir='ltr'><strong>Eccard.</strong></span> <span class='ocrx_word' id='word_1_380' title='bbox 396 2614 432 2643; x_wconf 89' lang='lat' dir='ltr'><strong>et</strong></span> <span class='ocrx_word' id='word_1_381' title='bbox 459 2609 573 2642; x_wconf 81' lang='lat' dir='ltr'><strong>Guelf.</strong></span> <span class='ocrx_word' id='word_1_382' title='bbox 599 2608 633 2641; x_wconf 80' lang='lat'><strong>7.</strong></span> <span class='ocrx_word' id='word_1_383' title='bbox 660 2612 914 2642; x_wconf 83' lang='lat' dir='ltr'><strong>commutatum</strong></span> <span class='ocrx_word' id='word_1_384' title='bbox 939 2607 1109 2650; x_wconf 73' lang='lat' dir='ltr'><strong>reperitur</strong></span> <span class='ocrx_word' id='word_1_385' title='bbox 1131 2619 1211 2641; x_wconf 90' lang='lat' dir='ltr'><strong>cum</strong></span> <span class='ocrx_word' id='word_1_386' title='bbox 1235 2612 1287 2642; x_wconf 81' lang='lat' dir='ltr'><strong>est</strong></span> <span class='ocrx_word' id='word_1_387' title='bbox 1308 2607 1428 2647; x_wconf 85' lang='lat' dir='ltr'><strong>verbo,</strong></span> 
     </span>
     <span class='ocr_line' id='line_1_38' title="bbox 48 2667 1430 2713; baseline -0.002 -10"><span class='ocrx_word' id='word_1_388' title='bbox 48 2670 150 2713; x_wconf 79' lang='lat' dir='ltr'><strong>plane</strong></span> <span class='ocrx_word' id='word_1_389' title='bbox 174 2671 270 2704; x_wconf 80' lang='lat' dir='ltr'><strong>deest</strong></span> <span class='ocrx_word' id='word_1_390' title='bbox 294 2674 411 2704; x_wconf 83' lang='lat' dir='ltr'><strong>autem</strong></span> <span class='ocrx_word' id='word_1_391' title='bbox 437 2668 471 2701; x_wconf 91' lang='lat' dir='ltr'><strong>in</strong></span> <span class='ocrx_word' id='word_1_392' title='bbox 499 2669 615 2702; x_wconf 82' lang='lat' dir='ltr'><strong>Gueli&#39;.</strong></span> <span class='ocrx_word' id='word_1_393' title='bbox 641 2667 671 2701; x_wconf 72' lang='lat'><strong>4.</strong></span> <span class='ocrx_word' id='word_1_394' title='bbox 698 2673 732 2703; x_wconf 90' lang='lat' dir='ltr'><strong>et</strong></span> <span class='ocrx_word' id='word_1_395' title='bbox 754 2669 860 2712; x_wconf 69' lang='lat' dir='ltr'><strong>Neap.</strong></span> <span class='ocrx_word' id='word_1_396' title='bbox 885 2668 941 2710; x_wconf 69' lang='grc'><strong>4.,</strong></span> <span class='ocrx_word' id='word_1_397' title='bbox 978 2679 1048 2712; x_wconf 88' lang='lat' dir='ltr'><strong>qua</strong></span> <span class='ocrx_word' id='word_1_398' title='bbox 1073 2668 1200 2712; x_wconf 79' lang='lat' dir='ltr'><strong>exigua</strong></span> <span class='ocrx_word' id='word_1_399' title='bbox 1223 2667 1430 2702; x_wconf 82' lang='lat' dir='ltr'><strong>auctoritate</strong></span> 
     </span>
     <span class='ocr_line' id='line_1_39' title="bbox 45 2727 1431 2775; baseline -0.002 -11"><span class='ocrx_word' id='word_1_400' title='bbox 45 2729 183 2764; x_wconf 76' lang='lat' dir='ltr'><strong>Cottius</strong></span> <span class='ocrx_word' id='word_1_401' title='bbox 205 2730 342 2771; x_wconf 83' lang='lat' dir='ltr'><strong>delevit,</strong></span> <span class='ocrx_word' id='word_1_402' title='bbox 367 2729 482 2764; x_wconf 84' lang='lat' dir='ltr'><strong>minus</strong></span> <span class='ocrx_word' id='word_1_403' title='bbox 507 2729 625 2775; x_wconf 85' lang='lat' dir='ltr'><strong>etiam,</strong></span> <span class='ocrx_word' id='word_1_404' title='bbox 646 2740 749 2773; x_wconf 86' lang='lat' dir='ltr'><strong>quam</strong></span> <span class='ocrx_word' id='word_1_405' title='bbox 774 2729 826 2764; x_wconf 89' lang='lat' dir='ltr'><strong>illi</strong></span> <span class='ocrx_word' id='word_1_406' title='bbox 850 2728 997 2770; x_wconf 70' lang='lat' dir='ltr'><strong>scribae,</strong></span> <span class='ocrx_word' id='word_1_407' title='bbox 1015 2727 1076 2773; x_wconf 85' lang='lat' dir='ltr'><strong>qui</strong></span> <span class='ocrx_word' id='word_1_408' title='bbox 1099 2734 1147 2764; x_wconf 80' lang='lat' dir='ltr'><strong>est</strong></span> <span class='ocrx_word' id='word_1_409' title='bbox 1169 2728 1431 2767; x_wconf 79' lang='lat' dir='ltr'><strong>substituerunt,</strong></span> 
     </span>
    </p>
   </div>
  </div>
 </body>
</html>
