1630 3034
375 143 730 190 IUGURTHA.
787 142 1192 187 CARXXXVHI.
1383 145 1470 188 219
1528 209 1533 215 ¹

94 262 225 318 Quae
257 266 498 322 postquam
533 275 589 304 ex
623 260 835 304 sententia
864 260 1047 315 instruit,
1082 260 1351 319 intempesta
1383 259 1508 304 no··4

93 364 165 403 cte
195 358 253 403 de
285 359 525 418 improviso
556 356 834 403 multitudine
862 356 1156 402 Numidarum
1186 357 1289 402 Auli
1326 363 1470 400 castra

94 456 395 502 circumvenit.
464 455 631 498 Milites
666 454 881 510 Romani,
928 454 1122 514 perculsi
1166 454 1356 498 tumultu
1399 450 1506 498 in-5

95 553 239 607 solito,
274 568 396 597 arma
427 566 591 612 capere
621 551 708 610 alii,
744 551 816 595 alii
851 567 898 595 se
934 550 1116 607 abdere,
1151 567 1256 611 pars
1290 551 1469 596 territos

93 674 234 708 tando
259 674 315 706 ad
338 673 551 706 virtutem
576 672 792 717 arrigere.
841 672 1013 707 Similiter
1036 672 1072 706 h.
1093 672 1119 705 l.
1145 671 1261 706 verbis
1286 673 1471 708 exercitum

93 735 251 768 tentabat
272 734 444 767 adduntur
465 733 653 777 sequentia.
701 733 834 767 Partim
859 734 1050 778 particulae
1066 737 1183 768 autem
1199 734 1380 776 respondet
1396 734 1473 775 alii,

93 798 131 827 ut
155 805 184 827 c.
211 795 293 836 XL,
318 794 352 826 2.
377 794 575 835 LXXXIII,
597 793 630 827 3.
655 794 882 837 Lxxxvm,
906 796 962 837 1.;
997 795 1084 828 solet
1107 794 1200 828 enim
1224 794 1409 828 Sallustius
1436 795 1472 828 in

92 854 280 888 bimembri
304 859 500 905 punctura,
531 854 631 898 paria
662 856 834 888 vocabula
866 857 1080 899 postulante,
1114 855 1149 889 in
1180 855 1322 889 alterius
1355 856 1475 889 locum

93 914 201 948 aliam
226 915 431 957 dictionem,
462 916 521 949 sed
544 915 697 949 eiusdem
721 927 860 957 sensus,
887 917 1105 951 substituere.
1130 917 1175 951 cf.
1200 916 1279 950 Cat.
1305 916 1355 957 L,
1380 915 1413 949 1.
1436 926 1474 950 v.

93 975 200 1009 etiam
225 976 269 1008 ad
292 976 370 1020 lug.
394 977 581 1018 Lxxvnl,
603 977 639 1011 3.
662 976 880 1010 Constructio
903 981 1019 1011 autem
1043 976 1092 1011 ita
1116 977 1281 1021 procedit,
1305 981 1343 1011 ut
1365 977 1475 1011 verba

94 1037 148 1070 uti
183 1039 442 1082 transfugerent
474 1043 509 1072 et
541 1038 594 1072 uti
617 1038 813 1072 desererent
836 1049 878 1071 ex
900 1037 1103 1082 interposito
1127 1038 1299 1073 vocabulo
1323 1049 1475 1072 corrum-

91 1107 175 1142 pere
199 1097 380 1140 pendeant.
402 1118 449 1123 —
473 1098 610 1133 Locum.
634 1109 667 1133 v·
692 1097 736 1132 ad
760 1099 836 1132 Cat.
858 1099 920 1141 IX,
944 1100 977 1133 4.

186 1158 220 1199 §.
254 1156 288 1192 4.
334 1157 491 1201 instruit]
524 1159 577 1192 Ita
598 1158 681 1192 Bas.
705 1160 737 1194 1.
768 1159 872 1192 Fabr.
897 1159 930 1193 1.
961 1159 1042 1193 Sen.
1066 1158 1099 1194 1.
1131 1159 1226 1194 Leid.
1251 1159 1292 1194 L.
1324 1159 1415 1194 Tur.
1439 1159 1475 1195 1.

94 1216 186 1262 Teg.
211 1218 426 1262 plurimique
449 1218 510 1252 alii
534 1219 682 1261 habent3
713 1219 749 1252 in
772 1230 904 1264 magna
926 1223 1042 1254 tamen
1069 1220 1167 1254 codd.
1192 1224 1292 1264 parte
1314 1221 1477 1256 instruxit

94 1278 237 1324 legitur,
261 1280 352 1323 quod
376 1279 513 1314 Cottius
536 1283 629 1313 recte
650 1279 772 1314 scribis
796 1279 914 1313 deberi
937 1280 1088 1321 censuit,
1119 1280 1178 1324 qui
1201 1292 1362 1324 praesens
1380 1286 1477 1326 post-

95 1352 201 1385 quam
224 1341 416 1385 particulae
438 1351 506 1374 non
529 1339 712 1374 convenire
736 1345 924 1374 censerent.
949 1341 998 1375 cf.
1022 1341 1066 1374 ad
1090 1341 1195 1375 Catil.
1219 1341 1292 1384 XL,
1314 1340 1349 1375 3.
1373 1345 1408 1376 et
1431 1342 1475 1376 ad

95 1401 201 1443 LVII,
225 1400 258 1435 5.
282 1402 358 1446 lug.
384 1401 504 1444 LXVI,
529 1401 562 1435 1.
586 1401 742 1442 LXXVI,
764 1401 797 1434 6.
821 1401 979 1451 LXXIX,
1004 1401 1037 1435 6.
1063 1402 1203 1443 LXXX,
1226 1404 1261 1436 1.
1285 1403 1476 1446 LXXXIV,

97 1460 132 1495 5.
164 1462 360 1504 LXXXVI,
394 1461 429 1497 1.
472 1462 671 1496 Inconsulto
712 1461 822 1506 igitur
851 1461 1004 1507 Longius
1039 1462 1266 1506 praeteritum
1299 1464 1475 1507 praetulit.

97 1523 200 1566 Quod
223 1523 315 1556 enim
339 1522 423 1557 dicit
446 1534 607 1567 praesens
630 1533 698 1555 non
729 1523 859 1566 ubique
881 1522 1125 1557 intrudendum
1157 1534 1250 1566 esse,
1282 1523 1318 1558 id
1350 1524 1387 1558 in
1418 1536 1479 1560 eos

97 1581 194 1617 locos
216 1583 328 1625 cadit,
361 1583 423 1628 qui
450 1583 547 1617 codd.
572 1584 743 1628 praesidio
766 1584 1016 1626 destituuntur,
1047 1596 1115 1618 non
1141 1584 1226 1618 item
1250 1584 1286 1618 in
1307 1590 1478 1622 nostrum.

97 1661 145 1668 —
169 1644 379 1688 Intempesta
400 1650 498 1679 nocte
521 1644 644 1689 explic.
668 1645 712 1679 ad
735 1644 838 1679 Catil.
864 1657 894 1679 c.
917 1645 1060 1687 xxvn,
1082 1644 1116 1679 3.
1140 1665 1187 1670 —
1209 1645 1301 1679 Ante
1321 1647 1479 1681 multitu—

99 1704 180 1738 dine
203 1704 239 1738 ln
263 1706 380 1742 Guelf.
402 1706 436 1742 9.
468 1710 503 1740 et
526 1706 601 1740 Erl.
625 1705 784 1739 additum
809 1709 861 1740 est
883 1717 977 1748 cum,
1011 1709 1132 1740 contra
1157 1717 1259 1740 usum
1282 1706 1383 1741 latini
1405 1719 1479 1742 ser-

98 1765 231 1808 monis,
263 1778 367 1810 quem
388 1767 643 1801 illustravimus
666 1767 711 1801 ad
735 1767 811 1801 Cat.
835 1766 947 1807 LVII,
965 1765 998 1799 4.
1022 1785 1068 1791 —
1092 1766 1219 1800 Paullo
1243 1771 1319 1811 post
1341 1769 1481 1803 eortius

99 1826 312 1862 auctoritate
333 1830 431 1863 codd.
456 1830 562 1864 Fabr.
581 1829 612 1863 1.
638 1828 672 1863 2.
695 1827 773 1861 Vin.
793 1826 828 1861 l.
853 1826 969 1861 Struv.
994 1827 1092 1861 Vrat.
1104 1827 1138 1862 1.
1163 1828 1290 1863 Franc.
1315 1832 1349 1862 et
1371 1829 1481 1864 trium

100 1887 253 1930 Guelffi,
286 1890 411 1933 quibus
435 1891 602 1924 accedunt
623 1889 709 1923 Tur.
733 1888 767 1922 1.
800 1887 986 1921 Einsiedel.
1008 1889 1084 1923 Vat.
1108 1889 1142 1922 2.
1166 1887 1198 1922 4.
1233 1892 1267 1923 et
1288 1889 1403 1923 Berol.
1431 1889 1480 1932 2.,

101 1948 257 1982 ordinem
281 1951 465 1984 verborum
490 1951 675 1995 vulgatum
698 1948 861 1989 deseruit,
883 1949 1035 1982 scribens
1058 1953 1142 1984 tum.
1156 1960 1248 1993 perc.
1265 1950 1363 1983 insol.
1387 1950 1481 1993 quod

101 2019 315 2052 quamquam
338 2022 399 2054 per
422 2023 459 2046 se
481 2023 549 2046 non
574 2011 706 2044 malum
730 2013 792 2050 est,
815 2012 932 2042 tamen
954 2019 1020 2042 non
1036 2013 1087 2043 est
1103 2020 1165 2042 cur
1179 2008 1213 2042 ei
1229 2008 1353 2051 ordini,
1377 2021 1482 2054 quem

103 2068 209 2112 longe
238 2069 380 2112 plurimi
413 2072 513 2107 codd.
548 2075 710 2110 tuentur,
745 2069 974 2113 praeferatur.
1002 2089 1049 2095 —
1087 2068 1282 2103 Periculum
1315 2082 1483 2115 anceps

105 2128 314 2163 Gerlachius
331 2130 367 2163 in
382 2131 587 2165 Commentt.
606 2142 638 2174 p.
651 2129 730 2164 271.
747 2140 929 2173 perperam
952 2129 1101 2172 explicat
1122 2130 1299 2172 incertum,
1327 2131 1483 2174 dubium,

104 2189 200 2223 cuius
222 2202 310 2234 quae
332 2192 424 2225 ratio
449 2197 534 2225 esset
555 2202 680 2235 parum
705 2195 888 2225 constaret⁸
935 2189 1127 2233 Aliquanto
1157 2190 1281 2225 melius
1312 2196 1347 2225 et
1369 2191 1484 2237 magis

104 2260 146 2283 ex
170 2250 332 2294 loquendi
355 2262 438 2292 usu,
474 2262 577 2295 quem
609 2252 697 2285 bene
725 2250 916 2285 illustravit
937 2251 1099 2284 Bremius
1130 2251 1175 2284 ad
1200 2251 1286 2296 Nep.
1310 2251 1486 2287 Themist.

106 2310 177 2352 III,
200 2309 234 2345 3.
268 2314 302 2346 et
325 2312 478 2356 Herzog.
510 2312 555 2346 ad
579 2313 677 2346 Caes.
712 2312 755 2346 B.
781 2312 823 2354 G.
846 2311 883 2354 Ι,
913 2311 980 2353 26,
1013 2311 1065 2352 1.,
1100 2311 1238 2346 Cottius
1263 2323 1388 2357 anceps
1408 2324 1485 2357 per.

106 2369 352 2415 interpretatur
383 2373 527 2416 duplex,
559 2373 649 2418 quod
672 2384 712 2407 ex
736 2373 869 2407 duabus
890 2373 1048 2416 partibus
1072 2372 1270 2418 ingrueret,
1302 2373 1362 2407 sed
1392 2374 1486 2407 male

107 2431 240 2476 cogitat
262 2431 304 2465 de
329 2433 483 2476 periculo
506 2434 544 2467 in
567 2434 711 2475 castris,
741 2444 764 2467 a
789 2432 954 2467 violentia
976 2431 1148 2476 hostium,
1171 2435 1206 2467 et
1229 2438 1327 2467 extra
1354 2439 1484 2476 castra,

107 2493 143 2526 in
165 2493 253 2538 fuga
273 2493 418 2527 minime
440 2496 526 2527 tuta.
573 2494 702 2528 Verum
725 2493 851 2528 vidisse
873 2493 1104 2537 Muellerum,
1136 2492 1197 2537 qui
1225 2504 1395 2539 anceps
1423 2505 1487 2538 pe-

106 2555 250 2588 riculum
274 2554 344 2588 dici
367 2558 482 2588 censet
504 2566 545 2588 ex
567 2555 604 2588 υἱ
626 2555 772 2590 hostium
797 2559 830 2588 et
852 2565 893 2588 ez·
915 2554 1058 2587 obscura
1081 2558 1191 2597 nocte,
1207 2554 1284 2598 ipsa
1303 2555 1485 2589 ostendunt

109 2616 260 2649 auctoris
283 2615 403 2657 verba,
425 2619 517 2648 recte
540 2614 725 2649 intellecta.
772 2614 956 2649 Sallustius
978 2613 1071 2648 enim
1093 2625 1136 2649 ex
1157 2625 1256 2649 more
1276 2613 1408 2661 ingenii
1429 2614 1483 2649 sui

109 2676 296 2709 tumultum
317 2675 418 2709 illum
439 2675 489 2709 ita
511 2675 687 2718 describit,
705 2678 744 2710 ut
765 2674 976 2709 brevissimis
998 2674 1114 2710 verbis
1135 2674 1292 2721 singulas
1314 2674 1388 2709 eius
1403 2685 1484 2719 par-

113 2740 164 2771 tes
184 2735 258 2771 sive
284 2736 414 2772 formas
439 2736 698 2781 complectatur,
721 2734 887 2771 orationis
908 2735 1171 2781 amplificandae
1191 2738 1226 2772 et
1247 2745 1309 2780 per
1330 2734 1484 2780 particu-
