1630 3034
211 209 267 249 78
494 219 498 223 ’
563 204 608 244 G.
648 201 991 244 SALLUSTI
1022 202 1243 244 CRISPI

166 326 196 365 2
216 321 286 366 Ex
318 319 403 364 illis
422 323 555 364 testes
575 318 910 378 signatoresque
931 316 1068 361 falsos
1089 318 1401 372 commodare3
1436 319 1591 376 fidem,

209 412 431 466 fortunas,
484 409 686 469 pericula
727 409 833 453 vilia
884 408 1079 464 habere,
1124 414 1254 468 post,
1311 411 1390 454 ubi
1435 424 1591 456 eonml

209 502 376 545 famam
412 507 545 558 atque
570 499 796 559 pudorem
829 499 1082 557 adtriverat,
1117 500 1289 544 maiora
1322 501 1409 545 alia
1442 501 1590 561 impe—

158 599 184 638 3
207 593 356 645 rabat3
392 592 428 635 si
463 605 618 636 caussa
653 591 877 650 peccandi
921 592 966 635 in
999 606 1208 651 praesens
1242 591 1385 637 minus
1419 607 1590 652 suppe-

204 685 352 738 tebat,
399 682 540 726 nihilo
575 684 718 727 minus
763 683 954 728 insontes
999 684 1126 729 sicuti
1161 688 1304 728 sontes
1339 683 1590 728 circumve-

205 775 326 834 nire,
369 774 601 834 iugulare3
645 775 814 821 scilicet
865 789 923 819 ne
965 789 1051 834 per
1098 774 1239 819 otium
1283 780 1591 834 torpescerent

204 1043 274 1076 dici
298 1042 416 1077 multis
437 1044 551 1078 modis
575 1044 790 1078 iuventutem
814 1043 1004 1087 edocuisse,
1021 1054 1130 1087 quum
1147 1043 1334 1079 Sallustius
1356 1044 1431 1088 ipsa
1453 1046 1588 1077 tantum

203 1101 362 1135 facinora
397 1101 602 1145 simpliciter
625 1101 772 1142 afferat,
805 1113 916 1144 neque
949 1102 1041 1135 ullas
1071 1102 1236 1135 edocendi
1270 1106 1363 1136 artes
1397 1105 1586 1134 enumeret.

203 1159 343 1202 Quare,
368 1170 475 1201 quum
520 1158 595 1202 ipse
626 1159 776 1192 lectores
809 1160 854 1194 ad
886 1159 1065 1203 superiora
1098 1159 1275 1200 remittat,
1321 1159 1510 1202 respiciens
1542 1159 1588 1192 ad

201 1228 232 1249 c.
254 1217 344 1257 xlv,
361 1218 408 1257 6.,
432 1215 578 1249 dubium
601 1227 676 1249 esse
698 1216 831 1260 nequit,
849 1216 931 1259 quin
956 1216 1232 1260 coniungendmn
1251 1216 1296 1250 sit
1318 1217 1367 1250 ill.
1392 1217 1474 1250 mul.
1497 1216 1587 1250 mod.

199 1273 254 1308 Ibi
271 1274 366 1307 enim
387 1285 510 1307 revera
533 1273 650 1306 modos
665 1274 834 1317 exposuit,
854 1274 980 1317 quibus
996 1274 1148 1308 Catilina
1167 1275 1404 1308 adulescentes
1429 1276 1587 1318 caperem

199 1335 318 1364 nostro
341 1332 418 1365 loco
453 1331 488 1364 in
521 1331 723 1365 universum
757 1331 841 1365 dicit
871 1331 972 1365 illum
1005 1333 1101 1366 mula
1132 1330 1292 1367 facinora
1321 1330 1389 1365 sibi
1419 1330 1588 1366 obnoxios

199 1388 388 1422 edocuisse.

292 1448 323 1488 §.
357 1445 391 1478 2.
449 1445 666 1490 signatores]
711 1445 903 1479 Commode
955 1445 1165 1479 Gerlachius
1211 1445 1479 1489 interpretatur,
1526 1445 1587 1488 qui

198 1505 404 1537 testamento
435 1502 619 1536 scribendo
650 1507 755 1545 atque
796 1502 1013 1547 obsiguando
1045 1503 1174 1544 assint,
1214 1500 1295 1536 cbll.
1333 1502 1431 1536 Suet.
1461 1502 1585 1537 Tiber.

198 1571 228 1594 c.
253 1560 310 1596 23.
330 1579 377 1584 —
412 1560 634 1593 Commodum
657 1564 709 1593 est
731 1558 809 1593 usui
835 1561 1019 1603 praebere,
1043 1561 1208 1593 utendum
1231 1561 1435 1599 concedere,
1459 1560 1490 1594 si
1509 1560 1586 1603 quis

197 1619 271 1652 tale
304 1617 536 1651 ministerium
568 1618 772 1660 requireret.
832 1618 903 1651 Cic.
942 1617 1038 1651 verr.
1068 1618 1124 1659 lv,
1155 1617 1212 1658 42,
1238 1618 1295 1651 91.
1331 1628 1456 1651 nomen
1485 1628 1585 1652 suum

199 1676 248 1709 ad
282 1676 549 1709 translationem
580 1675 732 1709 criminis
763 1675 989 1708 commodare.
1040 1675 1153 1708 Plaut.
1180 1675 1289 1708 Persa
1311 1675 1354 1716 11,
1377 1675 1413 1716 3,
1431 1675 1466 1709 2.
1509 1675 1586 1709 Iovi

198 1744 296 1777 opes,
319 1731 415 1776 sivos,
439 1732 546 1766 bonas
569 1734 687 1777 copias
711 1733 942 1766 commodanti
965 1733 1102 1765 vitulor.
1151 1732 1240 1765 Plin.
1266 1733 1357 1776 Epp.
1376 1733 1422 1774 ll,
1443 1733 1499 1776 12,
1520 1733 1580 1767 23.

198 1803 337 1835 operam
369 1802 469 1824 suam
501 1790 550 1824 ad
581 1790 816 1834 turpissimum
846 1791 1074 1823 ministerium
1098 1791 1340 1824 commodasse.
1386 1791 1471 1825 Post
1493 1802 1585 1825 com-

195 1850 339 1883 modare
362 1853 480 1882 autem
514 1857 593 1880 cum
617 1847 709 1880 Cort.
743 1851 778 1880 et
802 1847 897 1880 Gerl.
921 1847 1111 1880 semicolon
1135 1847 1336 1890 posuimus,
1372 1849 1472 1882 cuius
1504 1849 1583 1883 loco

195 1907 370 1941 Miillcrus
393 1905 542 1949 pessime
566 1908 739 1937 commate
761 1903 926 1946 distinxit,
949 1903 1082 1937 scilicet
1105 1908 1144 1937 ut
1159 1906 1375 1939 commodare
1399 1911 1434 1940 et
1455 1906 1584 1941 habero

195 1965 342 1998 eundem
365 1962 573 1997 structuram
600 1961 781 2002 haberent,
804 1961 895 2004 quod
918 1961 993 1994 fieri
1017 1962 1144 2004 nequit.
1193 1962 1355 1996 Similem
1379 1963 1413 1996 iu
1436 1974 1583 2007 sequeu-

194 2021 288 2055 tibus
311 2031 465 2054 errorem
488 2019 663 2053 commisit
685 2018 836 2059 Cottius,
859 2017 1049 2052 semicolon
1074 2029 1200 2061 ponens
1224 2024 1303 2063 post
1325 2020 1464 2064 habere,
1487 2021 1582 2065 quod

194 2078 338 2123 plurimi
369 2077 498 2111 imitati
531 2081 632 2118 sunt,
664 2088 774 2120 quum
806 2076 921 2120 potius
954 2086 1092 2110 commu
1122 2078 1318 2120 ponendum
1351 2082 1453 2112 esset.
1508 2078 1582 2113 Nos

194 2140 288 2169 recte
314 2135 424 2169 verba
441 2135 647 2177 distinxisse,
673 2132 937 2168 constructionis
959 2133 1060 2174 ratio,
1080 2145 1186 2177 quum
1205 2134 1366 2179 iuter-prr.
1394 2146 1463 2169 non
1483 2146 1581 2170 ansc-

195 2194 267 2227 cuti
292 2193 473 2233 videntur,
498 2191 658 2227 ostendit.
710 2191 933 2225 Commodare
964 2191 1056 2225 enim
1088 2195 1139 2225 est
1161 2191 1353 2226 infinitivus
1380 2190 1579 2236 historicus,
1614 2228 1617 2231 ,

193 2263 296 2295 quom
310 2277 319 2293 ‚
343 2250 478 2284 mutata
501 2249 696 2289 structure,
728 2249 949 2293 subsequitur
981 2249 1224 2292 imperfectum
1248 2251 1464 2294 imperabat,
1487 2251 1580 2285 unde

193 2313 268 2343 tum
292 2309 418 2342 habere
449 2307 595 2351 pendet,
625 2309 700 2340 tum
732 2306 868 2339 maiora
891 2307 975 2339 alia.
1023 2306 1152 2340 Talem
1177 2306 1339 2342 infinitivi
1361 2312 1395 2342 et
1417 2308 1578 2342 submm-

191 2366 256 2401 tm
292 2365 569 2399 coniunctionem
603 2364 711 2397 habes
744 2363 852 2398 etiam
876 2375 906 2397 c.
933 2364 977 2405 X,
1005 2362 1039 2397 4.
1073 2366 1293 2408 superbiam,
1323 2366 1577 2408 crudelitatem,

192 2424 274 2457 deos
296 2425 505 2468 neglegere,
541 2423 658 2455 omnia
688 2421 827 2454 venalia
860 2421 986 2454 habero
1022 2422 1166 2456 edocuit.
1225 2423 1301 2457 biv,
1332 2424 1427 2466 xxi,
1453 2422 1513 2467 83,
1539 2423 1575 2458 3.

192 2481 318 2515 deinde
353 2485 391 2513 ut
425 2479 809 2523 trepidationem
845 2479 880 2512 in
913 2480 1087 2524 angustiis
1126 2492 1252 2524 suoque
1284 2481 1394 2524 ipsum
1425 2482 1576 2516 tumultu

190 2539 386 2572 misceri
420 2548 549 2582 agmen
572 2537 700 2570 videret.
749 2538 836 2570 llor.
862 2537 977 2571 Con-m.
1000 2538 1026 2578 Ι,
1045 2537 1080 2579 2,
1100 2536 1158 2571 50.
1193 2538 1248 2572 hic
1279 2549 1428 2583 magnos
1458 2539 1576 2583 potius

192 2596 468 2639 triumphos,
501 2596 555 2628 hio
581 2606 676 2628 ames
710 2594 806 2629 dici
834 2599 936 2639 pater
968 2600 1072 2640 utque
1100 2596 1270 2640 princeps.
1316 2598 1342 2640 Ι,
1372 2597 1405 2639 1,
1430 2597 1486 2631 19.
1523 2602 1575 2631 est

191 2654 250 2698 qui
274 2665 334 2687 ncc
358 2653 483 2687 veteris
507 2654 630 2697 pocula
657 2652 818 2692 Massici,
855 2663 916 2686 ncc
938 2658 1074 2698 partem
1097 2654 1204 2688 solido
1237 2655 1417 2688 demere
1448 2655 1492 2690 dc
1517 2654 1574 2690 dic

192 2711 334 2756 spernit.
359 2710 454 2745 Suet.
481 2710 558 2746 oct.
579 2710 638 2752 6⁴,
658 2710 715 2744 fin.
750 2715 888 2755 nepotes
912 2715 946 2745 ct
969 2712 1172 2746 litteras
1195 2717 1228 2747 et
1252 2716 1420 2748 notare
1443 2713 1571 2749 docuit.
