1630 3034
532 48 542 72 1

491 165 1033 210 PRAEFATIO.
1402 186 1445 210 xx

77 282 335 344 perstitione
370 281 682 343 cogitandique
710 282 900 343 ignavia,
930 298 1045 340 quae
1077 297 1183 328 vero
1218 283 1442 329 invenien-

67 385 139 430 -do
172 385 409 446 plurimum
444 385 605 440 officit,
641 399 775 442 quam
809 383 1065 444 longissime
1099 386 1243 444 absit,
1277 387 1444 431 factum

75 493 163 547 est,
212 493 262 531 ut
286 487 389 531 huic
423 488 498 531 uni
530 487 631 547 plus
667 486 879 531 deberem
899 519 912 543 ‚
947 502 1081 546 quam
1110 488 1264 532 ceteris
1299 489 1444 532 omni-

73 589 180 644 bus3
223 604 369 647 neque
408 604 544 650 aegre
583 589 662 632 tuli
698 589 842 634 multis
879 589 1015 647 locis,
1062 604 1251 649 quorum
1293 605 1444 634 veram

73 692 409 752 explicationem
461 706 535 735 me
581 691 817 750 sperabam
872 691 1066 751 primum
1113 692 1444 752 propositurum

72 809 194 850 esse,
234 793 422 838 eandem
469 794 525 837 ab
570 793 646 837 illo
689 793 1005 852 interpretandi
1039 794 1155 838 viam
1199 795 1322 853 prius
1357 794 1443 837 ini-

71 901 162 939 tam
196 911 303 940 esse.
373 896 491 940 Nam
521 911 658 954 quum
687 896 858 940 veritati
887 896 1016 939 unice
1047 896 1317 953 studuerim,
1353 912 1443 940 non

70 1003 359 1057 praeceptam
393 998 500 1042 mihi
535 998 688 1058 putavi
723 997 863 1041 laudis
898 998 1142 1055 materiem,
1178 997 1260 1042 sed
1293 999 1441 1058 potius

68 1114 155 1159 pro
190 1100 284 1144 veri
319 1101 487 1160 reperti
521 1105 785 1160 argumento
820 1099 981 1156 habui,
1017 1099 1053 1143 si
1086 1100 1326 1143 rationibus
1362 1115 1442 1143 ac-

69 1206 220 1269 curate
249 1201 504 1261 ponderatis
532 1201 592 1245 ad
626 1217 890 1246 consensum
919 1216 1021 1245 cum
1049 1201 1202 1245 Fabro
1238 1200 1438 1245 ducerer.

66 1303 306 1348 Praeterea
350 1304 393 1347 in
438 1304 712 1363 singulorum
750 1303 987 1347 verborum
1022 1303 1317 1363 explicatione
1351 1318 1443 1347 non

68 1404 161 1449 sine
214 1405 405 1449 maxima
457 1406 644 1449 utilitate
690 1405 888 1449 consului
937 1405 1026 1449 duo
1074 1420 1241 1464 opera,
1282 1405 1440 1463 quibus

63 1505 188 1549 haud
217 1507 308 1551 scio
338 1523 395 1550 an
429 1507 664 1551 novissimo
698 1512 903 1567 tempore
936 1506 1177 1565 plurimum
1211 1506 1270 1549 ad
1305 1521 1441 1549 accu-

65 1608 273 1652 ratiorem
317 1609 497 1669 linguae
538 1608 724 1653 Latinae
771 1608 1072 1668 cognitionem
1119 1608 1328 1651 collatum
1373 1607 1441 1663 sit,

63 1709 324 1755 Doederlini
368 1712 577 1768 alterum,
623 1711 682 1754 de
727 1710 1016 1770 originatione
1062 1714 1108 1753 et
1153 1714 1344 1768 cognata
1379 1709 1440 1752 si-

65 1813 349 1873 gnificatione
400 1828 565 1857 vocum
615 1812 872 1856 Latinarum
893 1844 905 1868 ,
953 1812 1141 1855 alterum
1182 1810 1347 1854 Handii
1382 1810 1440 1854 de

64 1915 291 1974 particulis
341 1916 534 1971 Latinis,
573 1930 685 1973 quos
726 1915 862 1958 libros
905 1929 990 1973 par
1039 1918 1106 1956 est
1149 1913 1193 1956 in
1243 1912 1439 1956 omnium

64 2016 267 2061 manibus
301 2018 491 2073 versari,
538 2017 614 2076 qui
647 2018 758 2061 ultra
794 2018 1024 2076 vulgarem
1058 2014 1244 2059 modum
1281 2028 1441 2073 sapere

64 2117 232 2161 volunt.

202 2316 341 2373 Quod
367 2317 426 2361 ad
451 2318 723 2379 Fragmenta
757 2317 951 2362 Sallustii
985 2317 1159 2372 attinet,
1196 2332 1310 2376 quae
1339 2316 1439 2360 fue—-

67 2425 167 2464 runt
195 2421 382 2464 fortasse
416 2421 492 2479 qui
525 2420 616 2464 hoc
652 2421 873 2465 volumine
909 2419 1036 2463 simul
1081 2434 1181 2463 cum
1214 2419 1334 2463 bello
1368 2419 1439 2461 Iu-

67 2522 277 2582 gurthino
313 2537 386 2566 me
433 2522 651 2566 editurum
689 2527 1022 2582 exspectarent,
1065 2537 1149 2566 nec
1191 2521 1310 2564 volui
1350 2521 1437 2563 iam

69 2639 186 2668 nunc
227 2624 442 2681 adiicere,
482 2639 567 2668 nec
600 2625 739 2684 potui.
809 2625 1007 2668 Primum
1045 2623 1158 2666 enim
1194 2620 1436 2666 verendum

69 2730 191 2780 erat,
225 2741 282 2771 ne
315 2726 368 2772 iis
404 2725 561 2771 additis
596 2725 725 2771 huius
760 2726 988 2771 voluminis
1019 2725 1159 2770 moles
1193 2722 1320 2768 nimis
1353 2736 1434 2778 ex-
