1630 3034
185 190 242 230 74
539 185 584 226 C.
615 185 951 226 SALLUSTI
982 186 1215 227 CRISPI

187 301 387 345 (licitiam
428 299 660 351 habuisse3
705 300 785 345 sed
820 314 873 344 ex
918 301 1012 344 aliis
1047 301 1177 345 rebus
1213 299 1382 360 magis,
1429 314 1566 358 quam

184 392 311 450 quod
347 392 555 450 cuiquam
589 390 639 436 id
673 397 956 450 compertum
993 392 1136 447 foret,
1179 391 1296 437 haec
1330 391 1451 435 fama
1486 406 1566 436 va—

184 483 316 528 lebat.

320 571 419 618 XV.
488 572 586 616 Iam
638 573 835 631 primum
883 572 1144 618 adulescens
1193 572 1382 626 Catilina
1425 571 1567 625 multa
1620 559 1630 573 ⁵

182 662 378 707 nefanda
422 669 574 723 stupra
618 664 811 721 fecerat,
867 678 970 709 cum
1023 665 1196 724 virgine
1241 664 1406 719 nobili,
1462 678 1565 709 cum
1623 651 1630 675 ἶ

181 795 216 830 4.
241 807 278 829 se
302 796 474 829 Manlium
503 796 747 840 praemisisse,
781 796 830 830 ad
861 807 938 830 cam
962 797 1239 839 multitudinem,
1273 807 1377 841 quam
1403 795 1450 829 aa
1470 796 1567 840 capi-

181 855 278 888 unda
303 865 403 889 arma
424 859 690 897 paraverat.
723 853 800 897 lug.
825 853 951 894 LXIII,
968 853 1000 887 1.
1031 854 1188 897 proinde,
1212 865 1301 898 quae
1326 854 1442 887 animo
1467 853 1566 898 agi-

181 912 335 953 tabat,
359 915 476 955 fretus
500 911 553 944 dis
575 915 719 955 ageret,
745 909 807 943 ubi
831 911 934 954 plura
959 910 1176 955 collegimus.
1219 911 1272 944 cf.
1299 910 1496 944 Gernhard.
1521 910 1567 943 ad

181 967 255 1002 Cic.
292 968 363 1002 Off.
387 969 415 1010 1,
437 967 472 1010 9,
496 968 555 1002 28.
590 969 635 1002 ad
658 969 683 1009 1,
708 966 766 1009 25,
788 967 844 1001 87.
882 971 917 1002 et
938 968 1100 1002 Bremius
1135 970 1178 1002 ad
1208 969 1293 1013 Nep.
1318 967 1411 1004 Mitt.
1434 967 1495 1007 111,
1517 965 1567 1014 4.,

179 1024 241 1068 qui
275 1028 391 1058 tamen
422 1025 467 1059 ad
490 1026 640 1059 Pausan.
665 1025 708 1066 11,
729 1024 783 1065 5.‚
816 1024 914 1058 cuius
943 1025 1011 1059 loci
1036 1027 1157 1060 eadem
1180 1027 1285 1069 plane
1309 1024 1401 1058 ratio
1425 1027 1488 1065 est,
1512 1027 1567 1057 at-

180 1093 248 1125 quc
277 1081 423 1125 prioris,
446 1093 515 1115 non
538 1082 623 1115 satis
645 1081 806 1115 idoneam
832 1081 1029 1124 explicandi
1050 1083 1148 1117 viam
1170 1083 1258 1118 iniit.
1280 1098 1325 1107 ...-
1352 1082 1481 1115 Parum
1504 1081 1567 1114 ho-

179 1143 277 1172 neste
297 1139 504 1182 pudicitiam
527 1139 705 1181 habuisse,
729 1138 752 1172 i.
777 1150 808 1172 e.
843 1138 1036 1182 impudicos
1059 1141 1168 1174 fuisse
1190 1152 1252 1174 scu
1275 1139 1457 1184 pathicus,
1488 1137 1510 1172 i.
1534 1149 1565 1174 6.

179 1196 363 1229 masculae
386 1195 508 1229 veneri
533 1195 675 1230 deditos.
710 1197 756 1230 cf.
780 1208 810 1231 c.
834 1198 930 1239 xm,
948 1197 983 1231 3.
1008 1198 1098 1239 xlv,
1121 1198 1154 1231 2.
1187 1197 1305 1240 ibique
1329 1197 1423 1234 Cort,
1455 1195 1496 1228 F.
1520 1194 1564 1229 A.

179 1252 288 1286 Wolf.
300 1252 344 1286 ad
362 1252 506 1286 Sueton.
529 1252 651 1286 octav.
676 1265 705 1287 c.
718 1253 776 1296 71,
787 1254 862 1289 init.
887 1259 921 1289 et
944 1255 1128 1298 Heindorf.
1153 1255 1198 1289 ad
1222 1256 1310 1288 Hor.
1337 1253 1410 1288 Sat.
1420 1253 1449 1294 1,
1458 1251 1494 1294 6,
1505 1247 1564 1286 82.

272 1309 347 1344 XV.
394 1312 429 1352 δ.
451 1309 485 1343 1.
536 1310 613 1343 Ιαπι
631 1312 815 1356 primum]
858 1313 957 1345 Haec
980 1324 1049 1346 non
1081 1324 1161 1346 cum
1185 1312 1304 1353 Cottio
1327 1311 1371 1345 ad
1394 1309 1565 1354 Catilinae

177 1365 450 1400 adulescentiam
474 1367 609 1409 refero,
634 1369 734 1411 quasi
757 1371 829 1403 iam
851 1371 1002 1414 primum
1024 1369 1070 1408 sit
1091 1371 1164 1403 iam
1188 1375 1345 1410 πυτίαι-8,·
1367 1379 1484 1408 sensus
1501 1378 1566 1410 po-

176 1422 247 1457 tius
270 1427 341 1457 est:
373 1427 413 1457 ut
435 1424 646 1458 narrationis
670 1426 712 1460 de
736 1427 889 1461 Catilina
911 1427 1051 1465 initium
1084 1428 1128 1461 ad
1152 1425 1382 1461 adulescentis
1407 1424 1566 1458 facinora

175 1481 340 1515 reseram.
389 1481 520 1514 Eodem
556 1482 661 1515 modo
696 1495 725 1518 c.
754 1485 828 1524 Vll,
854 1484 887 1519 4.
918 1485 990 1519 iam
1020 1485 1172 1528 primum
1204 1484 1318 1517 valet:
1350 1485 1390 1516 ut
1423 1493 1566 1516 caussas

1618 115 1630 216 nam—'fn
1614 59 1630 108 baa-⁵.
1611 0 1630 51 T'vav!

175 1536 271 1571 aucti
295 1537 433 1580 imperii
455 1539 500 1572 ab
524 1538 596 1572 suis
619 1538 726 1574 initiis
749 1546 915 1585 repetam,
970 1541 1109 1576 Pariter
1132 1540 1226 1584 apud
1250 1539 1365 1573 Tacit.
1391 1539 1479 1574 Anu,
1505 1538 1566 1579 lv,
1607 1584 1609 1586 q

175 1593 211 1636 6,
234 1593 282 1629 in.
307 1594 364 1628 his
387 1595 530 1629 vocibus
555 1596 598 1629 de
620 1601 712 1631 statu
734 1600 883 1643 reipubl.
907 1598 1100 1643 exponendi
1124 1597 1261 1631 initium
1285 1598 1334 1630 fit.
1381 1597 1434 1630 Ita
1457 1596 1565 1630 etiam

175 1651 270 1694 apud
303 1651 445 1685 Livium
471 1654 544 1694 XL,
570 1652 605 1694 3,
629 1654 663 1689 3.
699 1656 742 1690 de
766 1657 930 1700 Philippo
962 1656 1190 1690 rebellionem
1220 1658 1366 1698 parante
1389 1655 1460 1687 iam
1483 1654 1564 1698 pri-

174 1719 269 1742 mum
301 1713 368 1742 est:
401 1709 537 1744 initium
571 1711 766 1745 rebellandi
799 1724 841 1746 eo
877 1713 979 1754 fecit,
1013 1718 1050 1746 ut
1085 1719 1148 1746 etc.
1206 1713 1308 1745 Patet
1332 1711 1462 1756 igitur,
1493 1712 1564 1745 iam

176 1767 375 1799 transeundi
398 1767 691 1812 continuandique
714 1770 787 1804 vim
811 1769 965 1813 habore,
993 1772 1145 1815 primum
1174 1774 1291 1803 autom
1326 1769 1432 1803 totius
1455 1780 1564 1803 cnun-

174 1822 335 1856 ciationis
367 1823 474 1857 instar
508 1836 604 1867 esse,
637 1837 728 1869 quae
759 1838 814 1861 res
845 1839 913 1860 non
938 1832 1112 1870 unitatur,
1145 1828 1205 1861 ubi
1231 1827 1381 1860 omm‘um
1405 1825 1564 1860 additum

174 1883 248 1923 est,
274 1885 311 1913 ut
335 1882 428 1924 apud
450 1881 527 1916 Liv.
553 1882 582 1924 Ι,
608 1882 642 1926 l,
669 1885 701 1922 1,
734 1888 768 1918 ct
790 1885 947 1925 xxvm,
973 1885 1030 1925 39,
1057 1884 1090 1918 5.
1148 1884 1277 1918 Totius
1301 1883 1370 1916 loci
1393 1882 1564 1917 rationem

173 1941 210 1970 et
232 1937 454 1982 singularum
477 1939 632 1982 partium
663 1952 788 1975 nexum
811 1941 1008 1985 llerzogins
1041 1953 1110 1975 non
1144 1943 1229 1975 satis
1262 1940 1399 1974 videtur
1422 1940 1563 1983 cepisse.

173 1995 281 2029 Putat
312 1996 407 2030 enim
439 1997 566 2039 respici
599 1999 644 2032 ad
684 1999 810 2033 ultima
844 1998 1039 2042 praegressi
1074 2000 1195 2042 capitis
1226 1998 1335 2031 verba
1371 2009 1411 2032 cs
1445 1999 1563 2032 aliis

175 2053 275 2085 rebus
298 2054 414 2098 magis
437 2066 541 2099 quam
570 2059 660 2097 etc.‚
692 2056 742 2090 ita
766 2061 805 2090 ut
829 2057 884 2090 his
908 2055 1023 2089 verbis
1044 2067 1127 2089 vcra
1161 2067 1282 2089 caussa
1314 2055 1409 2089 illins
1433 2056 1562 2097 famae,

174 2108 391 2143 iuventutem
433 2122 561 2155 parum
592 2113 736 2148 honeste
780 2113 985 2158 pudicitiam
1021 2113 1206 2153 habuisse,
1246 2113 1427 2147 afferatur.
1490 2114 1562 2148 Sed

174 2177 265 2199 noua
299 2167 413 2209 potius
443 2169 652 2204 narrationis
683 2182 764 2214 pars
797 2171 938 2214 incipit,
977 2181 999 2203 a
1029 2171 1244 2215 praegressis
1280 2171 1383 2215 plnnc
1407 2171 1560 2205 diversa.

172 2222 344 2256 Absoluta
367 2224 458 2258 enim
482 2228 639 2271 generali
664 2232 762 2271 parte
786 2229 828 2262 de
851 2227 980 2262 caussis
1003 2227 1270 2268 coniurationis,
1294 2228 1316 2261 i.
1342 2240 1372 2263 o.
1397 2230 1440 2264 de
1457 2229 1561 2264 malis

173 2279 326 2314 civitatis
360 2283 536 2325 moribus,
569 2284 641 2317 iam
672 2285 715 2318 do
749 2287 821 2330 ipso
855 2286 1009 2319 Catilina
1039 2283 1180 2327 eiusque
1213 2285 1358 2328 inceptis
1387 2297 1560 2330 exponere

170 2335 304 2379 incipit.
351 2339 484 2381 Quodsi
510 2352 594 2375 vera
618 2346 696 2376 sunt
719 2354 809 2386 quac
833 2343 875 2375 de
898 2352 1004 2375 nexus
1028 2340 1162 2374 ratione
1185 2347 1218 2376 ct
1241 2343 1284 2375 dc
1305 2343 1454 2386 primum
1474 2354 1560 2377 voco

174 2393 344 2436 diximus,
369 2401 466 2439 patet
494 2397 602 2431 etiam
627 2399 754 2432 fulsum
780 2411 872 2437 esse,
907 2398 998 2442 quod
1024 2398 1219 2441 ilcrzogius
1241 2400 1390 2443 primum
1415 2400 1450 2433 in
1474 2412 1560 2434 cnu-

173 2453 363 2485 mcrntionc
386 2453 536 2496 positum
562 2461 695 2497 censet,
720 2456 776 2489 cui
800 2457 912 2491 altero
935 2457 1013 2489 loco
1038 2457 1131 2495 alia,
1158 2468 1219 2498 pro
1245 2463 1316 2490 tum
1341 2458 1396 2491 vel
1421 2458 1558 2500 deindo,

174 2508 275 2541 tertio
297 2515 468 2552 postremo
494 2514 708 2554 respondent.
754 2514 854 2555 Qune
877 2524 1090 2556 quiunquam
1116 2514 1210 2545 nullo
1235 2519 1334 2556 pacto
1364 2514 1449 2548 torri
1472 2526 1558 2558 pos-

189 2569 272 2607 unt,
314 2570 429 2601 tumen
462 2569 610 2604 meliora
640 2577 719 2605 sunt
755 2570 882 2615 hangii
917 2569 1074 2611 rationo,
1113 2570 1170 2613 qni
1204 2573 1355 2614 primum
1378 2572 1558 2607 abundare

173 2625 297 2657 censet.
319 2643 362 2649 -—-
389 2626 594 2660 Adulescens
618 2627 727 2661 habnt
748 2627 850 2660 Rern.
877 2627 909 2660 1.
935 2627 1057 2661 relicui
1085 2629 1232 2662 adolosc.

265 2692 340 2715 cum
365 2683 502 2728 virgine
524 2686 650 2729 nobili]
683 2685 865 2729 Quaenam
898 2684 962 2719 illu
985 2684 1092 2719 fuerit
1119 2685 1324 2729 ignoratum
1349 2690 1471 2731 putant
1504 2690 1555 2722 ta-
