1630 3034
213 122 268 164 34
823 120 979 160 lNDEx

216 235 379 268 Ferenearii
397 234 452 276 qui
472 231 608 271 fuerint,
636 230 672 264 C.
692 231 749 270 60,
767 231 799 264 2.

215 292 315 323 Ferox
330 290 353 322 i.
373 299 403 332 q.
424 288 518 322 fortis
538 293 573 321 et
588 282 757 327 strenuus,
776 285 811 319 C.
833 286 887 326 11,
906 288 936 318 5.
987 286 1042 325 61,
1062 287 1092 318 4.

215 348 303 378 Ferre
328 347 463 386 aliquam
478 355 542 377 rem
559 345 580 376 i.
601 340 634 386 q.
654 344 862 376 coniunctum
878 353 953 375 esse
971 352 1043 374 cum
1058 342 1170 383 aliqua
1190 352 1237 380 re,
1265 340 1300 373 C.
1327 340 1382 378 21,
1401 341 1432 372 2.

215 403 298 434 Ferri
315 402 430 444 aliqua
445 412 482 434 re
500 402 521 434 i.
541 411 570 443 q.
591 400 710 443 abripi,
737 399 772 432 C.
800 399 832 438 3,
850 398 883 433 2.

213 459 338 490 Ferrum
354 468 416 490 non
433 468 490 501 pro
508 458 585 489 bello
604 458 738 496 dictum,
764 455 787 487 Ι.
812 455 865 495 14,
883 454 915 487 9.

215 515 320 554 Ferus,
348 515 404 556 qui
421 514 461 546 ab
479 514 695 545 humanitatis
713 512 806 544 cuitu
823 511 954 544 alienus
972 515 1035 549 est,
1061 511 1085 542 Ι.
1104 510 1159 549 80,
1179 510 1208 542 1.

215 572 322 602 Fessus
341 575 376 603 et
393 567 492 602 lassus
510 570 667 612 quomodo
685 568 851 607 differant,
877 567 901 599 Ι.
922 567 976 607 53,
997 567 1026 599 5.

216 627 321 659 Feslae
343 637 391 658 res
409 627 509 658 etiam
526 627 565 658 (le
583 626 650 658 otio
668 629 702 658 et
714 625 897 657 securitate
915 623 1080 657 dicuntur.
1106 622 1130 654 Ι.
1158 622 1212 662 89,
1233 624 1263 655 5.

214 684 366 715 Festinare
383 684 518 723 aliquam
533 693 609 722 rem,
634 681 658 714 Ι.
686 680 741 722 37,
761 682 792 713 4.

218 740 371 771 Festinare
388 739 540 771 absolute
560 739 684 771 dictum
702 739 722 770 i.
744 747 774 780 q.
794 746 866 769 cum
884 736 994 768 studio
1012 746 1125 777 agere,
1151 735 1175 768 Ι.
1205 735 1259 773 66,
1280 735 1310 768 1.

214 796 303 828 Fides
318 797 442 836 publica
460 795 537 838 quid
555 796 611 835 sit,
631 794 666 828 C.
685 793 741 834 47,
760 794 790 829 1,.

215 853 304 884 Fides
322 857 357 885 et
372 862 419 884 res
437 852 501 884 sibi
518 852 680 894 opposita,
706 849 731 882 1.
760 849 814 889 73,
841 849 872 881 6.

217 909 322 941 Fidem
347 910 420 940 dare
445 912 472 940 et
489 909 624 949 accipere
640 907 727 939 unde
746 906 869 938 dictum
886 906 942 945 sit,
966 904 991 938 Ι.
1011 903 1067 943 81,
1089 903 1118 936 1.

215 965 294 997 Fieri
315 966 509 1005 magistratus
526 964 682 996 dicuntur
698 963 754 1005 qui
771 962 1001 1003 designantur,
1027 960 1051 992 Ι.
1080 961 1135 999 82,
1150 960 1182 993 2.

215 1022 312 1054 Fieret
336 1020 507 1053 confusum
525 1030 597 1052 cum
613 1022 700 1059 soret,
718 1018 743 1051 Ι.
763 1017 819 1057 83,
837 1018 870 1051 2.

217 1078 264 1109 Fit
281 1078 408 1120 aliquid
426 1078 517 1109 alicui
534 1080 569 1109 et
585 1076 701 1116 aliquo,
732 1073 768 1106 C.
788 1073 843 1113 52,
861 1074 916 1107 25.

220 1135 263 1166 Fit
292 1139 324 1166 ut
360 1133 504 1166 inservit
539 1131 838 1164 circumscribendo
879 1131 909 1162 ei
947 1130 1067 1161 verbo.
1111 1129 1196 1170 quod
1233 1138 1273 1160 ex
1312 1133 1343 1159 ut
1383 1128 1514 1171 pendet,
1564 1126 1599 1159 C.

308 1190 363 1229 52,
388 1189 443 1223 22.

219 1247 337 1278 Firmus
356 1246 379 1278 i.
399 1255 429 1287 q.
450 1245 647 1288 intrepidus,
674 1243 782 1282 fortiS,
809 1242 832 1275 1.
858 1242 915 1281 28,
935 1244 966 1274 5.

217 1303 343 1335 Flaccus
372 1299 424 1345 (L.
447 1299 578 1344 Vellem),
599 1300 634 1333 C.
656 1301 711 1339 45,
733 1299 762 1332 1.

218 1360 380 1400 Flayitium
398 1359 419 1390 i.
440 1368 471 1400 q.
490 1358 585 1390 homo
602 1356 800 1398 flagitiosus,
828 1354 864 1387 C.
886 1354 939 1394 14,
960 1355 989 1387 1.

161 1436 168 1440 -
219 1417 381 1457 Flayilium
399 1414 557 1457 quomodo
576 1413 709 1445 differat
726 1422 745 1444 a
762 1414 908 1452 faemore,
926 1410 961 1444 C.
983 1411 1035 1444 11.
1059 1412 1086 1443 1.

219 1473 385 1504 Flaminius
403 1468 488 1514 (0),
508 1469 543 1502 C.
564 1468 619 1509 36,
639 1468 669 1501 1.

218 1529 316 1560 Fluxa
333 1529 418 1567 fides,
435 1526 460 1559 I.
482 1526 558 1567 111,
577 1526 608 1558 2.

219 1585 291 1616 Foci
315 1593 388 1615 cum
413 1584 474 1614 aris
500 1583 598 1615 simul
622 1582 792 1615 memorati
811 1581 889 1624 quid
907 1581 1110 1623 significent,
1137 1581 1172 1614 C.
1201 1582 1256 1622 52,
1274 1583 1303 1614 3.

220 1640 336 1672 Foedus
353 1641 464 1679 facere,
482 1637 506 1670 Ι.
536 1638 591 1678 38,
609 1638 640 1670 9.

219 1696 336 1728 Foedus
355 1700 379 1726 et
398 1695 528 1726 amicitia
548 1704 610 1736 quo
628 1704 730 1725 sensu
748 1694 946 1725 coniunctim
964 1694 1130 1734 dicantur,
1150 1694 1173 1727 Ι.
1194 1694 1250 1730 80,
1268 1695 1298 1727 4.

222 1753 296 1785 Fore
319 1761 392 1784 cum
417 1750 591 1793 participio
609 1749 692 1793 pers.
721 1750 847 1792 passivi
881 1759 943 1781 non
977 1754 1030 1781 est
1065 1761 1120 1792 pro
1146 1751 1309 1782 infinitivo
1336 1749 1438 1782 futuri
1465 1750 1603 1793 passivi,

309 1808 335 1841 1.
361 1807 416 1846 88,
435 1807 466 1839 4.

222 1866 307 1897 Foris
325 1869 360 1897 et
376 1864 457 1896 domi
475 1862 632 1904 quomodo
651 1861 713 1893 sibi
731 1866 948 1904 opponantur,
967 1860 991 1893 Ι.
1011 1861 1066 1899 85,
1085 1861 1116 1894 3.

222 1922 362 1954 Formido
381 1919 474 1952 vocis
492 1919 544 1950 vis
562 1918 704 1961 propria,
731 1916 756 1950 Ι.
785 1916 839 1957 72,
858 1917 889 1949 2.

220 1978 359 2010 Formido
377 1975 565 2008 subiectiva
583 1978 747 2017 potestate
766 1974 898 2013 dictum,
917 1973 942 2006 Ι.
962 1973 1017 2013 99,
1033 1973 1064 2006 3.

220 2035 360 2066 Formido
378 2033 400 2065 i.
421 2041 452 2074 q.
472 2041 526 2063 res
545 2030 768 2069 formidolosa,
793 2029 817 2062 Ι.
837 2029 893 2069 23,
915 2030 943 2062 1.

222 2089 448 2123 Formidolosus
467 2087 577 2120 activa
595 2092 627 2118 et
645 2086 780 2129 passiva
798 2087 843 2125 vi,
863 2086 898 2118 C.
920 2086 952 2125 7,
972 2086 1004 2118 6.

224 2147 365 2179 Formula
383 2145 515 2177 solennis
535 2143 663 2185 quando
679 2143 801 2174 mutari
818 2143 934 2185 possit.
953 2141 978 2175 Ι.
998 2141 1053 2179 40,
1072 2143 1103 2174 3.

220 2204 315 2235 Fortis
334 2212 397 2234 non
414 2201 512 2232 unice
530 2199 569 2231 de
588 2199 709 2231 bellica
726 2198 849 2230 virtute
863 2199 997 2237 dictum,
1024 2197 1059 2231 C.
1081 2200 1135 2234 45.
1154 2199 1185 2230 2.

222 2260 353 2290 fortuna
372 2259 393 2290 i.
412 2267 444 2299 q.
463 2256 611 2288 condicio
629 2254 784 2293 alicuius,
811 2254 835 2286 Ι.
855 2253 911 2293 64,
928 2254 962 2287 ,2.
1010 2255 1066 2289 85,
1088 2254 1139 2287 14.

221 2315 353 2346 Fortuna
377 2312 535 2355 quomodo
552 2311 685 2343 differat
702 2321 721 2342 a
737 2311 890 2350 felicitate,
916 2310 939 2343 Ι.
959 2310 1014 2350 95,
1034 2311 1065 2343 4.

222 2371 369 2402 fortunae
386 2368 507 2412 plurali
527 2378 660 2399 numero
679 2366 763 2398 idem
781 2367 874 2398 valet
889 2371 989 2408 atque
1004 2369 1138 2406 fortuna,
1157 2367 1180 2399 1.
1211 2367 1262 2405 13,
1282 2367 1312 2399 3.

221 2427 314 2458 Fossa
331 2425 372 2458 ab
390 2424 618 2457 obsidentibus
638 2422 736 2457 sacta,
763 2422 787 2454 Ι.
807 2422 862 2462 23,
884 2422 913 2455 1.

222 2482 335 2514 Fraus:
351 2483 415 2513 sine
430 2481 550 2521 fraudo,
577 2478 612 2511 C.
632 2478 686 2517 36,
705 2478 737 2511 2.

223 2539 372 2578 Frequens
389 2537 557 2569 diversum
575 2546 593 2568 a
611 2536 723 2574 erobor,
750 2534 773 2567 1.
801 2535 856 2574 45,
871 2535 903 2567 2.

225 2593 374 2634 Frequens
392 2593 484 2633 regio
502 2593 524 2625 i.
542 2601 573 2633 q.
592 2591 683 2625 culta
700 2596 734 2623 et
750 2591 912 2626 habitam,
931 2589 952 2622 Ι.
973 2589 1028 2627 78,
1045 2594 1075 2623 4.

223 2649 420 2688 Frequenter«-
438 2649 568 2687 aliquem
587 2649 719 2680 honoris
737 2657 869 2681 caussa,
888 2647 909 2678 Ι.
927 2645 981 2680 73.
1001 2647 1031 2678 6.

1623 218 1630 230 ι
1615 79 1630 194 .=‚-e-¹8·e
