1630 3034
133 167 221 208 218
507 159 555 204 c,
584 158 899 204 SALLUSTI
930 157 1150 214 GRWISPI

98 280 198 324 Sita
232 277 395 322 delicta
422 277 666 322 occultiora
695 277 807 322 fore.
877 276 1052 321 Interea
1081 291 1166 336 per
1191 275 1394 321 homines
1423 276 1518 320 cal-

139 375 253 420 lidos
301 373 375 418 die
418 379 644 432 noctuque
688 373 929 418 exercitum
972 373 1197 428 tentabat3
1241 372 1520 417 centuriones

141 472 372 530 ducesque
420 476 666 515 turmarum
712 470 878 530 partim
931 469 994 515 uti
1039 470 1372 532 transfugerent
1418 483 1522 513 cor-

139 583 353 628 rumpere
375 600 390 624 ,
466 567 539 611 alii
592 566 720 627 signo
777 566 884 611 dato
936 566 1086 611 locum
1140 569 1203 612 uti
1254 566 1522 611 desererent.

138 688 251 724 bitant
264 692 386 723 utrum
401 687 529 722 delicta
540 687 624 722 Auli
637 699 681 722 an
697 688 893 734 Iugurthae
908 686 1133 734 intelligenda
1147 687 1234 730 sint3
1256 686 1345 721 illud
1360 685 1527 731 bangius,

139 750 210 784 hoc
234 749 425 783 Muellerus
446 752 480 782 et
504 748 606 793 Bipp.
634 752 799 785 statuunt.
846 749 942 783 Tum
975 760 1019 783 ne
1050 750 1092 783 de
1123 760 1165 783 eo
1190 749 1331 793 quidem
1355 745 1528 782 consenti·

140 812 225 851 unt,
260 809 397 843 cuinam
421 809 549 844 delicta
572 811 807 851 occultentur,-
843 809 1000 855 Langius
1023 809 1115 844 enim
1140 810 1270 844 milites
1292 808 1376 843 Auli
1398 806 1526 842 intelli-

140 871 215 917 git;
240 870 364 904 relicui
390 870 496 906 tacite
518 871 561 905 de
584 872 779 913 Romanis,
802 871 828 906 i.
852 882 884 905 e.
907 871 951 905 de
975 870 1130 913 Senatu,
1160 871 1218 905 cui
1241 869 1331 905 ratio
1354 870 1528 904 factorum

141 931 317 965 reddenda
341 935 438 972 erat,
460 931 618 977 cogitare
641 932 812 967 videntur.
861 931 1071 966 Gerlachius
1094 932 1262 976 denique,
1291 930 1351 975 qui
1375 941 1418 965 ex
1440 928 1529 964 scri-

141 996 268 1037 pturae
300 992 472 1026 varietate
503 992 653 1037 perspici
685 992 735 1026 ait
767 992 877 1026 verba
908 992 953 1026 ab
988 991 1121 1026 insulso
1144 991 1388 1027 Grammatico
1413 994 1529 1025 assuta

141 1065 253 1098 eoque
275 1053 446 1087 eiicienda
468 1064 555 1095 esse,
578 1053 750 1087 insulsum
773 1051 935 1086 criticum
961 1064 999 1086 se
1020 1052 1185 1097 prodidit.
1230 1053 1351 1096 Neque
1375 1050 1468 1085 enim
1488 1049 1531 1083 de

142 1114 379 1156 traiiciendis‚
414 1125 533 1158 neque·
558 1114 601 1148 de
631 1112 843 1158 expellendis
863 1112 980 1146 verbis
1001 1112 1227 1158 cogitandum
1251 1117 1323 1155 est,
1359 1110 1531 1155 siquidem

143 1175 392 1211 sententiarum
414 1186 504 1209 nexu
528 1174 747 1209 considerato
770 1177 878 1218 patet,
901 1173 1140 1208 antecedentia
1162 1185 1229 1208 non
1251 1173 1336 1209 satis
1350 1172 1532 1218 perspicue

144 1237 238 1271 dicta
268 1247 362 1278 esse,
394 1238 429 1270 et
459 1237 633 1281 quaedam
664 1234 875 1276 desiderari,
912 1234 1038 1278 quibus
1060 1245 1124 1268 cur
1145 1234 1321 1279 Iugurtha
1341 1234 1472 1268 Aulum
1494 1232 1532 1266 in

143 1298 282 1334 abditas
304 1296 465 1342 regiones
487 1297 661 1332 abducere
683 1295 854 1330 studuerit
883 1295 1088 1339 explicetur.
1133 1295 1279 1330 Consilii
1309 1305 1436 1329 caussa
1451 1304 1533 1334 ,au-

144 1363 215 1395 tem
238 1359 329 1394 haec
351 1362 448 1400 erat,
472 1361 512 1393 ut
534 1369 597 1400 ea,
619 1369 709 1402 quae
731 1357 861 1391 Aulum
884 1360 1006 1391 contra
1028 1356 1133 1390 decus
1157 1355 1298 1401 imperii
1322 1355 1533 1397 delicturum

144 1424 325 1466 speraret,
351 1419 545 1454 occultiora
568 1419 701 1463 forent,
726 1430 770 1452 ne
795 1419 956 1459 Romae,
981 1417 1009 1451 si
1033 1417 1115 1462 quid
1139 1415 1339 1452 detrimenti
1361 1419 1453 1450 esset
1474 1425 1534 1449 ac-

145 1486 308 1526 ceptum,
342 1484 438 1514 certo
463 1479 547 1514 sciri
571 1483 706 1523 posset,
736 1482 854 1513 utrum
878 1479 915 1513 id
938 1478 1036 1512 ducis
1058 1479 1183 1522 culpa,
1218 1490 1265 1513 an
1292 1479 1439 1513 adversa
1461 1477 1535 1510 for-

147 1546 232 1578 tuna
265 1541 459 1576 accidisset.
506 1539 596 1574 Nam
628 1539 659 1573 si
681 1539 828 1574 Senatus
856 1539 1055 1574 rescivisset
1077 1539 1207 1573 Aulum
1231 1550 1253 1574 a
1275 1539 1449 1585 Iugurtha
1478 1537 1535 1571 vel

147 1606 352 1646 corruptum
374 1601 430 1635 vel
453 1600 636 1643 deceptum
659 1611 735 1634 rem
758 1600 853 1634 male
876 1601 1045 1645 gessisse,
1076 1600 1247 1645 Iugurtha
1274 1600 1351 1644 ipse
1371 1598 1537 1644 perfidiae

147 1664 281 1699 crimen
304 1663 463 1708 effugere
488 1671 557 1694 non
582 1663 730 1705 poterat.
776 1661 896 1705 Quare
927 1660 1057 1695 delicta
1087 1659 1317 1705 intelligenda
1339 1664 1418 1693 sunt
1443 1658 1534 1699 Auli,

147 1737 232 1771 rege
263 1730 406 1760 auctore
436 1721 645 1763 commissa3
682 1722 871 1756 occultiora
903 1724 1022 1755 autem
1055 1721 1100 1754 ad
1133 1721 1334 1755 Romanum
1367 1719 1536 1754 Senatum

146 1790 290 1832 spectat.
337 1787 433 1826 Iam,
461 1783 602 1828 opinor,
636 1783 713 1817 luce
734 1782 863 1817 clarius
884 1785 937 1816 est
952 1784 1034 1826 fore
1057 1781 1278 1816 scribendum
1301 1793 1394 1823 esse,
1428 1791 1536 1824 quum

147 1849 257 1882 verba
280 1845 471 1891 Iugurthae
498 1842 705 1878 sententiam
725 1842 947 1883 contineant3
980 1841 1071 1876 nihil
1095 1845 1147 1876 est
1169 1847 1288 1876 autem
1312 1841 1537 1886 frequentius,

149 1919 255 1952 quam
279 1905 521 1940 accusativum
543 1916 573 1939 c.
590 1904 652 1938 inf.
668 1903 816 1947 pendere
838 1914 878 1937 ex
903 1902 1040 1937 dicendi
1067 1904 1124 1937 vel
1147 1903 1326 1948 cogitandi
1351 1904 1471 1946 verbo,
1495 1913 1537 1936 ex

149 1966 433 2004 antecedentibus
464 1964 673 2010 supplend03
709 1976 742 1998 v.
768 1965 814 1998 ad
838 1976 868 1999 c.
895 1964 991 2005 vul,
1016 1963 1050 1999 1.
1080 1982 1123 1988 —
1156 1965 1214 1998 Ita
1244 1963 1279 1997 in
1311 1962 1419 1998 simili
1447 1973 1538 1996 nexu

148 2030 261 2064 habes
293 2040 323 2062 c.
348 2026 455 2071 XXI,
479 2025 513 2060 4.
545 2037 580 2061 V.
603 2024 647 2059 ad
671 2025 748 2060 Cat.
772 2026 854 2067 vll,
878 2024 936 2067 6.;
969 2028 1150 2069 praeterea
1180 2036 1263 2059 nam
1295 2023 1538 2068 supplendum,

150 2094 190 2127 ut
212 2088 413 2134 saepissime
435 2087 527 2131 apud
551 2087 738 2127 ¹Nostrum3
755 2098 801 2134 ¹v.
825 2087 868 2121 ad
894 2098 923 2121 c.
948 2087 989 2130 V,
1014 2084 1049 2120 5.

243 2153 275 2194 §.
292 2149 326 2184 3.
350 2149 406 2184 die
431 2147 615 2193 noctuque]
640 2147 852 2181 Gerlachius
875 2147 910 2181 in
933 2148 986 2181 ed.
1004 2146 1088 2181 min.
1106 2157 1149 2180 ex
1170 2145 1253 2187 solo,
1270 2144 1380 2180 Paris.
1398 2155 1430 2178 z.
1454 2143 1540 2179 scri-

151 2210 222 2257 psit
245 2211 268 2245 d
276 2212 317 2245 iu
340 2215 520 2255 noctuque,
543 2208 635 2252 quod
660 2209 807 2243 fortasse
830 2219 898 2241 non
923 2208 1051 2241 falsum
1075 2212 1138 2250 est,
1163 2207 1222 2242 sed
1247 2207 1347 2241 unius
1370 2204 1455 2240 libri
1477 2215 1539 2240 au-

153 2272 314 2307 ctoritate
335 2282 403 2305 non
426 2270 509 2304 satis
534 2269 713 2303 firmatum
737 2267 894 2310 videtur3
922 2279 954 2303 V.
972 2269 1015 2303 ad
1041 2280 1070 2302 c.
1086 2270 1206 2310 XMV,
1219 2268 1253 2303 5.
1274 2272 1308 2302 et
1325 2267 1433 2309 Lxx,
1450 2266 1539 2301 1.—

155 2334 381 2376 corrumpere
404 2331 550 2365 verbum
574 2329 610 2363 in
633 2329 710 2363 cod.
735 2329 882 2363 Eccard.
914 2329 1081 2363 omissum
1106 2329 1244 2364 Curtius
1267 2334 1433 2371 tanquam
1456 2338 1540 2372 spu-

154 2394 248 2429 rium
272 2393 405 2427 uncinis
427 2390 586 2430 inclusit,
611 2390 794 2433 Tellerus,
818 2391 918 2435 quasi
943 2402 980 2424 re
1003 2394 1110 2431 certa,
1134 2389 1248 2425 eiecit.
1295 2389 1364 2423 Sed
1388 2388 1427 2422 hi
1450 2392 1542 2421 certe

156 2466 226 2490 non
247 2457 426 2488 senserunt
448 2456 661 2496 quantopere
683 2451 850 2486 orationis
872 2451 1076 2495 simplicitas
1092 2451 1159 2485 ista
1180 2462 1219 2485 re
1237 2451 1406 2493 turbetur,
1430 2458 1542 2492 neque

157 2515 378 2550 attenderunt
400 2515 445 2549 ad
470 2513 635 2548 Sallustii
657 2524 791 2547 morem
810 2501 1021 2546 narrationis
1047 2511 1096 2545 ita
1128 2510 1376 2550 instituendae,
1410 2512 1449 2541 ut
1477 2519 1540 2552 ge-

159 2575 274 2611 nerali
297 2576 483 2610 sententiae
506 2575 638 2616 aliam,
663 2584 734 2619 qua
757 2583 811 2607 res
834 2583 895 2616 per
918 2577 1035 2616 partes
1059 2571 1261 2616 explicetur,
1282 2570 1456 2613 subiiciat,
1481 2581 1541 2603 cu·

160 2636 216 2671 iun
239 2635 291 2670 rei
314 2634 399 2669 scite
422 2635 603 2670 admonuit
626 2634 802 2679 bangius.
833 2634 917 2667 coll.
949 2644 977 2666 c.
1004 2633 1136 2674 xxm,
1162 2632 1194 2666 l.
1226 2632 1358 2666 Cirtam
1383 2630 1457 2664 dies
1480 2642 1540 2663 no·

164 2702 299 2741 cteuque
323 2701 384 2730 aut
406 2707 468 2741 per
495 2696 564 2731 vim
587 2701 649 2730 aut
673 2696 760 2730 dolis
782 2700 979 2734 tentanu-
1003 2693 1306 2737 descnsoribus
1329 2691 1541 2725 moenium

163 2757 369 2803 praemia
391 2756 536 2800 modo,
570 2756 693 2792 modo
709 2755 1006 2800 formidinem
1031 2757 1285 2795 ostentare,
1319 2763 1415 2787 suos
1438 2752 1541 2786 hor-
